4050 6054
237 508 308 580 542

231 724 267 790 et
293 716 398 789 etiam
425 721 495 787 tam
522 716 719 807 canapalem
745 736 808 805 per
835 720 983 804 quatuor
1008 715 1156 803 ierugas
1184 718 1220 784 et
1246 717 1409 783 tenentur
1437 712 1529 782 illam
1548 711 1682 782 incolae
1700 731 1787 802 pro-

231 839 317 928 priis
344 836 501 908 curribus
529 835 654 907 ducere
679 837 715 906 in
742 837 904 907 horreum
932 833 1121 906 asecundo
1139 833 1390 923 praebendario
1409 831 1442 902 S.
1461 831 1642 902 Michaelis
1661 820 1786 903 locau-
1832 834 1840 843 ’

232 956 334 1045 dum,
360 963 397 1028 et
422 957 519 1026 valor
552 957 625 1026 eius
653 955 857 1026 aestimatur
884 955 928 1025 ad
955 974 1015 1026 sex
1042 973 1193 1041 marcas3
1220 974 1283 1042 pro
1312 953 1424 1023 altera
1450 958 1564 1023 autem
1590 950 1786 1023 medietate

232 1077 380 1167 percipit
416 1096 491 1146 eam
527 1075 725 1165 praebenda
759 1075 866 1145 tertia
900 1073 933 1145 S.
960 1074 1142 1145 Michaelis
1170 1078 1241 1143 tam
1268 1072 1516 1163 manipularem
1545 1092 1646 1162 quam
1677 1091 1786 1143 cana-

232 1196 365 1285 palem;
391 1196 427 1266 in
453 1216 543 1266 anno
571 1199 686 1266 autem
713 1195 823 1265 altero
849 1194 1025 1284 perceptio
1052 1193 1230 1283 praelatae
1257 1193 1408 1263 decimae
1435 1194 1471 1263 in
1489 1193 1572 1264 villa
1590 1191 1785 1283 episcopali

232 1314 389 1406 praelata
416 1315 697 1385 Branczicze
725 1314 978 1386 diversificatur
1004 1319 1041 1385 et
1066 1320 1230 1402 mutatur,
1257 1313 1405 1403 percipit
1424 1313 1514 1383 enim
1533 1332 1608 1382 eam
1626 1332 1691 1402 pro
1710 1332 1787 1383 una

233 1435 419 1506 medietate
447 1439 562 1506 custos
589 1434 622 1506 S.
648 1434 849 1523 Michaelis,
877 1441 913 1504 et
940 1455 1002 1523 pro
1029 1434 1171 1505 residua
1195 1432 1380 1504 medietate
1406 1434 1538 1522 primus
1564 1431 1786 1522 praebenda·

233 1554 306 1626 rius
341 1555 473 1644 primae
508 1552 727 1644 praebendae
754 1554 787 1624 S.
814 1554 1014 1643 MichaeliS,
1041 1559 1077 1624 et
1103 1553 1239 1643 aequali
1265 1559 1359 1624 sorte
1386 1553 1478 1623 inter
1505 1573 1542 1623 se
1569 1557 1640 1623 tam
1668 1552 1785 1623 mani-

233 1674 390 1766 pularem
426 1695 529 1764 quam
564 1674 760 1763 canapalem
796 1674 889 1745 illam
925 1675 1142 1763 partiuntur,
1168 1678 1273 1765 prout
1307 1675 1343 1744 in
1379 1673 1614 1763 superioribus
1650 1671 1788 1746 descri-

234 1795 374 1888 psimus.

340 1915 583 2005 Bnauczrczn,
610 1916 694 1986 villa
720 1917 783 1986 sub
811 1917 975 2006 parochia
1001 1915 1164 1986 ecclesiae
1192 1915 1235 1985 de
1253 1913 1558 2005 Mycdzwiecz
1586 1914 1662 2002 sita
1682 1914 1789 1985 cuius

234 2038 337 2127 plena
362 2012 558 2127 proprietas
585 2042 621 2106 et
647 2034 834 2106 dominium
862 2036 906 2106 ad
933 2036 1109 2107 custodem
1138 2041 1172 2105 et
1196 2036 1240 2106 ad
1258 2042 1329 2106 tres
1349 2035 1530 2105 canonicos
1548 2033 1581 2104 S.
1599 2033 1791 2105 Michaelis

234 2157 335 2246 pleno
361 2156 438 2226 iure
465 2160 501 2226 et
527 2156 662 2246 integro
689 2157 849 2245 pertinet,
877 2157 912 2226 in
940 2176 1008 2245 qua
1035 2161 1116 2227 sunt
1144 2162 1292 2245 quatuor
1319 2155 1410 2225 lanei
1429 2154 1622 2244 praediales
1640 2158 1677 2225 et
1696 2175 1790 2245 qua·

233 2282 315 2347 tuor
342 2277 581 2365 cmethonales,
608 2275 650 2346 de
677 2297 819 2347 numero
847 2281 962 2346 autcm
979 2276 1205 2365 praedialium
1223 2277 1328 2346 habet
1347 2276 1395 2346 ibi
1413 2274 1610 2365 praebenda
1628 2274 1791 2347 secunda

235 2397 268 2468 S.
294 2396 475 2468 Michaelis
502 2396 639 2467 domum
667 2396 816 2467 dotalem
844 2397 917 2467 sive
945 2397 1074 2466 curiam
1102 2402 1138 2468 et
1156 2416 1258 2486 agros
1277 2395 1480 2485 praediales,
1499 2395 1543 2465 ad
1561 2415 1667 2465 unum
1684 2416 1791 2466 man-

236 2537 311 2587 sum
338 2517 471 2606 largum
497 2515 767 2587 theutonicalem
795 2537 831 2585 se
859 2517 1109 2586 extendentem.
1149 2517 1236 2587 Item
1264 2520 1366 2604 prata
1391 2516 1483 2587 bcna
1508 2535 1614 2604 supra
1639 2513 1792 2586 fluvium

235 2635 498 2707 Srzeniawa
533 2636 697 2726 iacentia,
725 2641 760 2706 et
795 2636 914 2707 laneus
948 2637 1020 2707 sive
1055 2657 1193 2706 mansus
1222 2635 1397 2725 praefatus
1425 2642 1479 2706 est
1506 2634 1630 2705 fundus
1656 2634 1792 2708 unicus

236 2755 405 2828 secundae
439 2755 674 2845 praebendae,
702 2777 803 2845 quem
840 2757 920 2846 quia
947 2757 1039 2827 solus
1066 2756 1338 2846 praebendarius
1366 2756 1536 2827 secundae
1563 2756 1794 2845 praebendae

235 2877 289 2947 vel
317 2899 385 2947 non
412 2882 537 2966 potest,
564 2876 618 2947 vel
646 2898 714 2947 non
741 2877 815 2947 vult
842 2878 963 2966 colere,
989 2877 1117 2948 locarit
1135 2898 1210 2947 cum
1230 2879 1419 2966 cmethone‚
1439 2877 1498 2966 qui
1517 2875 1662 2965 singulis
1681 2879 1793 2950 annis

235 3002 373 3069 tenetur
409 2998 543 3068 solvere
578 2996 734 3087 praelato
770 2998 918 3068 secundo
954 2998 1205 3087 praebendario
1238 3003 1387 3087 quatuor
1413 3017 1547 3067 marcas
1574 3017 1638 3085 pro
1666 3016 1792 3070 annuo

236 3138 348 3188 censu.
375 3117 491 3189 Habet
516 3123 631 3187 tamen
658 3117 834 3206 praefatus
861 3117 1030 3189 sccundus
1058 3118 1327 3207 praebendarius
1355 3117 1387 3187 S.
1406 3116 1587 3187 Michaelis
1605 3136 1668 3205 pro
1689 3119 1793 3189 omni

235 3216 391 3328 tempore
417 3236 626 3326 facultatem,
654 3238 867 3308 cmethonem
895 3238 937 3309 de
964 3258 1048 3328 agro
1075 3237 1244 3328 praedioli
1269 3238 1449 3327 deponere,
1478 3241 1514 3308 ct
1531 3257 1594 3326 per
1612 3256 1649 3307 se
1667 3237 1792 3310 colere

236 3363 272 3429 et
298 3377 408 3429 arare.

339 3478 427 3550 Item
453 3477 610 3568 praelata
636 3478 786 3549 secunda
811 3479 1008 3568 praebenda
1035 3478 1067 3556 S.
1086 3479 1267 3556 Michaelis
1286 3479 1473 3553 secundum
1492 3478 1607 3547 omnia
1623 3482 1795 3567 regestra'

238 3599 403 3672 ccclesiae
431 3598 670 3677 cracoviensis
697 3604 819 3679 taxata
845 3605 898 3671 est
925 3598 969 3677 ad
996 3653 1004 3677 .
1032 3653 1039 3675 .
1066 3654 1074 3678 ,

627 3865 770 3946 Tertia
805 3866 1045 3971 praebenda
1078 3865 1120 3945 8.
1155 3865 1387 3947 Michaelis.

341 4087 494 4157 Tertiam
521 4086 753 4175 praebendam
779 4085 812 4157 S.
839 4086 1021 4158 Michaelis
1048 4088 1083 4157 in
1112 4092 1225 4158 castro
1253 4084 1473 4157 Cracoviensi
1500 4089 1607 4156 tenet·
1622 4090 1659 4156 et
1675 4086 1790 4160 habet

236 4228 326 4278 nunc
351 4206 528 4278 lohannes
555 4205 897 4298 Glamboczsky,
924 4208 1049 4279 nobilis
1077 4207 1119 4277 de
1146 4205 1247 4278 domo
1274 4206 1473 4295 Navium,
1501 4207 1597 4277 cuius
1623 4208 1787 4297 proprie·

237 4335 309 4417 tos,
346 4328 484 4400 collatio
520 4335 555 4399 91
590 4329 848 4418 iuspatronatus
883 4328 1035 4418 pertinet
1069 4328 1113 4399 ad
1148 4328 1346 4418 episcopum
1380 4325 1691 4400 Vladislariensem
1717 4348 1788 4418 pro

236 4456 401 4539 tempore,
429 4470 516 4538 quae
541 4469 606 4539 pro
633 4470 696 4520 sua
723 4449 899 4521 dotatione
926 4454 963 4519 et
988 4447 1092 4520 fundo
1120 4440 1307 4539 pr'cventus
1332 4446 1440 4518 habet
1464 4446 1713 4537 infrascriptos.

344 4569 591 4658 Bnnuczucza
617 4569 701 4639 rilla
727 4569 791 4640 sub
818 4567 981 4658 parochia
1008 4567 1170 4639 ccclesiae
1198 4567 1240 4638 de
1267 4568 1466 4639 Beszcze
1492 4567 1569 4657 sita,
1588 4566 1684 4638 cuius
1703 4587 1789 4657 pro-

236 4690 367 4781 prietas
402 4695 439 4760 et
470 4687 658 4761 dominium
693 4688 737 4759 ad
764 4667 962 4779 episcopum
990 4687 1261 4759 Cracoviensem'
1277 4708 1341 4777 pro
1367 4692 1524 4779 tempore
1549 4687 1720 4778 pertinet,
1747 4688 1786 4760 in

238 4830 307 4901 qua
341 4814 424 4882 sunt
454 4807 571 4880 decem
597 4809 690 4880 lanei
716 4808 949 4881 cmethonales
975 4807 1232 4898 tantummodo,
1259 4806 1303 4879 dc
1329 4829 1475 4897 quorum
1500 4806 1686 4879 medietate
1712 4828 1788 4881 9119

237 4935 371 5003 tantum
407 4951 497 5002 anno
533 4931 681 5021 percipit
716 4929 881 5002 decimam
912 4930 1160 5020 manipularem
1187 4927 1385 5019 praebenda
1410 4929 1516 5000 191119
1542 4927 1574 4998 S.
1600 4925 1789 5002 Michaelis

237 5056 273 5123 et
298 5053 404 5123 ctiam
430 5057 503 5124 tam
529 5051 729 5141 canapalem
746 5072 810 5143 per
828 5055 975 5142 quatuor
993 5052 1141 5141 ierugas,
1160 5056 1196 5121 et
1214 5054 1377 5121 tenentur
1392 5048 1489 5121 illam
1506 5048 1639 5120 incolae
1656 5048 1789 5153 ducere

236 5173 388 5265 propriis
423 5172 582 5244 curribus
616 5173 653 5243 in
680 5173 842 5244 borreum
869 5193 891 5242 a
916 5172 1020 5242 tertio
1047 5171 1298 5262 praebendario
1325 5169 1358 5242 S.
1384 5168 1566 5242 Michaelis
1591 5166 1790 5262 locandum,

237 5298 274 5365 91
299 5294 397 5367 valor
423 5294 626 5366 aestimatur
652 5294 727 5365 eius
754 5294 798 5365 ad
825 5314 886 5365 sex
912 5312 1066 5381 marcas;
1092 5314 1156 5383 pro
1184 5293 1294 5363 altera
1320 5312 1403 5363 vero
1429 5289 1615 5362 medietate
1633 5289 1791 5384 percipit

237 5434 312 5489 earn
337 5413 536 5509 praebenda
562 5413 712 5490 secunda
738 5412 771 5486 S.
797 5412 978 5489 Michaelis
1004 5418 1075 5486 tam
1102 5413 1351 5505 manipularem
1379 5433 1481 5504 quam
1500 5408 1722 5506 canapalem
1746 5410 1790 5487 in
