4050 6054
1724 457 1771 529 41

227 667 388 757 taberna,
407 666 490 739 item
508 666 599 738 lanei
617 666 863 753 emethonales,
885 667 968 737 item
991 673 1065 738 tres
1087 665 1306 737 hortulaniae
1328 664 1497 737 habentes
1520 676 1623 755 agros
1646 665 1778 755 specia-

226 789 293 879 les,
319 787 505 878 dequibus
532 789 689 859 omnibus
708 788 856 878 percipit
873 788 1040 857 decimam
1057 786 1306 877 manipularem
1323 786 1491 875 plebanus
1518 792 1555 857 et
1581 785 1725 858 ecclesia
1741 788 1778 863 iu
1911 791 1916 797 ’

227 907 483 1000 Srzenyawa,
509 915 546 980 et
572 909 670 980 valor
688 910 761 980 eius
780 908 985 979 aestimatur
1002 906 1048 980 ad
1065 928 1125 980 sex
1149 928 1292 979 marcas.

331 1029 420 1102 Item
450 1030 557 1100 habet
584 1036 740 1102 octavam
759 1029 1008 1119 manipularem
1026 1028 1193 1100 decimam
1220 1029 1254 1098 in
1283 1026 1591 1120 Sulislawycze,
1613 1028 1697 1100 villa
1714 1030 1779 1102 sub

229 1148 395 1241 parochia
412 1149 575 1220 ecclesiae
594 1149 698 1220 etiam
716 1150 752 1219 in
771 1149 1023 1240 Srzenyawa,
1046 1149 1142 1220 cuius
1159 1149 1283 1220 haeres
1301 1147 1475 1221 Martinus
1499 1147 1781 1243 Sulislawsky,

229 1269 357 1344 mobilis
374 1269 417 1339 de
435 1269 536 1341 domo
555 1269 804 1361 Srzenyava.
839 1269 879 1339 ln
899 1289 966 1359 qua
984 1275 1065 1340 sunt
1091 1269 1240 1359 quinque
1258 1269 1350 1341 lanei
1368 1270 1618 1359 emethonales,
1645 1271 1688 1342 de
1707 1271 1782 1361 qni-

230 1389 296 1463 bus
322 1390 480 1463 omnibus
507 1391 653 1462 solvitur
680 1391 812 1461 decima
846 1389 1071 1480 manipularis
1105 1389 1323 1479 praebendae
1359 1389 1537 1479 praelatae
1573 1399 1610 1462 et
1644 1391 1782 1463 ducitur

231 1531 294 1601 per
327 1510 458 1583 incolas
493 1512 644 1603 propriis
673 1511 831 1583 curribus
858 1512 894 1581 in
920 1511 1083 1581 horreum
1119 1531 1141 1582 a
1167 1511 1330 1583 canonico
1354 1510 1563 1602 eligendum,
1585 1517 1622 1582 et
1643 1512 1783 1586 solvunt

231 1631 399 1703 decimam
416 1632 539 1722 canapi
564 1652 628 1729 per
646 1638 796 1723 quatuor
822 1632 960 1722 ierugas
990 1638 1027 1703 et
1044 1631 1249 1705 aestimatur
1274 1633 1373 1704 valor
1399 1633 1474 1705 eius
1496 1631 1541 1703 ad
1559 1651 1621 1704 sex
1640 1652 1784 1706 marcas.

232 1751 321 1825 Item
347 1758 402 1825 est
427 1753 464 1824 in
482 1752 602 1824 eadem
618 1752 702 1824 villa
726 1754 822 1824 curia
844 1752 1005 1824 militaris
1032 1752 1163 1824 habens
1181 1772 1285 1844 agros
1302 1753 1515 1844 praedium,
1542 1753 1626 1825 item
1644 1774 1714 1827 una
1729 1760 1784 1826 ta·

232 1870 351 1962 berna,
368 1873 453 1945 item
466 1879 539 1945 tres
552 1872 770 1945 hortulaniae
784 1858 952 1945 habentes
966 1892 1068 1964 agros
1082 1873 1258 1964 speciales,
1275 1873 1318 1946 de
1333 1874 1457 1965 quibus
1471 1875 1628 1947 omnibus
1637 1874 1785 1966 percipit

234 1992 400 2067 decimam
417 1994 667 2087 manipularem
685 1995 852 2085 plebanus
870 2001 907 2067 et
925 1993 1069 2067 ecclesia
1085 1995 1121 2065 in
1140 1994 1392 2088 Srzenyawa

337 2112 524 2204 Zsrcnow,
551 2116 634 2187 villa
660 2116 724 2188 sub
748 2115 914 2206 parochia
931 2115 973 2186 de
996 2115 1244 2208 Srzenyavo
1261 2117 1343 2208 sita,
1371 2117 1467 2189 cuius
1485 2117 1608 2189 haeres
1621 2115 1785 2190 Nicolans

236 2232 517 2332 Trzebp'ensky
545 2235 587 2308 de
607 2237 711 2308 armis
737 2236 989 2329 Srzenyawa.
1028 2234 1069 2307 In
1084 2257 1152 2327 qua
1179 2243 1234 2308 est
1258 2237 1397 2309 unicum
1419 2236 1600 2329 praedium
1621 2237 1786 2327 militare,

236 2353 373 2446 dequo
401 2355 591 2428 decimatur
618 2358 781 2428 ecclesiae
820 2359 857 2428 in
892 2356 1150 2448 Srzenyawa,
1186 2358 1284 2430 valor
1310 2359 1384 2431 eius
1410 2364 1484 2430 tres
1510 2379 1655 2430 marcae.
1699 2359 1787 2430 Item

236 2483 318 2549 sunt
335 2478 384 2549 ibi
403 2485 554 2568 quatuor
567 2479 659 2550 lanei
674 2478 917 2569 cmethonales,
931 2478 974 2551 de
989 2478 1113 2569 quibus
1132 2478 1323 2551 decimatur
1335 2478 1554 2569 praebendae
1567 2477 1788 2551 Oracoviensi

236 2594 550 2670 Krzesszowska
577 2606 612 2671 et
626 2601 724 2670 valor
742 2602 816 2672 eius
844 2600 1048 2672 aestimatur
1071 2600 1115 2672 ad
1136 2607 1284 2690 quatuor
1306 2620 1455 2689 marcas;
1481 2601 1563 2671 item
1583 2598 1626 2670 de
1640 2599 1789 2671 residuis

237 2715 345 2811 laneis
372 2727 408 2788 et
434 2719 576 2808 praedio
595 2719 786 2791 decimatur
805 2722 968 2793 ecclesiae
987 2722 1023 2792 in
1041 2721 1294 2813 Srzenyawa.

208 2852 211 2857 ·
339 2839 425 2911 Item
441 2841 639 2931 praebenda
656 2841 814 2931 praefata
831 2843 937 2914 habet
953 2843 1118 2915 vicariam
1135 2849 1338 2933 perpetuam
1356 2843 1392 2913 in
1406 2842 1549 2914 ecclesia
1560 2841 1790 2931 cracoviensi,

177 2942 184 2957 ’
238 2961 335 3032 cuius
354 2963 537 3034 canonicus
559 2984 624 3053 pro
642 2969 797 3054 tempore
816 2965 936 3036 unicus
963 2971 1016 3037 est
1035 2963 1181 3036 collator
1203 2970 1239 3035 et
1257 2971 1437 3053 patronus,
1464 2984 1568 3055 quam
1584 2982 1676 3034 nunc
1693 2968 1792 3034 tenet

238 3079 391 3154 Joannes
409 3083 451 3155 de
470 3083 693 3176 Szyepraw.
729 3084 823 3174 Quae
841 3106 905 3176 pro
932 3086 985 3156 sui
1004 3085 1103 3175 dote,
1122 3086 1337 3175 proprietate
1360 3091 1396 3156 et
1415 3084 1535 3175 titulo,
1561 3084 1668 3156 habet
1685 3084 1791 3156 habe·

106 3292 109 3297 Ι
238 3221 344 3294 reque
371 3205 549 3277 conaverit
575 3226 679 3277 unam
697 3205 863 3278 decimam
890 3205 1138 3297 manipularem
1166 3206 1303 3277 invilla
1329 3205 1621 3297 Karnyowicze
1648 3205 1713 3276 sub
1730 3225 1792 3294 pa-

239 3323 359 3396 rochia
375 3326 539 3396 ecclesiae
558 3326 601 3397 de
614 3326 933 3416 Bolechovvicze,
951 3328 1048 3399 cuius
1066 3327 1234 3399 haeredes
1252 3334 1334 3398 sunt
1353 3325 1512 3397 Andreas
1531 3345 1607 3397 cum
1625 3324 1792 3396 iratribus

239 3447 412 3535 germanis
438 3447 722 3546 deuThancryn
751 3450 793 3520 de
812 3451 918 3522 armis
935 3449 1214 3540 Bippenniom.
1258 3449 1298 3519 In
1318 3470 1386 3539 qua
1412 3455 1494 3521 sunt
1512 3468 1572 3519 sex
1594 3447 1687 3519 lanei
1704 3465 1794 3518 cme·

120 3669 122 3673 ¹
239 3567 412 3658 thonales,
435 3569 518 3639 item
533 3590 602 3639 uua
617 3571 764 3641 taberna
777 3571 908 3642 babens
928 3590 1030 3661 agros
1049 3570 1229 3660 speciales
1247 3571 1330 3640 item
1349 3590 1410 3640 sex
1423 3568 1609 3658 hortulani,
1625 3567 1793 3639 babentes

240 3706 344 3779 agros
361 3687 528 3777 speciales
546 3690 639 3761 ultra
656 3711 759 3779 agros
779 3692 1011 3779 emethonum,
1038 3690 1080 3761 de
1100 3691 1224 3780 quibus
1243 3690 1401 3762 omnibus
1420 3690 1549 3779 absque
1568 3687 1794 3760 diminutione

242 3808 381 3881 solvunt
400 3809 532 3882 incolae
550 3810 699 3901 praefati
717 3812 884 3884 decimam
912 3811 1161 3901 manipularem
1180 3810 1329 3880 vicariae
1348 3815 1384 3881 et
1402 3808 1531 3880 ducunt
1550 3829 1626 3880 eam
1645 3807 1795 3899 propriis

241 3930 401 4003 curibus
422 3931 458 4002 in
476 3931 639 4004 horreum
662 3954 683 4003 a
700 3934 829 4004 vicario
848 3928 1059 4023 eligendum,
1082 3937 1118 4003 et
1136 3930 1249 4002 dando
1272 3950 1336 4020 pro
1354 3930 1487 4001 decima
1506 3930 1629 4020 canapi
1647 3934 1797 4019 quatuor

243 4051 421 4124 iuncturas
444 4057 480 4124 et
502 4055 706 4125 aestimatur
732 4053 831 4126 valor
853 4054 1004 4126 decimae
1032 4052 1210 4143 praelatae
1229 4051 1274 4123 ad
1294 4051 1411 4123 decem
1429 4070 1572 4122 marcas.
1608 4050 1674 4121 Est
1689 4050 1797 4121 etiam

243 4170 292 4243 ibi
310 4172 490 4266 praedium
507 4175 666 4264 militare,
694 4175 736 4247 de
754 4176 852 4247 cuius
871 4175 964 4265 agris
983 4175 1130 4247 solvitur
1158 4174 1289 4246 decima
1311 4172 1537 4263 manipularis
1556 4171 1660 4243 altari
1677 4170 1797 4242 Trium

241 4292 377 4385 Regum
402 4296 438 4366 in
458 4295 590 4385 capella
612 4297 827 4367 dominorum
860 4295 902 4367 de
921 4296 1022 4368 Rosis
1045 4296 1209 4368 ecclesiae
1232 4293 1479 4366 Cracoviensis.
1515 4292 1626 4366 Valor
1645 4292 1798 4363 decimae

235 4415 431 4506 praedialis
454 4417 658 4489 aestimatur
690 4418 734 4489 ad
764 4424 837 4489 tres
864 4437 1006 4489 marcas.
1060 4417 1127 4487 Est
1158 4417 1263 4486 etiam
1294 4416 1343 4486 ibi
1371 4436 1460 4486 unus
1491 4416 1610 4484 laneus
1637 4412 1722 4483 satis
1749 4409 1799 4481 la-

245 4543 313 4629 tus,
339 4544 482 4611 vocatus
500 4538 782 4629 Poswyatbni,
805 4538 848 4610 de
875 4560 943 4629 quo
971 4537 1162 4609 decimatur
1188 4556 1252 4626 pro
1279 4536 1438 4607 custodia
1463 4534 1580 4606 Sancti
1607 4531 1746 4621 Aegidii
1763 4531 1799 4599 in

247 4658 454 4731 Cracovia.
519 4738 521 4744 ,

348 4781 436 4853 Item
446 4784 645 4872 praebenda
659 4781 817 4872 praelata
826 4787 948 4854 taxata
962 4781 1123 4853 estiuxta
1132 4780 1276 4871 antiqua
1290 4783 1447 4869 regestra
1461 4777 1506 4850 ad
1516 4774 1639 4865 viginti
1656 4791 1800 4843 marcas.

247 4962 251 4969 ’
289 4957 533 5041 Praebenda
568 4965 611 5041 el
639 4962 913 5041 canonicatus
945 4957 1246 5040 cracoviensis
1277 4953 1523 5036 Goreczska
1558 4953 1596 5030 in
1621 4951 1756 5031 choro

930 5097 1123 5179 dextero.

351 5250 556 5327 Praebenda
591 5262 627 5325 et
658 5252 880 5324 canonicatus
912 5247 1163 5339 Goreczska,
1195 5267 1298 5339 quam
1328 5263 1419 5316 nunc
1450 5246 1548 5316 tenet
1578 5239 1730 5313 Jacobus
1761 5239 1804 5312 de

245 5373 642 5469 Radoschownycza,
674 5371 799 5446 nobilis
836 5371 878 5443 de
910 5371 1016 5442 armis
1047 5367 1247 5458 Pobodze,
1280 5386 1368 5459 quae
1400 5364 1507 5438 habet
1533 5383 1597 5455 pro
1628 5362 1710 5437 dote
1741 5380 1806 5434 sua

352 5541 400 5585 Lib.
415 5541 511 5584 nenena.
1599 5504 1617 5563 6
