4080 6068
1735 547 1756 620 9

213 760 316 837 quarn
341 745 413 820 lere
439 749 636 821 nniversam
664 747 819 821 incolunt
837 749 979 839 nobiles,
1006 757 1042 821 et
1063 749 1191 822 limitat
1217 750 1318 823 villas
1344 751 1437 840 ipsas
1463 749 1631 826 fossatum
1656 773 1759 828 voca·

212 873 287 938 tum
305 868 423 961 Sady
446 876 482 940 et
499 875 601 960 prata
619 870 771 961 parvula,
791 870 883 941 inter
901 891 989 960 quae
1007 871 1118 941 currit
1135 872 1299 962 parvulus
1317 878 1465 961 torrens,
1481 872 1619 962 quando
1631 872 1759 976 imbres

213 987 435 1060 descendunt.
452 990 541 1061 Item
560 995 613 1061 est
631 991 771 1080 gagium
791 996 826 1060 et
843 991 977 1081 rubeta,
995 991 1166 1083 usquead
1184 992 1330 1062 meritas
1348 990 1443 1062 Kob
1453 991 1591 1084 ylany
1616 992 1760 1064 tenden-

212 1110 273 1199 tia,
301 1117 336 1180 et
362 1111 412 1182 ibi
438 1117 522 1183 tnnc
540 1119 683 1183 currunt
711 1112 787 1201 agri
812 1111 915 1182 villae
941 1111 1327 1200 Radwanowicze,
1353 1130 1460 1201 penes
1486 1113 1632 1183 mericas
1658 1112 1761 1184 villae
1900 1175 1902 1183 ,

213 1228 476 1324 Kobylany,
504 1232 682 1322 usquead
707 1232 958 1303 haereditatem
989 1232 1223 1323 Sczklary.
1254 1231 1414 1303 Confluat
1445 1233 1549 1304 etiam
1577 1253 1653 1304 cum
1679 1232 1790 1304 villa.

214 1349 407 1423 Sczklar
414 1375 437 1444 y
466 1374 576 1443 usqne
595 1353 639 1423 ad
658 1350 821 1447 praediea
843 1359 880 1423 et
901 1353 1028 1423 limites
1046 1352 1149 1424 villae
1167 1352 1287 1443 Lazy
1314 1358 1350 1424 et
1368 1352 1527 1424 dividunt
1544 1353 1644 1424 villas
1661 1373 1762 1442 prae-

214 1470 324 1542 dictas
352 1473 427 1561 agri
446 1473 488 1544 de
507 1473 760 1565 Kobyluny,
787 1474 982 1544 mixti‘cnm
1001 1472 1095 1562 agris
1122 1472 1224 1544 villae
1256 1472 1385 1563 Lazy.
1412 1472 1629 1544 Aestimatur
1646 1478 1762 1544 autem

214 1591 312 1661 valor
343 1591 493 1664 decimae
521 1595 556 1664 in
576 1594 874 1684 Brzeszynha
892 1594 936 1664 ad
955 1591 1148 1682 quindecim
1175 1613 1318 1663 marcas.

293 1712 458 1804 xZanno,
486 1714 659 1804 oppidum.
694 1715 782 1785 Item
805 1712 981 1804 praelatus
1018 1712 1205 1784 decanatus
1227 1713 1334 1784 habet
1360 1712 1509 1785 decimas
1531 1715 1763 1805 manipulares

214 1832 461 1923 infrascriptos.
479 1834 596 1904 Primo
615 1836 650 1904 in
670 1834 795 1924 oppido
814 1833 966 1905 Zabno
995 1855 1101 1923 supra
1117 1834 1257 1904 fluvium
1275 1833 1519 1925 Dunayecz
1546 1836 1622 1925 sito,
1640 1836 1677 1906 in
1696 1857 1763 1925 quo

215 1962 269 2025 est
287 1954 432 2025 ecclesia
449 1953 667 2042 parochialis,
699 1954 795 2024 cuius
823 1953 946 2024 haeres
964 1949 1101 2025 ratione
1118 1954 1241 2025 matris
1267 1953 1445 2025 lohannes
1475 1955 1764 2047 Rabstinsky

216 2072 258 2143 de
286 2073 529 2162 Krasznyk
562 2071 723 2144 dedomo
743 2073 1023 2163 Bipennium‚
1050 2074 1086 2144 in
1110 2096 1177 2164 quo
1205 2074 1384 2147 duodecim
1397 2074 1490 2145 lanei
1505 2074 1764 2165 oppidanorum,

217 2194 259 2263 de
279 2193 403 2282 quibus
417 2192 563 2264 solvitur
578 2193 710 2263 decima
722 2193 947 2283 manipularis
965 2195 1148 2266 decanatui
1161 2198 1198 2265 et
1211 2193 1349 2265 ducitur
1366 2194 1516 2284 propriis
1531 2195 1688 2267 curribus
1701 2215 1765 2284 per

80 2404 87 2410 ,
217 2313 443 2402 oppidanos
434 2335 469 2382 m
487 2313 649 2384 horreum
677 2334 739 2403 per
758 2314 924 2385 decanum
942 2314 1138 2405 eligendum
1165 2321 1201 2386 et
1185 2315 1359 2387 tsolvunt
1376 2313 1543 2386 decimam
1562 2317 1685 2406 canapi
1703 2335 1765 2406 ρετ

217 2440 365 2522 quatuor
384 2434 561 2504 iuncturas
588 2438 624 2504 et
651 2435 855 2506 aestimatur
890 2435 988 2506 valor
1014 2436 1089 2506 eius
1116 2434 1160 2506 ad
1186 2435 1353 2506 tredecim
1379 2454 1522 2507 marcas.
1549 2435 1615 2507 Est
1641 2436 1690 2505 ibi
1708 2456 1765 2506 cu·

216 2555 269 2622 ria
296 2536 465 2643 militaris,
492 2555 623 2624 habens
650 2575 752 2644 agros
777 2555 981 2645 praediales‚
999 2554 1083 2626 item
1102 2576 1190 2626 unns
1217 2556 1345 2645 laneus,
1365 2556 1424 2645 qui
1450 2562 1528 2627 erat
1545 2555 1703 2628 advocati
1731 2561 1767 2626 et
1840 2631 1842 2634 Α

217 2658 316 2762 quern
338 2646 470 2763 haeres,
489 2675 544 2744 cni
562 2674 645 2765 vult,
665 2675 826 2746 conducit
843 2675 888 2746 ad
906 2674 1211 2764 colendum3t1em
1230 2675 1449 2747 hortulaniae
1467 2675 1635 2748 habentes
1654 2695 1767 2766 ugron,

68 2857 73 2865 ,
216 2793 258 2862 (Ιε
286 2793 409 2882 quibus
437 2795 594 2865 omnibus
622 2796 769 2866 solvitur
796 2780 929 2867 decima
954 2797 1179 2886 manipularis
1193 2796 1340 2887 plebano
1360 2802 1396 2867 ot
1410 2795 1574 2867 ecclesiae
1588 2796 1740 2868 ibidem
1730 2817 1765 2865 m

215 2913 383 3003 Zabn03
401 2915 500 2987 valor
517 2916 591 2987 eius
610 2917 815 2988 aestimatur
833 2915 878 2988 ad
896 2922 969 3021 tres
986 2938 1130 2990 marcas.

319 3034 490 3125 Konnnr,
508 3037 591 3108 villa
610 3038 673 3108 sub
692 3038 857 3127 parochia
888 3037 1052 3111 eeclesiae
1084 3037 1126 3108 de
1158 3035 1422 3127 Otphy'now,
1445 3036 1542 3108 cuius
1571 3038 1767 3129 proprietas

216 3156 368 3246 pertinet
382 3154 426 3226 ad
439 3158 686 3228 monasterium
701 3164 737 3228 et
750 3159 985 3249 praepositum
1004 3158 1039 3228 in
1061 3156 1498 3249 Krzyszanowycze,
1519 3157 1649 3229 ordinis
1668 3177 1768 3247 prae-

217 3277 499 3364 monstratensis3
527 3278 561 3347 in
581 3298 649 3367 qna
667 3285 749 3349 sunt
766 3300 827 3350 sex
845 3280 946 3369 lanei,
975 3278 1017 3349 de
1045 3279 1169 3368 quibus
1197 3277 1329 3349 decima
1357 3276 1503 3349 solvitur
1532 3278 1715 3349 decanatui
1733 3282 1769 3348 et

218 3396 355 3467 ducitur
373 3417 435 3487 per
453 3399 650 3469 cmethones
669 3400 704 3469 in
722 3399 885 3470 horreum
905 3421 926 3470 a
944 3398 1073 3470 decano
1092 3399 1286 3490 eligendum
1310 3403 1346 3469 et
1367 3398 1507 3470 solvunt
1529 3398 1694 3469 decimam
1713 3416 1769 3468 ca-

219 3518 299 3606 napi
322 3537 385 3607 per
413 3525 562 3607 quatuor
589 3521 766 3592 iuncturas
792 3526 829 3592 et
847 3521 1052 3592 aestimatur
1078 3521 1176 3591 valor
1199 3520 1351 3591 decimae
1378 3520 1423 3589 ad
1451 3520 1601 3609 quinque
1628 3537 1770 3589 marcas.

219 3637 296 3710 Non
316 3645 370 3709 est
383 3639 432 3711 ibi
451 3641 547 3710 cuna
566 3641 785 3732 coenobialis,
801 3661 914 3733 neque
932 3640 1120 3730 praedium,
1140 3660 1250 3731 neque
1268 3640 1426 3727 taberna,
1444 3659 1555 3727 nequo
1574 3636 1770 3723 hortulani3

218 3759 278 3829 sed
297 3765 378 3830 sunt
394 3765 480 3850 quat
481 3781 545 3831 nor
563 3761 728 3832 nobilium
755 3761 881 3852 curiae,
907 3759 1054 3832 totidem
1071 3760 1201 3830 habent
1186 3766 1239 3830 tes
1258 3759 1410 3848 praedia,
1429 3758 1472 3827 de
1491 3757 1615 3846 quibus
1639 3756 1771 3826 decima

218 3880 442 3970 manipularis
461 3881 565 3950 solvit
549 3885 608 3951 tur
625 3881 801 3971 plebano
792 3903 827 3951 m
846 3879 965 3969 Otph
975 3902 998 3970 y
1009 3901 1113 3951 now.
1860 3952 1876 3975 χ,

322 4000 555 4090 Nrncznczn,
574 4001 657 4072 villa
676 4002 752 4071 sub
758 4001 922 4091 parochia
940 4000 1103 4071 ecclesiae
1123 3998 1239 4071 deOt
1223 3999 1439 4089 tphynow
1471 4003 1516 4068 s1
1518 4018 1547 4086 a
1575 3997 1671 4068 cuins
1689 3997 1771 4068 hae·
1865 4078 1868 4083 Α

218 4143 274 4192 res
291 4127 428 4193 rorone
446 4121 764 4194 maJohannesrrs
791 4121 1083 4212 Rabstinsky
1115 4120 1157 4190 do
1184 4116 1438 4208 Krasznyk.
1469 4117 1510 4188 ln
1534 4140 1602 4208 qua
1620 4124 1772 4191 t-antum
1847 4178 1850 4184 .

218 4242 320 4313 modo
339 4249 420 4314 suut
438 4243 506 4315 duo
524 4244 616 4315 lanei
634 4243 877 4332 cmethonales,
896 4243 938 4313 de
957 4242 1081 4333 quibus
1108 4241 1274 4339 decimam
1306 4240 1623 4332 manipularemet
1650 4240 1772 4336 canapi

219 4383 282 4453 per
305 4349 490 4453 quatuor
480 4369 658 4434 iuncturas
684 4363 832 4454 percipit
860 4363 1072 4434 decanust
1036 4368 1072 4434 et
1100 4332 1238 4437 diodor
1255 4383 1318 4452 per
1336 4368 1426 4436 cmet
1411 4363 1562 4434 thonos
1553 4385 1589 4433 m
1608 4363 1772 4433 horreum

220 4502 283 4572 per
300 4503 379 4555 eum
398 4483 591 4573 ehgendum
611 4490 646 4554 et
665 4490 740 4555 aest
741 4484 826 4554 imat
827 4504 869 4554 ur
811 4484 1033 4556 tvalor
1004 4505 1078 4555 erus
1097 4483 1244 4555 adduas
1263 4505 1406 4556 marcas.
1433 4484 1537 4556 Ultra
1555 4489 1671 4554 antem
1686 4483 1772 4552 istos

221 4590 307 4695 duos
324 4604 453 4692 laneos,
473 4609 554 4674 sunt
571 4605 608 4675 in
626 4603 746 4675 eadem
764 4605 848 4675 villa
875 4605 934 4675 alii
961 4605 1053 4676 lanei
1080 4604 1322 4694 cmethonales,
1353 4604 1396 4676 do
1425 4605 1550 4695 quibus
1580 4600 1772 4690 manipula·

220 4744 293 4795 rem
321 4722 487 4795 decimam
513 4726 661 4815 percipit
679 4725 860 4815 episcopus
879 4724 1126 4797 cracoviensis.
1154 4724 1242 4796 Sunt
1259 4731 1442 4815 praeterea
1469 4724 1518 4795 ibi
1545 4723 1604 4793 alii
1625 4726 1774 4811 quatuor
1825 4771 1833 4780 .

220 4846 321 4937 lanei,
348 4865 494 4935 quornm
511 4847 707 4936 proprietas
725 4847 880 4935 pertinet
898 4846 943 4917 ad
961 4844 1250 4936 praebendarium
1268 4846 1304 4915 iu
1323 4842 1434 4916 Oths
1441 4865 1495 4934 yn
1508 4863 1588 4929 ow3
1616 4838 1776 4909 similiter
1912 4884 1915 4889 ,

206 4971 267 5059 ,ετΙ
283 4986 353 5037 una
377 4965 525 5038 taberna
542 4966 674 5038 babens
692 4988 804 5057 agros,
830 4965 872 5036 de
900 4967 1026 5056 quibus
1051 4971 1088 5037 et
1115 4986 1253 5036 censum
1281 4971 1317 5035 et
1343 4965 1480 5034 labores
1507 4959 1656 5050 percipit
1682 4957 1776 5029 solus

221 5086 492 5176 praebendarius
511 5087 547 5158 in
574 5086 696 5178 Otbp
702 5109 758 5179 yn
771 5108 841 5159 ow.
868 5085 934 5158 Est
952 5088 1057 5158 etiam
1075 5087 1124 5157 ibi
1142 5087 1289 5156 taberna
1307 5083 1427 5170 altera,
1455 5081 1552 5151 cuins
1578 5079 1777 5168 proprietas

221 5226 298 5278 cnm
316 5209 463 5280 caeteris
481 5208 615 5279 iuribus
634 5207 678 5279 ad
696 5206 882 5297 plebanum
900 5202 938 5277 in
954 5206 1107 5278 Zabno
1125 5206 1286 5295 pertinet.
1314 5201 1395 5273 Non
1411 5206 1466 5272 est
1483 5200 1532 5270 ibi
1550 5200 1649 5271 curia
1666 5219 1776 5291 neque

221 5327 410 5418 praedium.
1777 5310 1784 5319 ¹

326 5447 480 5539 Ozrzow,
504 5446 589 5520 villa
606 5449 669 5519 sub
688 5446 860 5538 parochia
874 5446 1042 5520 ecclesiae
1073 5443 1116 5519 de
1146 5441 1384 5517 Otblinow
1414 5442 1492 5534 sita,
1523 5442 1620 5527 cuius
1651 5441 1775 5514 haeres

325 5612 373 5656 Idb.
388 5614 487 5656 sonmo.
604 5578 606 5580 ·
632 5589 634 5597 y
922 5674 925 5679 Ι
1569 5578 1590 5645 2
