4050 6054
801 737 1004 817 Decimae
1038 731 1321 837 manipulares
1353 699 1582 808 cantoriae.

517 955 1037 1044 ZurenonAnr1QUA,villa,
1073 953 1206 1024 habens
1243 953 1278 1020 iu
1316 970 1353 1019 se
1380 947 1560 1018 ecclesiam
1586 944 1840 1035 parochialem,
1868 943 1971 1013 cuius

416 1081 583 1152 haeredes
601 1079 780 1151 iohannes
797 1075 973 1146 Sthadn
983 1073 1153 1164 yczsky
1172 1071 1214 1141 de
1234 1071 1338 1140 armis
1357 1069 1594 1166 Druszyna
1611 1071 1647 1135 et
1663 1063 1841 1135 Johanues
1859 1069 1969 1153 atque

414 1201 575 1273 Greslaus
603 1199 645 1269 de
673 1198 889 1287 Woycza,
922 1186 1006 1264 dicti
1033 1192 1381 1282 Woyszykones
1408 1189 1451 1258 de
1478 1188 1583 1257 armis
1610 1184 1807 1273 Powala,
1834 1186 1871 1257 in
1898 1205 1972 1274 qua

416 1327 497 1391 suut
522 1320 613 1390 lanei
640 1317 891 1404 cmethonaleS,
923 1314 966 1384 de
994 1313 1118 1404 quibus
1146 1311 1292 1381 solvitur
1319 1309 1451 1380 decima
1477 1306 1701 1398 manipularis
1729 1305 1906 1376 cantoriae
1933 1303 1970 1376 S.

414 1440 588 1526 Floriani,
615 1444 651 1508 et
678 1437 808 1507 ducunt
834 1456 911 1506 eam
938 1434 1134 1504 cmethones
1162 1430 1312 1520 propriis
1340 1430 1499 1500 curribus
1527 1428 1562 1497 in
1590 1429 1752 1497 horreum
1780 1446 1801 1495 a
1824 1432 1970 1497 cantore

414 1559 605 1647 locandum,
633 1557 729 1628 cuius
756 1557 855 1628 valor
881 1556 925 1625 ad
944 1554 1123 1624 duodecim
1150 1572 1284 1621 marcas
1311 1550 1525 1623 aestimatur.
1564 1549 1652 1619 ltem
1679 1549 1856 1637 tabernae,
1883 1547 1972 1617 item

416 1680 652 1767 hortulaniac,
679 1679 762 1747 item
789 1675 977 1767 praedium.

519 1798 772 1886 anozowun,
799 1796 882 1867 villa
908 1795 972 1865 sub
990 1793 1155 1882 parochia
1182 1793 1347 1862 ecclesiae
1375 1791 1417 1862 de
1445 1844 1542 1860 .....
1569 1790 1648 1877 sito,
1676 1790 1772 1859 ouius
1799 1787 1974 1859 haeredes

416 1973 557 1989 .......
572 1974 581 2007 ,
607 1919 730 2007 inqua
756 1920 837 1987 sunt
863 1914 954 1985 lanei
981 1913 1223 2002 cmethonaleS,
1251 1913 1293 1983 dc
1322 1913 1445 2002 quibus
1474 1902 1632 1982 omuibus
1660 1910 1807 1981 solvitur
1833 1908 1974 1979 decima

415 2037 640 2128 manipularis
668 2036 843 2106 cantoriae
870 2034 903 2106 S.
921 2034 1090 2122 Floriani,
1118 2039 1153 2103 et
1171 2034 1365 2105 conducunt
1392 2054 1467 2103 eam
1486 2032 1684 2102 cmethones
1711 2030 1862 2120 propriis
1889 2050 1973 2100 cur·

417 2158 512 2229 ribus
539 2158 575 2227 in
600 2157 764 2226 horreum
792 2178 812 2225 a
839 2161 980 2225 cantore
1006 2154 1203 2244 locandum,
1234 2155 1331 2224 cuius
1358 2155 1457 2224 valor
1483 2153 1527 2223 ad
1555 2173 1658 2223 unam
1686 2171 1836 2221 marcam
1860 2140 1974 2220 aesti-

417 2282 542 2348 matur.
582 2277 668 2347 Item
696 2276 872 2364 tabernae,
900 2276 982 2345 item
1009 2274 1246 2364 hortulaniac,
1273 2275 1355 2345 itom
1383 2274 1570 2363 praedium.

430 2456 440 2473 .
520 2395 744 2485 Souanmrr,
771 2396 854 2466 villa
890 2396 954 2465 sub
981 2395 1147 2485 parochia
1174 2396 1338 2466 ecclesiae
1365 2395 1407 2465 de
1436 2448 1619 2464 .........
1647 2395 1734 2481 sita,
1761 2391 1859 2462 cuius
1885 2411 1971 2481 pro-

416 2519 548 2607 prietas
575 2523 612 2586 et
638 2516 826 2587 dominium
853 2518 1005 2606 pertinet
1033 2516 1077 2587 ad
1104 2571 1292 2585 .........
1307 2571 1315 2604 ,
1342 2498 1377 2585 in
1405 2536 1474 2604 qua
1500 2520 1581 2584 suot
1607 2514 1698 2584 lanei
1725 2512 1972 2602 cmethonaleS,

417 2646 454 2709 et
471 2638 513 2708 de
531 2638 586 2708 his
606 2637 763 2709 omuibus
783 2637 929 2709 solvitur
947 2636 1079 2708 decima
1096 2637 1321 2726 manipularis
1341 2635 1517 2706 cantoriae
1544 2635 1576 2705 S.
1595 2634 1758 2722 Floriani,
1785 2640 1821 2704 et
1839 2633 1973 2705 ducunt

416 2777 492 2828 eam
519 2758 716 2829 cmethones
743 2758 893 2846 propriis
921 2758 1080 2828 curribus
1107 2758 1142 2826 iu
1161 2758 1324 2826 horreum
1352 2760 1532 2826 acantore
1549 2754 1750 2842 ,locandum
1777 2753 1851 2825 eius
1869 2753 1973 2824 valor

416 2878 618 2948 aestimatur
645 2878 794 2949 adduas
820 2899 965 2949 marcas.
1004 2878 1093 2949 item
1111 2879 1287 2965 tabernae,
1313 2877 1396 2947 item
1422 2874 1650 2963 hortulaniac,
1677 2875 1761 2944 item
1778 2874 1972 2964 praedium.

520 2996 791 3087 MauowrsKA,
818 2998 902 3068 villa
919 2999 1150 3087 parochialem
1170 2998 1348 3067 ecclesiam
1366 2998 1498 3068 habens
1517 2989 1552 3065 iu
1571 3017 1628 3084 so,
1655 2995 1752 3065 cuius
1771 2995 1972 3084 proprietas

418 3125 454 3189 et
480 3118 667 3189 dominium
694 3118 847 3208 pertinet
873 3118 1130 3191 addohanuem
1156 3117 1449 3208 Kobileusky
1477 3116 1519 3186 de
1546 3116 1652 3187 armis
1680 3112 1971 3206 Grzymalya,

416 3240 453 3308 in
480 3259 548 3328 qua
575 3245 656 3309 sunt
682 3238 773 3308 lanei
800 3240 1043 3328 cmethonaleS,
1071 3239 1114 3310 de
1142 3239 1266 3329 quibus
1294 3238 1452 3309 omnibus
1480 3238 1626 3309 solvitur
1653 3236 1786 3307 decima
1812 3235 1972 3327 manipu-

417 3359 501 3428 laris
528 3359 703 3429 cantoriae
731 3357 763 3428 S.
791 3358 963 3448 Floriani,
1000 3364 1036 3428 et
1062 3359 1193 3430 durcunt
1220 3381 1296 3429 eam
1323 3360 1522 3430 emetlroncs
1558 3358 1709 3448 propriis
1746 3355 1905 3426 curribus
1932 3356 1971 3427 in

416 3478 578 3549 horreum
614 3484 803 3548 acantore
840 3478 1039 3568 locandum,
1076 3480 1173 3549 cuius
1211 3480 1308 3550 valor
1344 3480 1549 3550 aestimatur
1585 3478 1630 3549 ad
1658 3484 1789 3567 septem
1822 3496 1971 3548 marcas.

415 3598 503 3668 Item
530 3599 705 3687 tabernae,
732 3598 816 3667 item
842 3599 1074 3689 hortulaniac,
1102 3601 1183 3670 item
1210 3599 1399 3689 praedium.

520 3716 703 3808 Guosezu,
731 3718 815 3788 villa
840 3720 905 3790 sub
932 3721 1098 3810 parochia
1124 3720 1289 3792 ecclesiae
1317 3720 1359 3790 de
1387 3718 1627 3810 Cobylany
1654 3721 1735 3808 sita,
1763 3719 1860 3789 cuius
1885 3738 1970 3808 pro-

417 3838 548 3927 prietas
586 3844 621 3908 et
656 3839 844 3909 dominium
880 3840 924 3910 ad
960 3839 1153 3911 Jolrannom
1190 3840 1478 3930 Kobilensky
1515 3841 1558 3911 de
1593 3841 1698 3911 armis
1731 3838 1973 3911 Grzimala

416 3959 586 4047 pertinet,
614 3959 648 4028 in
669 3980 736 4047 qua
763 3967 844 4030 suot
870 3962 961 4032 lanei
989 3961 1243 4050 cmethonales,
1272 3961 1313 4031 do
1333 3962 1457 4050 quibus
1476 3962 1635 4032 omnibus
1663 3961 1809 4031 solvitur
1835 3959 1973 4031 decima

416 4079 641 4167 manipularis
669 4081 844 4151 cantoriae
880 4080 913 4151 S.
940 4082 1096 4153 Floriani
1131 4088 1167 4152 et
1194 4082 1324 4152 ducunt
1351 4103 1426 4152 eam
1455 4083 1652 4153 cmethones
1678 4081 1831 4170 propriis
1858 4079 1972 4150 curri-

415 4199 479 4269 bus
514 4200 550 4268 in
577 4200 738 4271 horreum
775 4208 964 4273 acantore
1001 4203 1200 4292 locandum,
1237 4207 1273 4273 et
1300 4203 1398 4273 valor
1433 4204 1507 4274 eius
1539 4203 1742 4273 aestimatur
1778 4199 1971 4271 addacem

415 4339 557 4390 marcas.
594 4320 680 4391 ltem
707 4323 890 4413 tabernae,
917 4325 999 4393 item
1025 4324 1252 4415 hortulaniac,
1278 4324 1362 4394 item
1388 4324 1568 4413 praedium
1587 4377 1706 4394 ......

464 4583 667 4664 Decimae
688 4582 924 4665 iertonalee
948 4586 1126 4667 latorum
1148 4609 1396 4692 pressorum
1419 4589 1637 4669 cantoriae
1660 4588 1701 4668 8.
1724 4588 1917 4670 Floriani.

517 4803 769 4895 Sruourszru,
797 4805 880 4875 villa
897 4807 960 4877 sub
980 4807 1146 4896 parochia
1164 4808 1327 4879 ecclesiae
1346 4808 1388 4879 de
1407 4808 1524 4880 Slaw
1535 4810 1734 4900 yaocioo
1756 4810 1842 4898 sita,
1870 4809 1969 4881 euius

413 4925 610 5015 proprietas
646 4929 682 4996 et
708 4925 896 4997 dominium
931 4927 976 4998 ad
1003 4928 1258 5000 serenissimum
1295 4928 1460 5002 Poloniae
1486 4912 1604 5019 regem
1639 4930 1809 5019 pertinet,
1835 4929 1872 5000 in
1899 4950 1969 5020 qua

414 5050 495 5116 sunt
521 5044 613 5117 lanei
640 5048 883 5139 cmethonales,
911 5047 954 5119 de
973 5069 1119 5147 quorum
1151 5049 1306 5139 quolrbot
1333 5049 1480 5121 solvitur
1498 5050 1630 5121 decima
1656 5049 1880 5140 manipularis
1906 5070 1973 5141 per

412 5187 518 5237 unum
544 5165 714 5240 fertonem
739 5168 891 5239 latomm
917 5190 1119 5260 grossomm
1154 5170 1385 5262 Pragensium
1412 5171 1591 5245 cantoriae
1616 5170 1650 5246 S.
1676 5170 1833 5247 Floriani
1846 5223 1969 5243 ......

412 5285 500 5357 ltem
527 5288 706 5380 praedium
720 5343 861 5363 .......
