4050 6054
234 271 314 355 arr
413 292 416 297 ·
468 222 472 233 ’

232 484 381 566 quatuor
407 478 545 567 ierugas
564 475 783 566 praebendae
810 475 938 547 ibidem
965 477 1001 546 in
1020 475 1182 547 Chotel
1209 476 1423 565 consistenti,
1441 473 1539 547 cuius
1565 474 1616 547 ibi
1632 472 1792 564 lignem

231 599 378 669 habetur
404 599 606 669 oratorium.

333 717 628 807 annowrczn,
656 719 739 789 villa
766 720 830 790 sub
848 719 1015 808 parochia
1041 719 1207 790 ccclesiae
1235 718 1441 808 collegiatae
1458 714 1676 789 Visliciensis
1703 715 1785 806 sita,

230 840 266 909 in
293 859 361 929 qua
388 839 537 910 decanus
564 838 853 913 Sandomiriensis
888 840 994 910 habet
1021 845 1094 911 tres
1130 860 1206 910 cum
1232 839 1346 909 medio
1382 839 1501 909 laneos
1536 836 1786 927 cmethonales,

231 965 267 1030 et
293 959 440 1048 quilibet
476 960 580 1031 solvit
615 959 745 1030 decano
781 981 844 1049 pro
872 981 986 1031 annuo
1023 981 1128 1031 censu
1164 981 1267 1031 unam
1302 980 1453 1031 marcam
1485 978 1562 1029 cum
1587 957 1723 1047 media,
1750 963 1788 1029 et

234 1086 424 1169 procurant
451 1079 618 1151 decanum
646 1081 804 1150 omnibus
822 1081 1038 1169 necessariis,
1067 1081 1203 1169 quoties
1229 1081 1335 1153 venit.
1362 1079 1449 1151 Item
1467 1077 1667 1150 cmethones
1684 1076 1788 1149 deca-

229 1206 333 1271 natus
361 1198 659 1289 Sandomiriensis,
679 1202 714 1270 in
732 1201 928 1272 huiusmodi
952 1201 1064 1271 tribus
1083 1206 1119 1270 et
1136 1201 1250 1271 medio
1277 1200 1388 1272 laneis
1407 1200 1617 1289 habitantes,
1634 1190 1788 1271 'solvunt

230 1322 397 1392 decimam
425 1322 673 1411 manipularem
700 1326 736 1392 et
762 1342 825 1410 per
852 1327 1002 1411 quatuor
1028 1322 1167 1411 iorugas
1194 1322 1395 1411 canapalem
1431 1319 1645 1391 vicecantori
1676 1318 1787 1391 Visli·

231 1442 357 1531 ciensi,
394 1442 612 1512 aestimatam
640 1443 685 1512 ad
712 1450 860 1532 quatuor
895 1463 1049 1529 marcos,
1085 1443 1167 1513 item
1204 1442 1354 1513 decanus
1389 1441 1679 1513 Sandomiricnsis
1714 1462 1787 1513 non

235 1564 342 1634 habet
368 1563 417 1634 ibi
443 1563 640 1653 praedium,
676 1564 760 1634 item
786 1565 961 1634 residuam
997 1569 1133 1653 partem
1158 1564 1262 1635 villae
1289 1562 1465 1654 praefatae
1492 1562 1803 1654 Waurowicze

231 1683 386 1773 possidet
413 1683 538 1755 Petrus
566 1683 839 1774 Stawiszlry,
867 1684 910 1756 de
937 1686 1043 1755 armis
1071 1684 1380 1775 Accipitrum,
1407 1686 1444 1755 in
1472 1705 1542 1774 qua
1567 1688 1650 1755 sunt
1675 1682 1788 1755 unde-

232 1805 297 1874 cim
334 1805 425 1876 lanei
461 1805 694 1875 cmethonales
722 1810 854 1876 etune
887 1807 1034 1877 taberna
1069 1806 1200 1877 habens
1227 1827 1348 1896 agree,
1385 1806 1428 1877 de
1462 1806 1586 1896 quibus
1622 1805 1787 1876 omnibus

129 1928 138 1937 '
231 1925 373 1995 decima
388 1926 614 2014 manipularis
641 1926 788 1996 solvitur
816 1926 1042 1997 scholastriae
1070 1925 1283 2017 Visliciensi,
1320 1927 1504 1997 aestimata
1530 1925 1576 1997 ad
1602 1924 1787 1997 duodecim

230 2066 384 2134 marcas3
416 2047 500 2117 item
527 2046 707 2135 praedium
734 2047 885 2117 militare
912 2068 1018 2117 unum
1044 2046 1282 2118 tantummodo
1310 2055 1365 2117 cst
1392 2047 1459 2137 ibi,
1486 2046 1529 2118 de
1557 2066 1624 2136 quo
1651 2045 1790 2117 decima

230 2166 456 2255 manipularis
483 2167 629 2237 solvitur
657 2166 822 2237 ecclesiae
850 2168 884 2237 in
912 2166 1185 2259 Slyanczyu.

906 2429 1119 2511 Decimae.

334 2649 604 2742 Zancsznunr,
639 2651 724 2723 villa
751 2652 814 2722 sub
841 2652 1007 2741 parochia
1034 2651 1200 2722 ecclesiae
1227 2652 1270 2723 de
1303 2649 1667 2722 Gawlasowicze
1693 2650 1786 2741 sita,

231 2775 328 2846 cuius
354 2775 479 2844 haeres
506 2772 672 2843 Nicolaus
699 2770 1092 2864 Golyabyowslry,
1120 2774 1163 2843 dc
1191 2773 1297 2843 armis
1323 2771 1347 2842 J
1357 2773 1514 2861 anina,
1542 2772 1579 2843 in
1606 2792 1674 2863 qua
1700 2777 1786 2843 sunt

230 2916 319 2966 unus
347 2915 423 2966 cum
450 2893 563 2964 medio
589 2893 681 2964 lanei
705 2893 945 2981 cmethonaleS,
973 2893 1016 2964 dc
1035 2893 1160 2982 quibus
1179 2894 1337 2963 omnibus
1356 2892 1504 2963 solvitur
1521 2892 1655 2964 decima
1670 2893 1785 2963 mani-

230 3014 362 3105 pularis
381 3020 416 3085 et
434 3035 497 3104 per
524 3019 673 3104 quatuor
699 3014 837 3103 ierugas
856 3013 1031 3102 canepalis
1059 3013 1225 3084 ecclesiae
1253 3013 1443 3103 parochiali
1471 3014 1507 3083 in
1534 3011 1783 3104 Polanyccz,

193 3162 196 3166 ⁴
230 3141 267 3207 ot
292 3156 355 3226 per
382 3136 580 3206 cmethones
608 3134 812 3206 conducitur
838 3135 990 3224 propriis
1022 3135 1180 3205 curribus
1207 3135 1243 3204 in
1270 3134 1433 3205 horreum
1460 3155 1482 3204 a
1509 3133 1639 3205 decano
1664 3132 1784 3205 locan-

231 3256 312 3327 dum
343 3262 379 3327 ct
405 3256 503 3342 valor
538 3255 612 3325 eius
649 3257 854 3326 aestimatur
890 3255 934 3326 ad
962 3261 1111 3344 quatuor
1147 3274 1291 3326 marcas.
1335 3254 1424 3326 Item
1460 3254 1639 3344 praedium
1674 3274 1783 3326 unum

230 3377 397 3466 militaro,
425 3376 468 3447 de
496 3398 563 3466 quo
600 3375 733 3446 decima
768 3376 991 3465 manipularis
1027 3376 1131 3446 datur
1162 3374 1345 3455 decanatui
1372 3374 1661 3465 Sandomiriensi,
1696 3374 1783 3445 item

233 3499 398 3568 tabernac
426 3518 494 3568 non
522 3502 621 3585 sunt;
657 3497 740 3567 item
768 3496 850 3567 villa
876 3495 1032 3585 praefata
1058 3495 1360 3588 Zaduszniky
1385 3493 1452 3566 fuit
1480 3495 1652 3586 quondam
1679 3494 1783 3567 deca-

229 3626 332 3688 natus
359 3616 647 3689 Sandomiriensis
673 3615 809 3706 fundus,
837 3617 898 3688 sed
915 3618 1083 3706 magister
1108 3616 1291 3707 Helias,
1318 3617 1378 3688 Dr.
1398 3615 1606 3706 Theologiae
1625 3620 1662 3687 et
1679 3614 1783 3687 deca·

230 3760 294 3809 nus
322 3736 628 3827 Sandomiriensis,
664 3738 828 3809 cambivit
854 3758 930 3808 eam
966 3759 1029 3827 pro
1057 3737 1141 3809 villa
1166 3737 1387 3828 Moticze,
1424 3736 1581 3808 addendo
1612 3735 1781 3809 ducentas

230 3878 365 3929 marcas
400 3858 542 3950 Nicolao
579 3855 962 3948 Golyabiowsky,
999 3865 1034 3929 et
1061 3857 1185 3929 exinde
1220 3858 1311 3929 facta
1346 3864 1400 3929 est
1431 3857 1612 3946 militaris3
1647 3856 1782 3928 decima

229 3983 345 4050 tamen
371 3978 597 4067 manipularis
624 3998 688 4067 pro
716 3977 884 4078 decanatu
912 3979 1088 4068 remansit,
1114 3984 1195 4069 post
1222 3999 1325 4068 agros
1353 3979 1524 4050 duntaxat
1549 3976 1753 4081 praedialea
1787 3974 1805 3985 '

334 4097 682 4189 Szwnnsnnwuczn,
718 4098 800 4171 villa
827 4101 890 4171 sub
917 4099 1083 4190 parochia
1119 4100 1284 4170 ecclesiae
1320 4099 1528 4171 coenobialis
1555 4098 1598 4170 de
1625 4096 1779 4197 anko

229 4221 306 4311 sita,
334 4219 431 4291 cuius
450 4219 572 4290 haeres
591 4219 755 4291 Nicolaus
774 4219 1088 4309 Biechowslry‚
1117 4219 1159 4291 de
1178 4220 1284 4290 armis
1311 4218 1543 4310 Powalya,
1570 4225 1607 4290 et
1634 4216 1779 4308 Georgii

229 4340 400 4430 Szowa,
429 4340 471 4410 de
498 4340 604 4411 armis
629 4340 863 4431 Druzyna,
890 4342 926 4411 in
955 4362 1023 4430 qua
1049 4345 1130 4411 sunt
1155 4341 1313 4413 undecim
1339 4341 1433 4412 lanei
1460 4340 1707 4430 cmethonales,
1734 4338 1779 4411 de

230 4464 354 4551 quibus
381 4461 539 4533 omnibus
568 4461 715 4532 solvitur
741 4460 874 4532 decima
891 4461 1115 4551 manipularis
1134 4468 1171 4533 et
1188 4482 1251 4551 per
1270 4466 1418 4552 quatuor
1439 4462 1578 4552 ierugas
1604 4461 1779 4551 canapalis

230 4580 412 4653 decanatui
438 4581 708 4652 Sandomiriensi
736 4586 772 4652 et
798 4601 862 4670 per
888 4582 1085 4653 cmethones
1112 4583 1264 4672 propriis
1291 4582 1450 4653 curribus
1477 4581 1620 4654 ducitur
1641 4581 1779 4673 inhor-

230 4722 327 4772 rcum
345 4721 367 4772 a
384 4702 513 4773 decano
540 4702 731 4792 locandum,
757 4707 793 4773 et
818 4701 917 4773 valor
943 4703 1018 4773 eius
1043 4703 1250 4774 aestimatur
1267 4701 1313 4775 ad
1331 4703 1448 4774 decem
1475 4708 1511 4774 et
1537 4706 1615 4775 octo
1632 4722 1778 4775 marcas.

229 4820 319 4893 Item
345 4821 511 4893 tabernae
538 4826 629 4912 sunt,
655 4822 803 4893 sednon
822 4821 952 4893 habent
977 4823 1112 4912 aliquos
1130 4843 1245 4914 agros,
1270 4823 1355 4894 item
1372 4822 1590 4895 hortulaniae
1617 4843 1679 4896 sex
1696 4830 1778 4895 sunt
1906 4872 1909 4877 -

230 4940 399 5014 habentes
426 4962 547 5032 agros,
582 4942 625 5013 de
652 4942 776 5033 quibus
803 4942 952 5013 solvitur
978 4942 1111 5015 decima
1136 4942 1362 5033 manipularis
1388 4943 1572 5015 decanatui
1597 4942 1777 5017 Sardemi-

230 5061 355 5151 riensi3
389 5064 473 5134 item
499 5062 643 5152 praedia
668 5063 717 5135 ibi
743 5062 909 5157 militaria
934 5061 1021 5153 duo,
1048 5063 1092 5134 de
1119 5064 1265 5155 quorum
1292 5064 1439 5136 solvitur
1465 5069 1616 5155 utraque
1642 5063 1777 5137 decima

230 5181 454 5274 manipularis
480 5183 644 5254 ccclesiae
670 5182 861 5275 parochiali
887 5188 924 5255 et
949 5184 1213 5275 praepositurae
1238 5185 1275 5256 in
1301 5184 1524 5257 Buschlro.
