<?xml version="1.0" encoding="UTF-8"?>
<!DOCTYPE html PUBLIC "-//W3C//DTD XHTML 1.0 Transitional//EN"
    "http://www.w3.org/TR/xhtml1/DTD/xhtml1-transitional.dtd">
<html xmlns="http://www.w3.org/1999/xhtml" xml:lang="en" lang="en">
 <head>
  <title>
</title>
<meta http-equiv="Content-Type" content="text/html;charset=utf-8" />
  <meta name='ocr-system' content='tesseract 3.04.00' />
  <meta name='ocr-capabilities' content='ocr_page ocr_carea ocr_par ocr_line ocrx_word'/>
</head>
<body>
  <div class='ocr_page' id='page_1' title='image "./joannisdugoszse00dugoog_0289.png"; bbox 0 0 4050 6054; ppageno 0'>
   <div class='ocr_carea' id='block_1_1' title="bbox 304 423 375 496">
    <p class='ocr_par' dir='ltr' id='par_1_1' title="bbox 304 423 375 496">
     <span class='ocr_line' id='line_1_1' title="bbox 304 423 375 496; baseline 0.028 -2"><span class='ocrx_word' id='word_1_1' title='bbox 304 423 375 496; x_wconf 75' lang='lat'><strong>262</strong></span> 
     </span>
    </p>
   </div>
   <div class='ocr_carea' id='block_1_2' title="bbox 295 602 1854 3863">
    <p class='ocr_par' dir='ltr' id='par_1_2' title="bbox 295 602 1853 1926">
     <span class='ocr_line' id='line_1_2' title="bbox 300 602 1852 725; baseline -0.005 -21"><span class='ocrx_word' id='word_1_2' title='bbox 300 632 430 722; x_wconf 85' lang='lat' dir='ltr'><strong>relicta,</strong></span> <span class='ocrx_word' id='word_1_3' title='bbox 458 635 595 703; x_wconf 87' lang='lat' dir='ltr'><strong>centum</strong></span> <span class='ocrx_word' id='word_1_4' title='bbox 622 631 822 720; x_wconf 77' lang='lat' dir='ltr'><strong>octuaginta</strong></span> <span class='ocrx_word' id='word_1_5' title='bbox 848 602 1417 725; x_wconf 58' lang='grc' dir='ltr'><strong>111111111111111,ω111111ξ</strong></span> <span class='ocrx_word' id='word_1_6' title='bbox 1437 626 1549 698; x_wconf 87' lang='lat' dir='ltr'><strong>altare</strong></span> <span class='ocrx_word' id='word_1_7' title='bbox 1576 621 1712 717; x_wconf 88' lang='lat' dir='ltr'><strong>qnoque</strong></span> <span class='ocrx_word' id='word_1_8' title='bbox 1738 623 1771 698; x_wconf 89' lang='lat' dir='ltr'><strong>S.</strong></span> <span class='ocrx_word' id='word_1_9' title='bbox 1788 622 1852 696; x_wconf 87' lang='lat' dir='ltr'><strong>Jo-</strong></span> 
     </span>
     <span class='ocr_line' id='line_1_3' title="bbox 299 745 1853 842; baseline -0.004 -18"><span class='ocrx_word' id='word_1_10' title='bbox 299 754 399 824; x_wconf 91' lang='lat' dir='ltr'><strong>annis</strong></span> <span class='ocrx_word' id='word_1_11' title='bbox 417 752 599 842; x_wconf 84' lang='lat' dir='ltr'><strong>Baptistae</strong></span> <span class='ocrx_word' id='word_1_12' title='bbox 616 752 653 822; x_wconf 96' lang='lat' dir='ltr'><strong>in</strong></span> <span class='ocrx_word' id='word_1_13' title='bbox 668 751 816 823; x_wconf 91' lang='lat' dir='ltr'><strong>ecclesia</strong></span> <span class='ocrx_word' id='word_1_14' title='bbox 834 749 1054 822; x_wconf 82' lang='lat' dir='ltr'><strong>Oracoviensi</strong></span> <span class='ocrx_word' id='word_1_15' title='bbox 1083 749 1279 821; x_wconf 89' lang='lat' dir='ltr'><strong>collationis</strong></span> <span class='ocrx_word' id='word_1_16' title='bbox 1305 748 1511 836; x_wconf 83' lang='lat' dir='ltr'><strong>ordinariae,</strong></span> <span class='ocrx_word' id='word_1_17' title='bbox 1537 745 1636 818; x_wconf 86' lang='lat' dir='ltr'><strong>cuins</strong></span> <span class='ocrx_word' id='word_1_18' title='bbox 1661 746 1853 837; x_wconf 84' lang='lat' dir='ltr'><strong>proventus</strong></span> 
     </span>
     <span class='ocr_line' id='line_1_4' title="bbox 296 867 1851 971; baseline -0.005 -26"><span class='ocrx_word' id='word_1_19' title='bbox 296 874 389 944; x_wconf 86' lang='lat' dir='ltr'><strong>inter</strong></span> <span class='ocrx_word' id='word_1_20' title='bbox 415 871 540 943; x_wconf 88' lang='lat' dir='ltr'><strong>altaria</strong></span> <span class='ocrx_word' id='word_1_21' title='bbox 574 871 739 943; x_wconf 87' lang='lat' dir='ltr'><strong>ecclesiae</strong></span> <span class='ocrx_word' id='word_1_22' title='bbox 765 869 1004 947; x_wconf 84' lang='lat' dir='ltr'><strong>Gracoviensis</strong></span> <span class='ocrx_word' id='word_1_23' title='bbox 1040 870 1264 960; x_wconf 82' lang='lat' dir='ltr'><strong>singulariter</strong></span> <span class='ocrx_word' id='word_1_24' title='bbox 1295 868 1557 959; x_wconf 76' lang='lat' dir='ltr'><strong>descripsimus,</strong></span> <span class='ocrx_word' id='word_1_25' title='bbox 1588 868 1747 971; x_wconf 81' lang='lat' dir='ltr'><strong>extincto</strong></span> <span class='ocrx_word' id='word_1_26' title='bbox 1775 867 1851 938; x_wconf 89' lang='lat' dir='ltr'><strong>eius</strong></span> 
     </span>
     <span class='ocr_line' id='line_1_5' title="bbox 296 974 1847 1082; baseline -0.004 -19"><span class='ocrx_word' id='word_1_27' title='bbox 296 993 408 1081; x_wconf 90' lang='lat' dir='ltr'><strong>titulo,</strong></span> <span class='ocrx_word' id='word_1_28' title='bbox 435 993 595 1080; x_wconf 86' lang='lat' dir='ltr'><strong>annexit;</strong></span> <span class='ocrx_word' id='word_1_29' title='bbox 630 991 716 1063; x_wconf 88' lang='lat' dir='ltr'><strong>duas</strong></span> <span class='ocrx_word' id='word_1_30' title='bbox 743 1010 879 1082; x_wconf 88' lang='lat' dir='ltr'><strong>quoqne</strong></span> <span class='ocrx_word' id='word_1_31' title='bbox 914 992 1065 1063; x_wconf 86' lang='lat' dir='ltr'><strong>decimas</strong></span> <span class='ocrx_word' id='word_1_32' title='bbox 1098 990 1343 1080; x_wconf 88' lang='lat' dir='ltr'><strong>manipulares,</strong></span> <span class='ocrx_word' id='word_1_33' title='bbox 1368 988 1531 1061; x_wconf 81' lang='lat' dir='ltr'><strong>videlicet</strong></span> <span class='ocrx_word' id='word_1_34' title='bbox 1556 988 1595 1060; x_wconf 92' lang='lat' dir='ltr'><strong>in</strong></span> <span class='ocrx_word' id='word_1_35' title='bbox 1620 974 1847 1068; x_wconf 66' lang='lat' dir='ltr'><strong>obrussa-</strong></span> 
     </span>
     <span class='ocr_line' id='line_1_6' title="bbox 298 1108 1851 1203; baseline -0.003 -18"><span class='ocrx_word' id='word_1_36' title='bbox 298 1114 435 1185; x_wconf 85' lang='lat' dir='ltr'><strong>vicze</strong></span> <span class='ocrx_word' id='word_1_37' title='bbox 454 1117 508 1183; x_wconf 91' lang='grc'><strong>·11</strong></span> <span class='ocrx_word' id='word_1_38' title='bbox 534 1114 570 1183; x_wconf 92' lang='lat' dir='ltr'><strong>in</strong></span> <span class='ocrx_word' id='word_1_39' title='bbox 596 1111 1001 1203; x_wconf 86' lang='lat' dir='ltr'><strong>Wyanczslawska</strong></span> <span class='ocrx_word' id='word_1_40' title='bbox 1026 1111 1186 1201; x_wconf 86' lang='lat' dir='ltr'><strong>Wolya</strong></span> <span class='ocrx_word' id='word_1_41' title='bbox 1217 1109 1260 1181; x_wconf 94' lang='lat' dir='ltr'><strong>de</strong></span> <span class='ocrx_word' id='word_1_42' title='bbox 1287 1129 1408 1182; x_wconf 87' lang='lat' dir='ltr'><strong>mensa</strong></span> <span class='ocrx_word' id='word_1_43' title='bbox 1436 1108 1643 1200; x_wconf 85' lang='lat' dir='ltr'><strong>episcopali,</strong></span> <span class='ocrx_word' id='word_1_44' title='bbox 1679 1126 1851 1197; x_wconf 83' lang='lat' dir='ltr'><strong>consensa</strong></span> 
     </span>
     <span class='ocr_line' id='line_1_7' title="bbox 298 1229 1851 1324; baseline -0.003 -19"><span class='ocrx_word' id='word_1_45' title='bbox 298 1234 441 1324; x_wconf 89' lang='lat' dir='ltr'><strong>capituli</strong></span> <span class='ocrx_word' id='word_1_46' title='bbox 459 1233 698 1304; x_wconf 83' lang='lat' dir='ltr'><strong>Cracoviensis</strong></span> <span class='ocrx_word' id='word_1_47' title='bbox 715 1233 911 1322; x_wconf 89' lang='lat' dir='ltr'><strong>accedente,</strong></span> <span class='ocrx_word' id='word_1_48' title='bbox 938 1254 1002 1323; x_wconf 93' lang='lat' dir='ltr'><strong>pro</strong></span> <span class='ocrx_word' id='word_1_49' title='bbox 1020 1232 1167 1304; x_wconf 88' lang='lat' dir='ltr'><strong>firmiori</strong></span> <span class='ocrx_word' id='word_1_50' title='bbox 1186 1231 1414 1303; x_wconf 88' lang='lat' dir='ltr'><strong>subsistentia</strong></span> <span class='ocrx_word' id='word_1_51' title='bbox 1427 1229 1683 1323; x_wconf 67' lang='lat' dir='ltr'><strong>praedicatoris</strong></span> <span class='ocrx_word' id='word_1_52' title='bbox 1697 1229 1851 1319; x_wconf 78' lang='lat' dir='ltr'><strong>donavit,</strong></span> 
     </span>
     <span class='ocr_line' id='line_1_8' title="bbox 298 1350 1849 1445; baseline -0.003 -20"><span class='ocrx_word' id='word_1_53' title='bbox 298 1354 444 1426; x_wconf 90' lang='lat' dir='ltr'><strong>contulit</strong></span> <span class='ocrx_word' id='word_1_54' title='bbox 470 1359 506 1424; x_wconf 91' lang='lat' dir='ltr'><strong>et</strong></span> <span class='ocrx_word' id='word_1_55' title='bbox 531 1354 786 1444; x_wconf 80' lang='lat' dir='ltr'><strong>incorporavit,</strong></span> <span class='ocrx_word' id='word_1_56' title='bbox 818 1353 1026 1444; x_wconf 88' lang='lat' dir='ltr'><strong>specialique</strong></span> <span class='ocrx_word' id='word_1_57' title='bbox 1054 1353 1289 1445; x_wconf 80' lang='lat' dir='ltr'><strong>privilegiavit</strong></span> <span class='ocrx_word' id='word_1_58' title='bbox 1314 1352 1444 1442; x_wconf 77' lang='lat' dir='ltr'><strong>littera,</strong></span> <span class='ocrx_word' id='word_1_59' title='bbox 1470 1372 1534 1423; x_wconf 91' lang='lat' dir='ltr'><strong>suo</strong></span> <span class='ocrx_word' id='word_1_60' title='bbox 1560 1355 1597 1422; x_wconf 89' lang='lat' dir='ltr'><strong>et</strong></span> <span class='ocrx_word' id='word_1_61' title='bbox 1623 1350 1767 1440; x_wconf 86' lang='lat' dir='ltr'><strong>capituli</strong></span> <span class='ocrx_word' id='word_1_62' title='bbox 1794 1351 1849 1422; x_wconf 90' lang='lat' dir='ltr'><strong>sni</strong></span> 
     </span>
     <span class='ocr_line' id='line_1_9' title="bbox 299 1470 1851 1565; baseline -0.003 -19"><span class='ocrx_word' id='word_1_63' title='bbox 299 1474 431 1564; x_wconf 84' lang='lat' dir='ltr'><strong>sigillis,</strong></span> <span class='ocrx_word' id='word_1_64' title='bbox 460 1494 547 1565; x_wconf 88' lang='lat' dir='ltr'><strong>quae</strong></span> <span class='ocrx_word' id='word_1_65' title='bbox 574 1474 611 1545; x_wconf 94' lang='lat' dir='ltr'><strong>in</strong></span> <span class='ocrx_word' id='word_1_66' title='bbox 637 1474 789 1546; x_wconf 89' lang='lat' dir='ltr'><strong>armario</strong></span> <span class='ocrx_word' id='word_1_67' title='bbox 807 1472 1045 1546; x_wconf 83' lang='lat' dir='ltr'><strong>Gracoviensis</strong></span> <span class='ocrx_word' id='word_1_68' title='bbox 1070 1474 1220 1545; x_wconf 89' lang='lat' dir='ltr'><strong>habetur</strong></span> <span class='ocrx_word' id='word_1_69' title='bbox 1246 1472 1421 1563; x_wconf 84' lang='lat' dir='ltr'><strong>ecclesiae,</strong></span> <span class='ocrx_word' id='word_1_70' title='bbox 1448 1471 1666 1560; x_wconf 88' lang='lat' dir='ltr'><strong>communita,</strong></span> <span class='ocrx_word' id='word_1_71' title='bbox 1693 1470 1851 1561; x_wconf 85' lang='lat' dir='ltr'><strong>obligans</strong></span> 
     </span>
     <span class='ocr_line' id='line_1_10' title="bbox 297 1582 1850 1686; baseline -0.003 -20"><span class='ocrx_word' id='word_1_72' title='bbox 297 1582 572 1686; x_wconf 82' lang='lat' dir='ltr'><strong>praedicatorem</strong></span> <span class='ocrx_word' id='word_1_73' title='bbox 607 1616 671 1685; x_wconf 92' lang='lat' dir='ltr'><strong>pro</strong></span> <span class='ocrx_word' id='word_1_74' title='bbox 698 1601 863 1684; x_wconf 90' lang='lat' dir='ltr'><strong>ternpore,</strong></span> <span class='ocrx_word' id='word_1_75' title='bbox 891 1595 935 1666; x_wconf 92' lang='lat' dir='ltr'><strong>ad</strong></span> <span class='ocrx_word' id='word_1_76' title='bbox 962 1595 1113 1667; x_wconf 90' lang='lat' dir='ltr'><strong>dandum</strong></span> <span class='ocrx_word' id='word_1_77' title='bbox 1149 1594 1288 1665; x_wconf 89' lang='lat' dir='ltr'><strong>vicariis</strong></span> <span class='ocrx_word' id='word_1_78' title='bbox 1321 1591 1608 1665; x_wconf 71' lang='lat' dir='ltr'><strong>cracoviensibus</strong></span> <span class='ocrx_word' id='word_1_79' title='bbox 1635 1613 1677 1664; x_wconf 82' lang='lat' dir='ltr'><strong>ex</strong></span> <span class='ocrx_word' id='word_1_80' title='bbox 1708 1587 1850 1663; x_wconf 86' lang='lat' dir='ltr'><strong>decimis</strong></span> 
     </span>
     <span class='ocr_line' id='line_1_11' title="bbox 295 1713 1849 1806; baseline -0.003 -19"><span class='ocrx_word' id='word_1_81' title='bbox 295 1714 461 1805; x_wconf 77' lang='lat' dir='ltr'><strong>praelatis</strong></span> <span class='ocrx_word' id='word_1_82' title='bbox 487 1735 592 1786; x_wconf 88' lang='lat' dir='ltr'><strong>unam</strong></span> <span class='ocrx_word' id='word_1_83' title='bbox 618 1735 769 1786; x_wconf 89' lang='lat' dir='ltr'><strong>marcam</strong></span> <span class='ocrx_word' id='word_1_84' title='bbox 796 1716 896 1786; x_wconf 91' lang='lat' dir='ltr'><strong>annis</strong></span> <span class='ocrx_word' id='word_1_85' title='bbox 923 1715 1078 1806; x_wconf 83' lang='lat' dir='ltr'><strong>singulis,</strong></span> <span class='ocrx_word' id='word_1_86' title='bbox 1105 1721 1292 1805; x_wconf 88' lang='lat' dir='ltr'><strong>procantu</strong></span> <span class='ocrx_word' id='word_1_87' title='bbox 1315 1714 1517 1805; x_wconf 84' lang='lat' dir='ltr'><strong>sequentiae</strong></span> <span class='ocrx_word' id='word_1_88' title='bbox 1535 1713 1629 1784; x_wconf 88' lang='lat' dir='ltr'><strong>inter</strong></span> <span class='ocrx_word' id='word_1_89' title='bbox 1654 1718 1756 1784; x_wconf 90' lang='lat' dir='ltr'><strong>natos</strong></span> <span class='ocrx_word' id='word_1_90' title='bbox 1774 1733 1849 1783; x_wconf 89' lang='grc'><strong>11111-</strong></span> 
     </span>
     <span class='ocr_line' id='line_1_12' title="bbox 296 1834 1850 1926; baseline -0.002 -19"><span class='ocrx_word' id='word_1_91' title='bbox 296 1836 430 1926; x_wconf 90' lang='lat' dir='ltr'><strong>liernm,</strong></span> <span class='ocrx_word' id='word_1_92' title='bbox 456 1856 560 1926; x_wconf 87' lang='lat' dir='ltr'><strong>quem</strong></span> <span class='ocrx_word' id='word_1_93' title='bbox 584 1836 724 1925; x_wconf 83' lang='lat' dir='ltr'><strong>explere</strong></span> <span class='ocrx_word' id='word_1_94' title='bbox 751 1837 786 1906; x_wconf 92' lang='lat' dir='ltr'><strong>in</strong></span> <span class='ocrx_word' id='word_1_95' title='bbox 805 1835 860 1922; x_wconf 89' lang='lat' dir='ltr'><strong>die</strong></span> <span class='ocrx_word' id='word_1_96' title='bbox 879 1836 911 1907; x_wconf 89' lang='lat' dir='ltr'><strong>S.</strong></span> <span class='ocrx_word' id='word_1_97' title='bbox 937 1835 1084 1907; x_wconf 82' lang='lat' dir='ltr'><strong>loannis</strong></span> <span class='ocrx_word' id='word_1_98' title='bbox 1111 1836 1303 1926; x_wconf 86' lang='lat' dir='ltr'><strong>Baptistae,</strong></span> <span class='ocrx_word' id='word_1_99' title='bbox 1321 1839 1383 1907; x_wconf 91' lang='lat' dir='ltr'><strong>aut</strong></span> <span class='ocrx_word' id='word_1_100' title='bbox 1399 1836 1474 1906; x_wconf 90' lang='lat' dir='ltr'><strong>eius</strong></span> <span class='ocrx_word' id='word_1_101' title='bbox 1492 1839 1615 1906; x_wconf 87' lang='lat' dir='ltr'><strong>octava</strong></span> <span class='ocrx_word' id='word_1_102' title='bbox 1641 1834 1850 1924; x_wconf 76' lang='lat' dir='ltr'><strong>obligantur.</strong></span> 
     </span>
    </p>

    <p class='ocr_par' dir='ltr' id='par_1_3' title="bbox 296 1955 1854 3385">
     <span class='ocr_line' id='line_1_13' title="bbox 399 1955 1849 2047; baseline -0.001 -19"><span class='ocrx_word' id='word_1_103' title='bbox 399 1955 720 2046; x_wconf 82' lang='lat' dir='ltr'><strong>Onnzazowrczn,</strong></span> <span class='ocrx_word' id='word_1_104' title='bbox 755 1957 839 2033; x_wconf 88' lang='lat' dir='ltr'><strong>villa</strong></span> <span class='ocrx_word' id='word_1_105' title='bbox 865 1957 929 2029; x_wconf 91' lang='lat' dir='ltr'><strong>snb</strong></span> <span class='ocrx_word' id='word_1_106' title='bbox 957 1956 1124 2047; x_wconf 88' lang='lat' dir='ltr'><strong>parochia</strong></span> <span class='ocrx_word' id='word_1_107' title='bbox 1149 1957 1315 2029; x_wconf 88' lang='lat' dir='ltr'><strong>ecclesiae</strong></span> <span class='ocrx_word' id='word_1_108' title='bbox 1351 1957 1394 2028; x_wconf 94' lang='lat' dir='ltr'><strong>de</strong></span> <span class='ocrx_word' id='word_1_109' title='bbox 1420 1955 1727 2045; x_wconf 81' lang='lat' dir='ltr'><strong>Prandoczyn</strong></span> <span class='ocrx_word' id='word_1_110' title='bbox 1762 1955 1849 2044; x_wconf 90' lang='lat' dir='ltr'><strong>sita,</strong></span> 
     </span>
     <span class='ocr_line' id='line_1_14' title="bbox 296 2076 1847 2169; baseline -0.001 -20"><span class='ocrx_word' id='word_1_111' title='bbox 296 2078 394 2149; x_wconf 88' lang='lat' dir='ltr'><strong>cnius</strong></span> <span class='ocrx_word' id='word_1_112' title='bbox 419 2079 544 2150; x_wconf 80' lang='lat' dir='ltr'><strong>haeres</strong></span> <span class='ocrx_word' id='word_1_113' title='bbox 570 2078 726 2169; x_wconf 86' lang='lat' dir='ltr'><strong>Zegotha</strong></span> <span class='ocrx_word' id='word_1_114' title='bbox 752 2077 968 2150; x_wconf 89' lang='lat' dir='ltr'><strong>Necanda</strong></span> <span class='ocrx_word' id='word_1_115' title='bbox 1002 2078 1046 2149; x_wconf 93' lang='lat' dir='ltr'><strong>de</strong></span> <span class='ocrx_word' id='word_1_116' title='bbox 1073 2079 1179 2149; x_wconf 89' lang='lat' dir='ltr'><strong>armis</strong></span> <span class='ocrx_word' id='word_1_117' title='bbox 1205 2084 1242 2150; x_wconf 91' lang='lat' dir='ltr'><strong>et</strong></span> <span class='ocrx_word' id='word_1_118' title='bbox 1267 2076 1397 2148; x_wconf 83' lang='lat' dir='ltr'><strong>familia</strong></span> <span class='ocrx_word' id='word_1_119' title='bbox 1422 2077 1753 2167; x_wconf 89' lang='lat' dir='ltr'><strong>Bippennium,</strong></span> <span class='ocrx_word' id='word_1_120' title='bbox 1784 2097 1847 2148; x_wconf 92' lang='lat' dir='ltr'><strong>no·</strong></span> 
     </span>
     <span class='ocr_line' id='line_1_15' title="bbox 296 2196 1848 2289; baseline -0.001 -19"><span class='ocrx_word' id='word_1_121' title='bbox 296 2199 385 2288; x_wconf 89' lang='lat' dir='ltr'><strong>bilis,</strong></span> <span class='ocrx_word' id='word_1_122' title='bbox 412 2199 448 2270; x_wconf 94' lang='lat' dir='ltr'><strong>in</strong></span> <span class='ocrx_word' id='word_1_123' title='bbox 475 2219 544 2289; x_wconf 92' lang='lat' dir='ltr'><strong>qua</strong></span> <span class='ocrx_word' id='word_1_124' title='bbox 570 2202 654 2272; x_wconf 86' lang='lat' dir='ltr'><strong>sunt</strong></span> <span class='ocrx_word' id='word_1_125' title='bbox 680 2200 799 2271; x_wconf 90' lang='lat' dir='ltr'><strong>decem</strong></span> <span class='ocrx_word' id='word_1_126' title='bbox 825 2199 916 2269; x_wconf 88' lang='lat' dir='ltr'><strong>lanei</strong></span> <span class='ocrx_word' id='word_1_127' title='bbox 944 2198 1187 2288; x_wconf 86' lang='lat' dir='ltr'><strong>cmethonales,</strong></span> <span class='ocrx_word' id='word_1_128' title='bbox 1215 2199 1299 2270; x_wconf 88' lang='lat' dir='ltr'><strong>item</strong></span> <span class='ocrx_word' id='word_1_129' title='bbox 1326 2219 1396 2269; x_wconf 89' lang='lat' dir='ltr'><strong>una</strong></span> <span class='ocrx_word' id='word_1_130' title='bbox 1421 2199 1568 2269; x_wconf 88' lang='lat' dir='ltr'><strong>taberna</strong></span> <span class='ocrx_word' id='word_1_131' title='bbox 1585 2196 1718 2269; x_wconf 90' lang='lat' dir='ltr'><strong>habens</strong></span> <span class='ocrx_word' id='word_1_132' title='bbox 1735 2217 1848 2287; x_wconf 81' lang='lat' dir='ltr'><strong>agros,</strong></span> 
     </span>
     <span class='ocr_line' id='line_1_16' title="bbox 296 2317 1849 2443; baseline 0 -52"><span class='ocrx_word' id='word_1_133' title='bbox 296 2317 490 2410; x_wconf 90' lang='lat' dir='ltr'><strong>dequibus</strong></span> <span class='ocrx_word' id='word_1_134' title='bbox 518 2320 676 2391; x_wconf 89' lang='lat' dir='ltr'><strong>omnibus</strong></span> <span class='ocrx_word' id='word_1_135' title='bbox 712 2320 860 2390; x_wconf 90' lang='lat' dir='ltr'><strong>solvitur</strong></span> <span class='ocrx_word' id='word_1_136' title='bbox 899 2320 1033 2391; x_wconf 88' lang='lat' dir='ltr'><strong>decima</strong></span> <span class='ocrx_word' id='word_1_137' title='bbox 1059 2320 1284 2410; x_wconf 90' lang='lat' dir='ltr'><strong>manipularis</strong></span> <span class='ocrx_word' id='word_1_138' title='bbox 1320 2340 1383 2409; x_wconf 93' lang='lat' dir='ltr'><strong>pro</strong></span> <span class='ocrx_word' id='word_1_139' title='bbox 1410 2318 1666 2408; x_wconf 89' lang='lat' dir='ltr'><strong>praedicatoria</strong></span> <span class='ocrx_word' id='word_1_140' title='bbox 1690 2317 1849 2443; x_wconf 58' lang='lat' dir='ltr'><strong>prapirrtc</strong></span> 
     </span>
     <span class='ocr_line' id='line_1_17' title="bbox 296 2436 1849 2541; baseline 0.001 -31"><span class='ocrx_word' id='word_1_141' title='bbox 296 2445 334 2513; x_wconf 91' lang='lat' dir='ltr'><strong>ct</strong></span> <span class='ocrx_word' id='word_1_142' title='bbox 359 2460 424 2530; x_wconf 89' lang='lat' dir='ltr'><strong>per</strong></span> <span class='ocrx_word' id='word_1_143' title='bbox 448 2439 579 2511; x_wconf 88' lang='lat' dir='ltr'><strong>incolas</strong></span> <span class='ocrx_word' id='word_1_144' title='bbox 606 2440 744 2511; x_wconf 84' lang='lat' dir='ltr'><strong>ducitur</strong></span> <span class='ocrx_word' id='word_1_145' title='bbox 770 2441 922 2530; x_wconf 91' lang='lat' dir='ltr'><strong>propriis</strong></span> <span class='ocrx_word' id='word_1_146' title='bbox 936 2441 1097 2512; x_wconf 89' lang='lat' dir='ltr'><strong>curribus</strong></span> <span class='ocrx_word' id='word_1_147' title='bbox 1115 2441 1151 2511; x_wconf 94' lang='lat' dir='ltr'><strong>in</strong></span> <span class='ocrx_word' id='word_1_148' title='bbox 1169 2441 1334 2511; x_wconf 91' lang='lat' dir='ltr'><strong>borreum</strong></span> <span class='ocrx_word' id='word_1_149' title='bbox 1351 2461 1374 2510; x_wconf 88' lang='lat' dir='ltr'><strong>a</strong></span> <span class='ocrx_word' id='word_1_150' title='bbox 1390 2439 1631 2529; x_wconf 86' lang='lat' dir='ltr'><strong>praedicatore</strong></span> <span class='ocrx_word' id='word_1_151' title='bbox 1656 2436 1849 2541; x_wconf 56' lang='lat' dir='ltr'><strong>loepndum,</strong></span> 
     </span>
     <span class='ocr_line' id='line_1_18' title="bbox 300 2559 1849 2652; baseline 0 -22"><span class='ocrx_word' id='word_1_152' title='bbox 300 2567 337 2630; x_wconf 91' lang='lat' dir='ltr'><strong>et</strong></span> <span class='ocrx_word' id='word_1_153' title='bbox 363 2560 501 2632; x_wconf 82' lang='lat' dir='ltr'><strong>solvunt</strong></span> <span class='ocrx_word' id='word_1_154' title='bbox 525 2561 694 2632; x_wconf 87' lang='lat' dir='ltr'><strong>decimam</strong></span> <span class='ocrx_word' id='word_1_155' title='bbox 721 2562 844 2651; x_wconf 91' lang='lat' dir='ltr'><strong>canapi</strong></span> <span class='ocrx_word' id='word_1_156' title='bbox 870 2582 933 2651; x_wconf 92' lang='lat' dir='ltr'><strong>per</strong></span> <span class='ocrx_word' id='word_1_157' title='bbox 952 2566 1101 2652; x_wconf 88' lang='lat' dir='ltr'><strong>quatuor</strong></span> <span class='ocrx_word' id='word_1_158' title='bbox 1127 2562 1276 2650; x_wconf 83' lang='lat' dir='ltr'><strong>ierngas,</strong></span> <span class='ocrx_word' id='word_1_159' title='bbox 1294 2566 1331 2632; x_wconf 93' lang='lat' dir='ltr'><strong>et</strong></span> <span class='ocrx_word' id='word_1_160' title='bbox 1349 2559 1679 2647; x_wconf 79' lang='lat' dir='ltr'><strong>aestimatur-valor</strong></span> <span class='ocrx_word' id='word_1_161' title='bbox 1690 2559 1849 2635; x_wconf 87' lang='lat' dir='ltr'><strong>decimae</strong></span> 
     </span>
     <span class='ocr_line' id='line_1_19' title="bbox 298 2672 1850 2783; baseline 0.001 -32"><span class='ocrx_word' id='word_1_162' title='bbox 298 2680 475 2771; x_wconf 87' lang='lat' dir='ltr'><strong>praefatae</strong></span> <span class='ocrx_word' id='word_1_163' title='bbox 501 2682 546 2753; x_wconf 90' lang='lat' dir='ltr'><strong>ad</strong></span> <span class='ocrx_word' id='word_1_164' title='bbox 572 2672 721 2753; x_wconf 87' lang='lat' dir='ltr'><strong>sedecim</strong></span> <span class='ocrx_word' id='word_1_165' title='bbox 757 2703 892 2753; x_wconf 86' lang='lat' dir='ltr'><strong>marcas</strong></span> <span class='ocrx_word' id='word_1_166' title='bbox 923 2681 1113 2753; x_wconf 89' lang='lat' dir='ltr'><strong>communis</strong></span> <span class='ocrx_word' id='word_1_167' title='bbox 1140 2683 1314 2772; x_wconf 89' lang='lat' dir='ltr'><strong>pecuniae.</strong></span> <span class='ocrx_word' id='word_1_168' title='bbox 1357 2681 1446 2753; x_wconf 90' lang='lat' dir='ltr'><strong>Item</strong></span> <span class='ocrx_word' id='word_1_169' title='bbox 1472 2682 1509 2751; x_wconf 95' lang='lat' dir='ltr'><strong>in</strong></span> <span class='ocrx_word' id='word_1_170' title='bbox 1536 2681 1658 2753; x_wconf 88' lang='lat' dir='ltr'><strong>eadem</strong></span> <span class='ocrx_word' id='word_1_171' title='bbox 1682 2680 1768 2783; x_wconf 84' lang='lat' dir='ltr'><strong>villa</strong></span> <span class='ocrx_word' id='word_1_172' title='bbox 1794 2688 1850 2753; x_wconf 89' lang='lat' dir='ltr'><strong>est</strong></span> 
     </span>
     <span class='ocr_line' id='line_1_20' title="bbox 297 2801 1854 2893; baseline 0.001 -20"><span class='ocrx_word' id='word_1_173' title='bbox 297 2801 478 2892; x_wconf 88' lang='lat' dir='ltr'><strong>praedium</strong></span> <span class='ocrx_word' id='word_1_174' title='bbox 504 2823 610 2873; x_wconf 93' lang='lat' dir='ltr'><strong>unum</strong></span> <span class='ocrx_word' id='word_1_175' title='bbox 637 2803 796 2892; x_wconf 89' lang='lat' dir='ltr'><strong>militare,</strong></span> <span class='ocrx_word' id='word_1_176' title='bbox 822 2803 906 2873; x_wconf 88' lang='lat' dir='ltr'><strong>item</strong></span> <span class='ocrx_word' id='word_1_177' title='bbox 933 2808 1082 2893; x_wconf 90' lang='lat' dir='ltr'><strong>quatuor</strong></span> <span class='ocrx_word' id='word_1_178' title='bbox 1107 2803 1327 2874; x_wconf 88' lang='lat' dir='ltr'><strong>hortulaniae</strong></span> <span class='ocrx_word' id='word_1_179' title='bbox 1352 2802 1522 2874; x_wconf 89' lang='lat' dir='ltr'><strong>habentes</strong></span> <span class='ocrx_word' id='word_1_180' title='bbox 1549 2823 1661 2892; x_wconf 81' lang='lat' dir='ltr'><strong>agros,</strong></span> <span class='ocrx_word' id='word_1_181' title='bbox 1687 2823 1730 2874; x_wconf 83' lang='grc'><strong>11</strong></span> <span class='ocrx_word' id='word_1_182' title='bbox 1748 2816 1854 2892; x_wconf 57' lang='lat' dir='ltr'><strong>prae*</strong></span> 
     </span>
     <span class='ocr_line' id='line_1_21' title="bbox 296 2922 1849 3021; baseline 0 -27"><span class='ocrx_word' id='word_1_183' title='bbox 296 2922 355 2994; x_wconf 89' lang='lat' dir='ltr'><strong>dio</strong></span> <span class='ocrx_word' id='word_1_184' title='bbox 381 2922 433 2994; x_wconf 86' lang='lat' dir='ltr'><strong>eis</strong></span> <span class='ocrx_word' id='word_1_185' title='bbox 457 2922 611 3021; x_wconf 76' lang='lat' dir='ltr'><strong>largitos,</strong></span> <span class='ocrx_word' id='word_1_186' title='bbox 639 2923 681 2994; x_wconf 92' lang='lat' dir='ltr'><strong>de</strong></span> <span class='ocrx_word' id='word_1_187' title='bbox 712 2924 838 3014; x_wconf 88' lang='lat' dir='ltr'><strong>quibus</strong></span> <span class='ocrx_word' id='word_1_188' title='bbox 864 2923 1038 3014; x_wconf 87' lang='lat' dir='ltr'><strong>aliquibus</strong></span> <span class='ocrx_word' id='word_1_189' title='bbox 1065 2924 1211 2994; x_wconf 91' lang='lat' dir='ltr'><strong>solvitur</strong></span> <span class='ocrx_word' id='word_1_190' title='bbox 1237 2924 1370 2994; x_wconf 91' lang='lat' dir='ltr'><strong>decima</strong></span> <span class='ocrx_word' id='word_1_191' title='bbox 1386 2923 1611 3013; x_wconf 89' lang='lat' dir='ltr'><strong>manipularis</strong></span> <span class='ocrx_word' id='word_1_192' title='bbox 1637 2922 1785 3012; x_wconf 85' lang='lat' dir='ltr'><strong>plebano</strong></span> <span class='ocrx_word' id='word_1_193' title='bbox 1812 2929 1849 2995; x_wconf 90' lang='lat' dir='ltr'><strong>et</strong></span> 
     </span>
     <span class='ocr_line' id='line_1_22' title="bbox 296 3016 1848 3136; baseline 0.003 -23"><span class='ocrx_word' id='word_1_194' title='bbox 296 3043 462 3114; x_wconf 88' lang='lat' dir='ltr'><strong>ecclesiae</strong></span> <span class='ocrx_word' id='word_1_195' title='bbox 497 3016 533 3113; x_wconf 80' lang='lat' dir='ltr'><strong>in</strong></span> <span class='ocrx_word' id='word_1_196' title='bbox 562 3042 867 3136; x_wconf 80' lang='lat' dir='ltr'><strong>Korzegvvya,</strong></span> <span class='ocrx_word' id='word_1_197' title='bbox 904 3051 940 3114; x_wconf 91' lang='lat' dir='ltr'><strong>et</strong></span> <span class='ocrx_word' id='word_1_198' title='bbox 966 3042 1064 3114; x_wconf 90' lang='lat' dir='ltr'><strong>valor</strong></span> <span class='ocrx_word' id='word_1_199' title='bbox 1090 3045 1295 3116; x_wconf 89' lang='lat' dir='ltr'><strong>aestimatur</strong></span> <span class='ocrx_word' id='word_1_200' title='bbox 1328 3044 1403 3115; x_wconf 90' lang='lat' dir='ltr'><strong>eius</strong></span> <span class='ocrx_word' id='word_1_201' title='bbox 1430 3043 1588 3115; x_wconf 87' lang='lat' dir='ltr'><strong>adduas</strong></span> <span class='ocrx_word' id='word_1_202' title='bbox 1613 3063 1769 3133; x_wconf 82' lang='lat' dir='ltr'><strong>mareas;</strong></span> <span class='ocrx_word' id='word_1_203' title='bbox 1804 3043 1848 3117; x_wconf 92' lang='lat' dir='ltr'><strong>de</strong></span> 
     </span>
     <span class='ocr_line' id='line_1_23' title="bbox 301 3162 1849 3256; baseline 0.003 -22"><span class='ocrx_word' id='word_1_204' title='bbox 301 3162 475 3254; x_wconf 84' lang='lat' dir='ltr'><strong>aliquibus</strong></span> <span class='ocrx_word' id='word_1_205' title='bbox 501 3183 585 3235; x_wconf 88' lang='lat' dir='ltr'><strong>vero</strong></span> <span class='ocrx_word' id='word_1_206' title='bbox 612 3164 758 3237; x_wconf 89' lang='lat' dir='ltr'><strong>ecclesia</strong></span> <span class='ocrx_word' id='word_1_207' title='bbox 783 3166 819 3236; x_wconf 93' lang='lat' dir='ltr'><strong>in</strong></span> <span class='ocrx_word' id='word_1_208' title='bbox 846 3164 1168 3256; x_wconf 83' lang='lat' dir='ltr'><strong>Prandoczyn,</strong></span> <span class='ocrx_word' id='word_1_209' title='bbox 1195 3171 1231 3236; x_wconf 91' lang='lat' dir='ltr'><strong>et</strong></span> <span class='ocrx_word' id='word_1_210' title='bbox 1257 3164 1356 3237; x_wconf 89' lang='lat' dir='ltr'><strong>valor</strong></span> <span class='ocrx_word' id='word_1_211' title='bbox 1382 3165 1459 3236; x_wconf 90' lang='lat' dir='ltr'><strong>eius</strong></span> <span class='ocrx_word' id='word_1_212' title='bbox 1476 3165 1681 3236; x_wconf 91' lang='lat' dir='ltr'><strong>aestimatur</strong></span> <span class='ocrx_word' id='word_1_213' title='bbox 1699 3164 1849 3239; x_wconf 88' lang='lat' dir='ltr'><strong>adduas</strong></span> 
     </span>
     <span class='ocr_line' id='line_1_24' title="bbox 300 3302 1848 3385; baseline -0.001 -31"><span class='ocrx_word' id='word_1_214' title='bbox 300 3302 445 3356; x_wconf 87' lang='lat' dir='ltr'><strong>marcas.</strong></span> <span class='ocrx_word' id='word_1_215' title='bbox 1838 3374 1848 3385; x_wconf 78' lang='lat'><strong>,</strong></span> 
     </span>
    </p>

    <p class='ocr_par' dir='ltr' id='par_1_4' title="bbox 296 3405 1848 3863">
     <span class='ocr_line' id='line_1_25' title="bbox 369 3405 1848 3501; baseline 0.003 -25"><span class='ocrx_word' id='word_1_216' title='bbox 369 3480 372 3489; x_wconf 67' lang='grc'>,</span> <span class='ocrx_word' id='word_1_217' title='bbox 403 3405 755 3478; x_wconf 76' lang='lat' dir='ltr'><strong>Wrsnczsnrwsnn</strong></span> <span class='ocrx_word' id='word_1_218' title='bbox 773 3406 930 3498; x_wconf 82' lang='lat' dir='ltr'><strong>Wonrn,</strong></span> <span class='ocrx_word' id='word_1_219' title='bbox 955 3408 1040 3479; x_wconf 88' lang='lat' dir='ltr'><strong>villa</strong></span> <span class='ocrx_word' id='word_1_220' title='bbox 1057 3409 1122 3479; x_wconf 92' lang='lat' dir='ltr'><strong>snb</strong></span> <span class='ocrx_word' id='word_1_221' title='bbox 1138 3407 1306 3498; x_wconf 88' lang='lat' dir='ltr'><strong>parochia</strong></span> <span class='ocrx_word' id='word_1_222' title='bbox 1323 3405 1489 3479; x_wconf 82' lang='lat' dir='ltr'><strong>ecclesiae</strong></span> <span class='ocrx_word' id='word_1_223' title='bbox 1507 3407 1550 3479; x_wconf 90' lang='lat' dir='ltr'><strong>de</strong></span> <span class='ocrx_word' id='word_1_224' title='bbox 1577 3405 1848 3501; x_wconf 78' lang='lat' dir='ltr'><strong>Goscbcrya</strong></span> 
     </span>
     <span class='ocr_line' id='line_1_26' title="bbox 299 3527 1847 3623; baseline 0.002 -24"><span class='ocrx_word' id='word_1_225' title='bbox 299 3529 375 3617; x_wconf 87' lang='lat' dir='ltr'><strong>sita,</strong></span> <span class='ocrx_word' id='word_1_226' title='bbox 394 3527 491 3599; x_wconf 85' lang='lat' dir='ltr'><strong>onius</strong></span> <span class='ocrx_word' id='word_1_227' title='bbox 509 3527 677 3599; x_wconf 87' lang='lat' dir='ltr'><strong>haeredes</strong></span> <span class='ocrx_word' id='word_1_228' title='bbox 695 3527 969 3602; x_wconf 88' lang='lat' dir='ltr'><strong>Stanislaus</strong></span> <span class='ocrx_word' id='word_1_229' title='bbox 987 3528 1064 3600; x_wconf 82' lang='lat' dir='ltr'><strong>etl</strong></span> <span class='ocrx_word' id='word_1_230' title='bbox 1073 3530 1245 3601; x_wconf 85' lang='lat' dir='ltr'><strong>acubus</strong></span> <span class='ocrx_word' id='word_1_231' title='bbox 1264 3529 1308 3600; x_wconf 91' lang='lat' dir='ltr'><strong>de</strong></span> <span class='ocrx_word' id='word_1_232' title='bbox 1324 3530 1431 3600; x_wconf 89' lang='lat' dir='ltr'><strong>armis</strong></span> <span class='ocrx_word' id='word_1_233' title='bbox 1449 3534 1487 3601; x_wconf 91' lang='lat' dir='ltr'><strong>et</strong></span> <span class='ocrx_word' id='word_1_234' title='bbox 1502 3529 1635 3602; x_wconf 80' lang='lat' dir='ltr'><strong>familia</strong></span> <span class='ocrx_word' id='word_1_235' title='bbox 1652 3530 1847 3623; x_wconf 81' lang='lat' dir='ltr'><strong>Lelywa,</strong></span> 
     </span>
     <span class='ocr_line' id='line_1_27' title="bbox 296 3648 1848 3755; baseline 0.003 -34"><span class='ocrx_word' id='word_1_236' title='bbox 296 3650 332 3720; x_wconf 90' lang='lat' dir='ltr'><strong>in</strong></span> <span class='ocrx_word' id='word_1_237' title='bbox 351 3671 420 3741; x_wconf 90' lang='lat' dir='ltr'><strong>qua</strong></span> <span class='ocrx_word' id='word_1_238' title='bbox 438 3655 520 3741; x_wconf 86' lang='lat' dir='ltr'><strong>sunt</strong></span> <span class='ocrx_word' id='word_1_239' title='bbox 537 3648 732 3739; x_wconf 90' lang='lat' dir='ltr'><strong>quindecim</strong></span> <span class='ocrx_word' id='word_1_240' title='bbox 750 3649 842 3720; x_wconf 89' lang='lat' dir='ltr'><strong>lanei</strong></span> <span class='ocrx_word' id='word_1_241' title='bbox 870 3651 1112 3739; x_wconf 90' lang='lat' dir='ltr'><strong>cmethonales,</strong></span> <span class='ocrx_word' id='word_1_242' title='bbox 1138 3651 1222 3720; x_wconf 88' lang='lat' dir='ltr'><strong>item</strong></span> <span class='ocrx_word' id='word_1_243' title='bbox 1248 3651 1394 3721; x_wconf 89' lang='lat' dir='ltr'><strong>taberna</strong></span> <span class='ocrx_word' id='word_1_244' title='bbox 1420 3651 1552 3722; x_wconf 90' lang='lat' dir='ltr'><strong>habens</strong></span> <span class='ocrx_word' id='word_1_245' title='bbox 1578 3672 1691 3755; x_wconf 86' lang='lat' dir='ltr'><strong>unum</strong></span> <span class='ocrx_word' id='word_1_246' title='bbox 1710 3651 1848 3725; x_wconf 87' lang='lat' dir='ltr'><strong>laneum</strong></span> 
     </span>
     <span class='ocr_line' id='line_1_28' title="bbox 296 3771 1848 3863; baseline 0.001 -21"><span class='ocrx_word' id='word_1_247' title='bbox 296 3772 480 3861; x_wconf 83' lang='lat' dir='ltr'><strong>integrum,</strong></span> <span class='ocrx_word' id='word_1_248' title='bbox 507 3772 590 3841; x_wconf 90' lang='lat' dir='ltr'><strong>item</strong></span> <span class='ocrx_word' id='word_1_249' title='bbox 617 3771 795 3843; x_wconf 89' lang='lat' dir='ltr'><strong>hortulani</strong></span> <span class='ocrx_word' id='word_1_250' title='bbox 822 3777 971 3862; x_wconf 92' lang='lat' dir='ltr'><strong>quatuor</strong></span> <span class='ocrx_word' id='word_1_251' title='bbox 997 3772 1165 3843; x_wconf 90' lang='lat' dir='ltr'><strong>habentes</strong></span> <span class='ocrx_word' id='word_1_252' title='bbox 1193 3793 1296 3862; x_wconf 77' lang='lat' dir='ltr'><strong>agros</strong></span> <span class='ocrx_word' id='word_1_253' title='bbox 1322 3771 1489 3861; x_wconf 87' lang='lat' dir='ltr'><strong>curiales,</strong></span> <span class='ocrx_word' id='word_1_254' title='bbox 1517 3773 1577 3863; x_wconf 94' lang='lat' dir='ltr'><strong>qui</strong></span> <span class='ocrx_word' id='word_1_255' title='bbox 1603 3779 1772 3846; x_wconf 84' lang='lat' dir='ltr'><strong>vocantur</strong></span> <span class='ocrx_word' id='word_1_256' title='bbox 1797 3771 1848 3844; x_wconf 82' lang='lat' dir='ltr'><strong>ia·</strong></span> 
     </span>
    </p>
   </div>
   <div class='ocr_carea' id='block_1_3' title="bbox 169 3891 1848 3986">
    <p class='ocr_par' dir='ltr' id='par_1_5' title="bbox 169 3891 1848 3986">
     <span class='ocr_line' id='line_1_29' title="bbox 169 3891 1848 3986; baseline 0.005 -28"><span class='ocrx_word' id='word_1_257' title='bbox 169 3982 171 3986; x_wconf 10' lang='grc' dir='ltr'><em>Α</em></span> <span class='ocrx_word' id='word_1_258' title='bbox 298 3901 436 3986; x_wconf 73' lang='lat' dir='ltr'><strong>trayny3</strong></span> <span class='ocrx_word' id='word_1_259' title='bbox 463 3892 548 3963; x_wconf 92' lang='lat' dir='ltr'><strong>item</strong></span> <span class='ocrx_word' id='word_1_260' title='bbox 575 3891 709 3963; x_wconf 89' lang='lat' dir='ltr'><strong>decima</strong></span> <span class='ocrx_word' id='word_1_261' title='bbox 735 3893 961 3983; x_wconf 88' lang='lat' dir='ltr'><strong>manipularis</strong></span> <span class='ocrx_word' id='word_1_262' title='bbox 978 3893 1116 3964; x_wconf 84' lang='lat' dir='ltr'><strong>invilla</strong></span> <span class='ocrx_word' id='word_1_263' title='bbox 1142 3893 1262 3964; x_wconf 87' lang='lat' dir='ltr'><strong>eadem</strong></span> <span class='ocrx_word' id='word_1_264' title='bbox 1280 3892 1552 3982; x_wconf 77' lang='lat' dir='ltr'><strong>diversificatur,</strong></span> <span class='ocrx_word' id='word_1_265' title='bbox 1579 3914 1660 3964; x_wconf 91' lang='lat' dir='ltr'><strong>nam</strong></span> <span class='ocrx_word' id='word_1_266' title='bbox 1677 3892 1721 3965; x_wconf 93' lang='lat' dir='ltr'><strong>de</strong></span> <span class='ocrx_word' id='word_1_267' title='bbox 1739 3896 1848 3967; x_wconf 90' lang='lat' dir='ltr'><strong>omni·</strong></span> 
     </span>
    </p>
   </div>
   <div class='ocr_carea' id='block_1_4' title="bbox 214 4012 1917 5447">
    <p class='ocr_par' dir='ltr' id='par_1_6' title="bbox 296 4012 1849 4469">
     <span class='ocr_line' id='line_1_30' title="bbox 299 4012 1848 4105; baseline 0.003 -23"><span class='ocrx_word' id='word_1_268' title='bbox 299 4012 365 4082; x_wconf 91' lang='lat' dir='ltr'><strong>bus</strong></span> <span class='ocrx_word' id='word_1_269' title='bbox 392 4013 487 4101; x_wconf 84' lang='lat' dir='ltr'><strong>agris</strong></span> <span class='ocrx_word' id='word_1_270' title='bbox 514 4017 550 4083; x_wconf 92' lang='lat' dir='ltr'><strong>et</strong></span> <span class='ocrx_word' id='word_1_271' title='bbox 575 4013 687 4084; x_wconf 89' lang='lat' dir='ltr'><strong>laneis</strong></span> <span class='ocrx_word' id='word_1_272' title='bbox 713 4019 786 4085; x_wconf 92' lang='lat' dir='ltr'><strong>tam</strong></span> <span class='ocrx_word' id='word_1_273' title='bbox 813 4013 1088 4085; x_wconf 89' lang='lat' dir='ltr'><strong>cmethonalibus</strong></span> <span class='ocrx_word' id='word_1_274' title='bbox 1115 4022 1218 4104; x_wconf 90' lang='lat' dir='ltr'><strong>quam</strong></span> <span class='ocrx_word' id='word_1_275' title='bbox 1236 4015 1472 4086; x_wconf 90' lang='lat' dir='ltr'><strong>tabernatoris</strong></span> <span class='ocrx_word' id='word_1_276' title='bbox 1498 4014 1534 4085; x_wconf 93' lang='lat' dir='ltr'><strong>in</strong></span> <span class='ocrx_word' id='word_1_277' title='bbox 1560 4021 1661 4105; x_wconf 89' lang='lat' dir='ltr'><strong>parte</strong></span> <span class='ocrx_word' id='word_1_278' title='bbox 1689 4016 1848 4089; x_wconf 86' lang='lat' dir='ltr'><strong>occiden-</strong></span> 
     </span>
     <span class='ocr_line' id='line_1_31' title="bbox 298 4130 1847 4226; baseline 0.005 -25"><span class='ocrx_word' id='word_1_279' title='bbox 298 4130 364 4201; x_wconf 92' lang='lat' dir='ltr'><strong>tali</strong></span> <span class='ocrx_word' id='word_1_280' title='bbox 382 4137 419 4201; x_wconf 92' lang='lat' dir='ltr'><strong>et</strong></span> <span class='ocrx_word' id='word_1_281' title='bbox 436 4133 630 4222; x_wconf 90' lang='lat' dir='ltr'><strong>aquilonari</strong></span> <span class='ocrx_word' id='word_1_282' title='bbox 648 4154 691 4204; x_wconf 84' lang='lat' dir='ltr'><strong>ex</strong></span> <span class='ocrx_word' id='word_1_283' title='bbox 708 4135 771 4205; x_wconf 88' lang='lat' dir='ltr'><strong>illa</strong></span> <span class='ocrx_word' id='word_1_284' title='bbox 796 4142 897 4225; x_wconf 91' lang='lat' dir='ltr'><strong>parte</strong></span> <span class='ocrx_word' id='word_1_285' title='bbox 928 4135 1032 4206; x_wconf 90' lang='lat' dir='ltr'><strong>villae</strong></span> <span class='ocrx_word' id='word_1_286' title='bbox 1058 4156 1181 4207; x_wconf 91' lang='lat' dir='ltr'><strong>versus</strong></span> <span class='ocrx_word' id='word_1_287' title='bbox 1207 4134 1431 4207; x_wconf 85' lang='lat' dir='ltr'><strong>Miechow</strong></span> <span class='ocrx_word' id='word_1_288' title='bbox 1458 4135 1632 4226; x_wconf 91' lang='lat' dir='ltr'><strong>oppidum,</strong></span> <span class='ocrx_word' id='word_1_289' title='bbox 1649 4142 1686 4208; x_wconf 92' lang='lat' dir='ltr'><strong>et</strong></span> <span class='ocrx_word' id='word_1_290' title='bbox 1703 4137 1847 4209; x_wconf 87' lang='lat' dir='ltr'><strong>Wilcz-</strong></span> 
     </span>
     <span class='ocr_line' id='line_1_32' title="bbox 296 4252 1849 4348; baseline 0.005 -24"><span class='ocrx_word' id='word_1_291' title='bbox 296 4252 502 4325; x_wconf 84' lang='lat' dir='ltr'><strong>kouicze</strong></span> <span class='ocrx_word' id='word_1_292' title='bbox 528 4254 646 4325; x_wconf 89' lang='lat' dir='ltr'><strong>villam</strong></span> <span class='ocrx_word' id='word_1_293' title='bbox 673 4256 873 4346; x_wconf 86' lang='lat' dir='ltr'><strong>iacentibus,</strong></span> <span class='ocrx_word' id='word_1_294' title='bbox 910 4257 1058 4330; x_wconf 86' lang='lat' dir='ltr'><strong>solvitur</strong></span> <span class='ocrx_word' id='word_1_295' title='bbox 1084 4257 1217 4328; x_wconf 87' lang='lat' dir='ltr'><strong>decima</strong></span> <span class='ocrx_word' id='word_1_296' title='bbox 1243 4256 1469 4347; x_wconf 89' lang='lat' dir='ltr'><strong>manipularis</strong></span> <span class='ocrx_word' id='word_1_297' title='bbox 1504 4277 1568 4346; x_wconf 92' lang='lat' dir='ltr'><strong>pro</strong></span> <span class='ocrx_word' id='word_1_298' title='bbox 1594 4258 1849 4348; x_wconf 84' lang='lat' dir='ltr'><strong>praedicatoria</strong></span> 
     </span>
     <span class='ocr_line' id='line_1_33' title="bbox 297 4375 1849 4469; baseline 0.005 -22"><span class='ocrx_word' id='word_1_299' title='bbox 297 4375 486 4466; x_wconf 82' lang='lat' dir='ltr'><strong>praedicta,</strong></span> <span class='ocrx_word' id='word_1_300' title='bbox 514 4382 551 4447; x_wconf 92' lang='lat' dir='ltr'><strong>et</strong></span> <span class='ocrx_word' id='word_1_301' title='bbox 576 4383 741 4449; x_wconf 89' lang='lat' dir='ltr'><strong>tenentur</strong></span> <span class='ocrx_word' id='word_1_302' title='bbox 766 4378 861 4449; x_wconf 89' lang='lat' dir='ltr'><strong>illam</strong></span> <span class='ocrx_word' id='word_1_303' title='bbox 888 4378 1020 4450; x_wconf 90' lang='lat' dir='ltr'><strong>incolae</strong></span> <span class='ocrx_word' id='word_1_304' title='bbox 1054 4379 1205 4469; x_wconf 92' lang='lat' dir='ltr'><strong>propriis</strong></span> <span class='ocrx_word' id='word_1_305' title='bbox 1232 4379 1391 4450; x_wconf 88' lang='lat' dir='ltr'><strong>curribus</strong></span> <span class='ocrx_word' id='word_1_306' title='bbox 1421 4377 1548 4450; x_wconf 86' lang='lat' dir='ltr'><strong>ducere</strong></span> <span class='ocrx_word' id='word_1_307' title='bbox 1573 4379 1610 4450; x_wconf 93' lang='lat' dir='ltr'><strong>in</strong></span> <span class='ocrx_word' id='word_1_308' title='bbox 1636 4380 1849 4453; x_wconf 88' lang='lat' dir='ltr'><strong>horreuma</strong></span> 
     </span>
    </p>

    <p class='ocr_par' dir='ltr' id='par_1_7' title="bbox 214 4496 1917 5447">
     <span class='ocr_line' id='line_1_34' title="bbox 392 4496 1848 4591; baseline 0.004 -23"><span class='ocrx_word' id='word_1_309' title='bbox 392 4497 414 4587; x_wconf 67' lang='lat' dir='ltr'><strong><em>J</em></strong></span> <span class='ocrx_word' id='word_1_310' title='bbox 457 4502 535 4569; x_wconf 92' lang='lat' dir='ltr'><strong>tore</strong></span> <span class='ocrx_word' id='word_1_311' title='bbox 562 4496 752 4589; x_wconf 88' lang='lat' dir='ltr'><strong>locandum,</strong></span> <span class='ocrx_word' id='word_1_312' title='bbox 779 4505 816 4570; x_wconf 91' lang='lat' dir='ltr'><strong>et</strong></span> <span class='ocrx_word' id='word_1_313' title='bbox 842 4499 981 4571; x_wconf 90' lang='lat' dir='ltr'><strong>solvunt</strong></span> <span class='ocrx_word' id='word_1_314' title='bbox 1014 4500 1181 4571; x_wconf 88' lang='lat' dir='ltr'><strong>decimam</strong></span> <span class='ocrx_word' id='word_1_315' title='bbox 1208 4500 1331 4590; x_wconf 87' lang='lat' dir='ltr'><strong>canapi</strong></span> <span class='ocrx_word' id='word_1_316' title='bbox 1357 4520 1421 4589; x_wconf 91' lang='lat' dir='ltr'><strong>per</strong></span> <span class='ocrx_word' id='word_1_317' title='bbox 1447 4499 1534 4571; x_wconf 87' lang='lat' dir='ltr'><strong>duas</strong></span> <span class='ocrx_word' id='word_1_318' title='bbox 1560 4501 1708 4591; x_wconf 80' lang='lat' dir='ltr'><strong>ierugas·</strong></span> <span class='ocrx_word' id='word_1_319' title='bbox 1726 4506 1762 4573; x_wconf 95' lang='grc'><strong>11</strong></span> <span class='ocrx_word' id='word_1_320' title='bbox 1788 4522 1848 4574; x_wconf 86' lang='lat' dir='ltr'><strong>ra·</strong></span> 
     </span>
     <span class='ocr_line' id='line_1_35' title="bbox 290 4598 1847 4713; baseline 0.004 -24"><span class='ocrx_word' id='word_1_321' title='bbox 290 4598 451 4689; x_wconf 60' lang='lat' dir='ltr'><strong>ludum</strong></span> <span class='ocrx_word' id='word_1_322' title='bbox 477 4620 684 4691; x_wconf 87' lang='lat' dir='ltr'><strong>aestimatur</strong></span> <span class='ocrx_word' id='word_1_323' title='bbox 709 4619 755 4690; x_wconf 89' lang='lat' dir='ltr'><strong>ad</strong></span> <span class='ocrx_word' id='word_1_324' title='bbox 781 4620 975 4710; x_wconf 85' lang='lat' dir='ltr'><strong>quindecim</strong></span> <span class='ocrx_word' id='word_1_325' title='bbox 1003 4640 1156 4710; x_wconf 89' lang='lat' dir='ltr'><strong>mareas;</strong></span> <span class='ocrx_word' id='word_1_326' title='bbox 1191 4620 1235 4692; x_wconf 92' lang='lat' dir='ltr'><strong>de</strong></span> <span class='ocrx_word' id='word_1_327' title='bbox 1261 4621 1371 4692; x_wconf 89' lang='lat' dir='ltr'><strong>laneis</strong></span> <span class='ocrx_word' id='word_1_328' title='bbox 1398 4641 1481 4692; x_wconf 90' lang='lat' dir='ltr'><strong>vero</strong></span> <span class='ocrx_word' id='word_1_329' title='bbox 1508 4629 1545 4692; x_wconf 92' lang='lat' dir='ltr'><strong>et</strong></span> <span class='ocrx_word' id='word_1_330' title='bbox 1572 4623 1666 4713; x_wconf 82' lang='lat' dir='ltr'><strong>agris</strong></span> <span class='ocrx_word' id='word_1_331' title='bbox 1694 4624 1847 4698; x_wconf 89' lang='lat' dir='ltr'><strong>cmetho·</strong></span> 
     </span>
     <span class='ocr_line' id='line_1_36' title="bbox 296 4737 1848 4831; baseline 0.006 -23"><span class='ocrx_word' id='word_1_332' title='bbox 296 4737 442 4827; x_wconf 81' lang='grc'><strong>1111111111,</strong></span> <span class='ocrx_word' id='word_1_333' title='bbox 469 4744 507 4810; x_wconf 92' lang='grc'><strong>11</strong></span> <span class='ocrx_word' id='word_1_334' title='bbox 532 4739 576 4810; x_wconf 88' lang='lat' dir='ltr'><strong>de</strong></span> <span class='ocrx_word' id='word_1_335' title='bbox 601 4741 696 4831; x_wconf 80' lang='lat' dir='ltr'><strong>agris</strong></span> <span class='ocrx_word' id='word_1_336' title='bbox 724 4741 876 4813; x_wconf 93' lang='lat' dir='ltr'><strong>omnium</strong></span> <span class='ocrx_word' id='word_1_337' title='bbox 902 4742 1166 4813; x_wconf 89' lang='lat' dir='ltr'><strong>hortulanorum</strong></span> <span class='ocrx_word' id='word_1_338' title='bbox 1192 4762 1313 4814; x_wconf 89' lang='lat' dir='ltr'><strong>versus</strong></span> <span class='ocrx_word' id='word_1_339' title='bbox 1345 4742 1517 4814; x_wconf 90' lang='lat' dir='ltr'><strong>orientem</strong></span> <span class='ocrx_word' id='word_1_340' title='bbox 1542 4749 1579 4814; x_wconf 91' lang='lat' dir='ltr'><strong>et</strong></span> <span class='ocrx_word' id='word_1_341' title='bbox 1605 4744 1785 4819; x_wconf 90' lang='lat' dir='ltr'><strong>meridiem</strong></span> <span class='ocrx_word' id='word_1_342' title='bbox 1811 4750 1848 4817; x_wconf 90' lang='lat' dir='ltr'><strong>et</strong></span> 
     </span>
     <span class='ocr_line' id='line_1_37' title="bbox 295 4857 1847 4954; baseline 0.009 -25"><span class='ocrx_word' id='word_1_343' title='bbox 295 4878 418 4930; x_wconf 85' lang='lat' dir='ltr'><strong>versus</strong></span> <span class='ocrx_word' id='word_1_344' title='bbox 444 4857 714 4933; x_wconf 77' lang='lat' dir='ltr'><strong>cracoviam</strong></span> <span class='ocrx_word' id='word_1_345' title='bbox 742 4866 779 4932; x_wconf 94' lang='lat' dir='ltr'><strong>et</strong></span> <span class='ocrx_word' id='word_1_346' title='bbox 805 4862 1218 4935; x_wconf 87' lang='lat' dir='ltr'><strong>Wianczslawicze</strong></span> <span class='ocrx_word' id='word_1_347' title='bbox 1245 4863 1341 4954; x_wconf 89' lang='lat' dir='ltr'><strong>sitis,</strong></span> <span class='ocrx_word' id='word_1_348' title='bbox 1367 4864 1517 4954; x_wconf 91' lang='lat' dir='ltr'><strong>percipit</strong></span> <span class='ocrx_word' id='word_1_349' title='bbox 1544 4864 1712 4937; x_wconf 89' lang='lat' dir='ltr'><strong>decimam</strong></span> <span class='ocrx_word' id='word_1_350' title='bbox 1737 4867 1847 4943; x_wconf 73' lang='lat' dir='ltr'><strong>mani·</strong></span> 
     </span>
     <span class='ocr_line' id='line_1_38' title="bbox 214 4979 1848 5083; baseline 0.006 -32"><span class='ocrx_word' id='word_1_351' title='bbox 214 5077 221 5083; x_wconf 10' lang='grc' dir='ltr'><strong><em>ὁ</em></strong></span> <span class='ocrx_word' id='word_1_352' title='bbox 296 4979 454 5071; x_wconf 88' lang='lat' dir='ltr'><strong>pnlarem</strong></span> <span class='ocrx_word' id='word_1_353' title='bbox 481 4981 627 5053; x_wconf 87' lang='lat' dir='ltr'><strong>ecclesia</strong></span> <span class='ocrx_word' id='word_1_354' title='bbox 643 4983 851 5072; x_wconf 85' lang='lat' dir='ltr'><strong>parochialis</strong></span> <span class='ocrx_word' id='word_1_355' title='bbox 878 4990 915 5054; x_wconf 88' lang='lat' dir='ltr'><strong>et</strong></span> <span class='ocrx_word' id='word_1_356' title='bbox 941 4984 1110 5075; x_wconf 87' lang='lat' dir='ltr'><strong>plebanus</strong></span> <span class='ocrx_word' id='word_1_357' title='bbox 1136 4986 1172 5056; x_wconf 92' lang='lat' dir='ltr'><strong>in</strong></span> <span class='ocrx_word' id='word_1_358' title='bbox 1199 4984 1247 5055; x_wconf 88' lang='lat' dir='ltr'>W</span> <span class='ocrx_word' id='word_1_359' title='bbox 1254 4986 1631 5076; x_wconf 82' lang='lat' dir='ltr'><strong>yanczslawicze.</strong></span> <span class='ocrx_word' id='word_1_360' title='bbox 1657 4985 1725 5065; x_wconf 80' lang='lat' dir='ltr'><strong>Est</strong></span> <span class='ocrx_word' id='word_1_361' title='bbox 1741 4989 1848 5061; x_wconf 87' lang='lat' dir='ltr'><strong>etiam</strong></span> 
     </span>
     <span class='ocr_line' id='line_1_39' title="bbox 295 5099 1847 5201; baseline 0.006 -28"><span class='ocrx_word' id='word_1_362' title='bbox 295 5102 333 5173; x_wconf 89' lang='lat' dir='ltr'><strong>in</strong></span> <span class='ocrx_word' id='word_1_363' title='bbox 359 5099 480 5172; x_wconf 85' lang='lat' dir='ltr'><strong>eadem</strong></span> <span class='ocrx_word' id='word_1_364' title='bbox 505 5102 590 5174; x_wconf 84' lang='lat' dir='ltr'><strong>villa</strong></span> <span class='ocrx_word' id='word_1_365' title='bbox 623 5122 695 5174; x_wconf 89' lang='lat' dir='ltr'><strong>nna</strong></span> <span class='ocrx_word' id='word_1_366' title='bbox 720 5103 818 5174; x_wconf 89' lang='lat' dir='ltr'><strong>curia</strong></span> <span class='ocrx_word' id='word_1_367' title='bbox 844 5105 1024 5195; x_wconf 91' lang='lat' dir='ltr'><strong>militaris,</strong></span> <span class='ocrx_word' id='word_1_368' title='bbox 1050 5107 1182 5178; x_wconf 90' lang='lat' dir='ltr'><strong>babens</strong></span> <span class='ocrx_word' id='word_1_369' title='bbox 1216 5126 1319 5198; x_wconf 83' lang='lat' dir='ltr'><strong>agros</strong></span> <span class='ocrx_word' id='word_1_370' title='bbox 1351 5107 1547 5198; x_wconf 89' lang='lat' dir='ltr'><strong>praediales</strong></span> <span class='ocrx_word' id='word_1_371' title='bbox 1581 5109 1768 5201; x_wconf 79' lang='lat' dir='ltr'><strong>speciales,</strong></span> <span class='ocrx_word' id='word_1_372' title='bbox 1803 5108 1847 5184; x_wconf 89' lang='lat' dir='ltr'><strong>de</strong></span> 
     </span>
     <span class='ocr_line' id='line_1_40' title="bbox 296 5222 1847 5322; baseline 0.005 -28"><span class='ocrx_word' id='word_1_373' title='bbox 296 5223 423 5314; x_wconf 91' lang='lat' dir='ltr'><strong>quibus</strong></span> <span class='ocrx_word' id='word_1_374' title='bbox 450 5222 616 5295; x_wconf 88' lang='lat' dir='ltr'><strong>decimam</strong></span> <span class='ocrx_word' id='word_1_375' title='bbox 632 5224 880 5315; x_wconf 91' lang='lat' dir='ltr'><strong>manipularem</strong></span> <span class='ocrx_word' id='word_1_376' title='bbox 906 5227 1058 5316; x_wconf 85' lang='lat' dir='ltr'><strong>percipit</strong></span> <span class='ocrx_word' id='word_1_377' title='bbox 1083 5227 1230 5300; x_wconf 87' lang='lat' dir='ltr'><strong>ecclesia</strong></span> <span class='ocrx_word' id='word_1_378' title='bbox 1246 5235 1284 5300; x_wconf 92' lang='lat' dir='ltr'><strong>et</strong></span> <span class='ocrx_word' id='word_1_379' title='bbox 1302 5229 1470 5320; x_wconf 89' lang='lat' dir='ltr'><strong>plebanus</strong></span> <span class='ocrx_word' id='word_1_380' title='bbox 1495 5228 1847 5322; x_wconf 77' lang='lat' dir='ltr'><strong>inwyancrsla-</strong></span> 
     </span>
     <span class='ocr_line' id='line_1_41' title="bbox 295 5343 1917 5447; baseline 0.006 -32"><span class='ocrx_word' id='word_1_381' title='bbox 295 5343 446 5442; x_wconf 73' lang='lat' dir='ltr'><strong>viere,</strong></span> <span class='ocrx_word' id='word_1_382' title='bbox 472 5348 510 5415; x_wconf 88' lang='lat' dir='ltr'><strong>et</strong></span> <span class='ocrx_word' id='word_1_383' title='bbox 534 5344 634 5418; x_wconf 88' lang='lat' dir='ltr'><strong>valor</strong></span> <span class='ocrx_word' id='word_1_384' title='bbox 660 5345 812 5417; x_wconf 89' lang='lat' dir='ltr'><strong>decimae</strong></span> <span class='ocrx_word' id='word_1_385' title='bbox 839 5347 1041 5447; x_wconf 73' lang='lat' dir='ltr'><strong>praedialis,</strong></span> <span class='ocrx_word' id='word_1_386' title='bbox 1064 5353 1101 5419; x_wconf 91' lang='lat' dir='ltr'><strong>et</strong></span> <span class='ocrx_word' id='word_1_387' title='bbox 1126 5356 1207 5447; x_wconf 87' lang='lat' dir='ltr'><strong>post</strong></span> <span class='ocrx_word' id='word_1_388' title='bbox 1233 5351 1433 5440; x_wconf 82' lang='lat' dir='ltr'><strong>cmethones</strong></span> <span class='ocrx_word' id='word_1_389' title='bbox 1451 5357 1488 5426; x_wconf 85' lang='lat' dir='ltr'><strong>ct</strong></span> <span class='ocrx_word' id='word_1_390' title='bbox 1503 5351 1718 5445; x_wconf 80' lang='lat' dir='ltr'><strong>hortolanos,</strong></span> <span class='ocrx_word' id='word_1_391' title='bbox 1745 5373 1849 5447; x_wconf 88' lang='lat' dir='ltr'><strong>quarn</strong></span> <span class='ocrx_word' id='word_1_392' title='bbox 1911 5408 1917 5425; x_wconf 68' lang='grc'>,</span> 
     </span>
    </p>
   </div>
   <div class='ocr_carea' id='block_1_5' title="bbox 0 0 2030 6053">
    <p class='ocr_par' dir='ltr' id='par_1_8' title="bbox 0 0 2030 6053">
     <span class='ocr_line' id='line_1_42' title="bbox 0 0 2030 6053; baseline 0 0"><span class='ocrx_word' id='word_1_393' title='bbox 0 0 2030 6053; x_wconf 95' lang='lat' dir='ltr'><strong> </strong></span> 
     </span>
    </p>
   </div>
  </div>
 </body>
</html>
