4050 6054
1743 453 1811 525 189

367 662 486 734 Tertia
512 661 633 733 domus
660 662 703 733 ab
724 661 797 732 acic
824 661 860 732 ιι
884 665 983 750 parte
1010 660 1136 745 dextra
1160 679 1224 750 per
1250 658 1495 769 sbigneum
1522 665 1662 732 sanctae
1687 681 1815 732 memo-

263 784 336 854 riae
363 781 572 853 cardinalem
599 789 636 853 et
653 783 851 872 episcopum
878 779 1155 869 cracoviensem,
1181 779 1272 869 apud
1291 779 1432 851 Petrum
1459 778 1814 879 Schalfflnyecz
1953 833 1958 842 ,

157 884 161 892 Ι
201 984 204 988 ,
264 903 307 975 de
329 902 623 995 Pyeszkowa·
642 901 800 990 Skala,
827 901 1116 984 succamerarium
1143 898 1423 990 Gracoviensem,
1450 901 1600 972 nobilem
1633 900 1678 972 de
1713 901 1814 974 domo

188 1120 191 1125 Ι
263 1024 575 1129 Antiquarum
600 997 841 1113 Ebc-orum,
868 1042 897 1091 a
915 1021 957 1091 Ι).
980 1021 1087 1125 14ι3.
1107 1040 1171 1109 pro
1190 1020 1347 1093 ducentis
1365 1021 1490 1091 marcis
1508 1021 1699 1093 mediorum
1716 1042 1815 1111 gros·

266 1164 384 1215 sorum
410 1149 543 1233 empta,
580 1146 616 1213 et
641 1142 678 1212 in
705 1141 813 1212 muris
848 1141 920 1212 suis
935 1140 1100 1230 :antiquis
1127 1141 1329 1214 notabiliter
1355 1140 1499 1230 refecta,
1544 1145 1647 1231 atque
1674 1140 1719 1212 ad
1745 1141 1816 1213 lor·

264 1285 355 1335 mam
380 1264 505 1335 bonam
532 1262 674 1334 redacta
699 1268 734 1333 et
762 1261 912 1351 capitulo
939 1259 1159 1333 cracoviensi
1190 1268 1360 1351 perpetua
1386 1261 1573 1333 donatione
1599 1261 1727 1334 donata
1752 1267 1814 1353 est,

263 1385 360 1457 cuius
387 1384 600 1456 inhabitator
633 1383 810 1474 praelatus
846 1388 887 1480 et·
913 1383 1097 1453 canonicus
1133 1380 1390 1477 cracovienoip,
1417 1383 1692 1455 anniversarium
1723 1383 1815 1454 eius·

264 1506 341 1577 dem
368 1504 553 1576 cardinalis
579 1511 616 1576 et
642 1505 794 1595 episcopi
821 1503 1022 1593 agentibus,
1049 1504 1085 1572 in
1102 1503 1215 1593 primo
1242 1503 1326 1575 dicti
1353 1503 1539 1577 cardinalis
1566 1505 1815 1594 anniversario,

264 1627 379 1717 prima
405 1627 567 1696 videlicet
594 1626 650 1696 die
669 1625 811 1715 Aprilis
840 1645 908 1713 qna
925 1624 1000 1713 ipse
1018 1623 1203 1696 cardinalis
1220 1625 1326 1695 rebus
1343 1624 1503 1696 humanis
1521 1624 1725 1715 adsumptus
1751 1631 1814 1716 est,

207 1830 210 1836 A
265 1746 351 1818 duas
378 1766 512 1817 marcas
539 1746 640 1816 annis
667 1745 814 1834 singulis
842 1743 976 1814 solvere
1002 1749 1158 1834 tenetur,
1186 1744 1228 1815 de
1256 1763 1323 1834 quo
1350 1745 1387 1815 in
1414 1745 1550 1816 aerario
1578 1743 1816 1817 Gracoviensis

229 1868 428 1979 ¹¹,ecclesiae
449 1867 598 1937 habetur
616 1866 680 1937 sub
699 1864 801 1936 titulo
820 1869 858 1945 et
871 1864 984 1954 sigillo
1004 1864 1146 1953 capituli
1164 1863 1404 1937 cvacoviensis
1422 1864 1639 1955 privilegium
1658 1865 1816 1956 speciale.

244 1998 249 2009 '
368 1986 500 2075 Quarta
527 1986 650 2056 domus
678 1987 721 2056 ab
746 1985 820 2056 acie
846 1985 882 2055 ιι
900 1990 999 2075 parta
1027 1985 1152 2055 dextra
1177 2005 1240 2074 per
1265 1985 1466 2057 Florianum
1492 1986 1536 2057 de
1562 1986 1813 2058 Mokrzsko
1953 2026 1958 2036 ·

263 2109 461 2198 episcopum
488 2106 758 2195 cvacoviensem,
786 2106 935 2176 nobilem
962 2105 1124 2177 dedomo
1151 2106 1400 2177 Hastarum
1425 2106 1511 2177 alias
1538 2106 1814 2198 Koslarogy,

265 2250 341 2299 cnm
369 2249 432 2298 sua
449 2247 531 2299 area
557 2227 708 2318 capitulo
731 2225 951 2298 Gracoviensi
969 2232 1092 2315 perpet
1093 2248 1136 2298 no
1076 2227 1291 2298 tdonata
1317 2233 1371 2299 est
1389 2247 1419 2297 a
1437 2227 1478 2297 D
1497 2227 1664 2299 milesimo
1680 2232 1816 2340 trecep-

266 2350 388 2420 tesimo
408 2400 682 2419 ...........
700 2353 817 2437 etper
834 2347 947 2437 ipsum
969 2369 991 2418 a
1008 2348 1129 2438 primis
1146 2345 1355 2419 hindament
1330 2352 1376 2418 trs
1395 2352 1540 2436 murata,
1567 2347 1664 2419 cuius
1681 2328 1817 2423 imitr-

264 2475 360 2540 tator
385 2469 522 2539 ratione
549 2489 671 2540 census
698 2469 912 2539 terrestris
903 2490 939 2539 m
966 2468 1203 2539 anniversario
1220 2468 1384 2541 ciusdem
1410 2467 1626 2539 Floriani
1652 2469 1814 2559 episcopi,

265 2590 486 2660 universitati
504 2589 712 2659 vicariorum
730 2589 895 2659 ecclesiae
919 2587 1157 2660 cracoviensis
1184 2587 1270 2659 duas
1297 2608 1431 2659 marcas
1459 2588 1558 2659 annis
1577 2587 1722 2678 siugulis
1749 2588 1817 2661 sol·

264 2730 346 2781 vere
373 2715 527 2798 tenetur,
560 2708 602 2790 de
633 2730 700 2800 quo
728 2709 838 2800 ipsius
865 2709 1079 2779 Floriani
1114 2709 1265 2799 episcopi
1300 2710 1449 2780 habetur
1480 2710 1516 2779 ιι
1534 2708 1668 2781 aerario
1694 2707 1818 2783 craco-

263 2830 376 2902 viensi
403 2830 622 2921 privilegium
649 2829 806 2920 speciale.

369 2942 635 3039 Quinta‘domns
662 2951 697 3021 in
716 2954 816 3041 parte
834 2950 959 3024 dextra
970 2951 1053 3040 sita,
1080 2970 1142 3041 per
1160 2951 1363 3042 magistram
1390 2950 1559 3023 Paulum
1580 2949 1817 3042 vladimiri,

195 3128 204 3135 .
266 3073 483 3144 decretorum
497 3071 672 3144 doctorem
692 3076 728 3143 et
741 3072 942 3143 canonicum
961 3070 1231 3162 Oracoviensem,
1248 3072 1400 3144 nobilem
1417 3071 1576 3144 dedomo
1594 3071 1816 3163 Dolanga,

271 3195 307 3265 in
334 3184 434 3265 terra'
458 3197 494 3263 et
521 3213 603 3263 area
630 3192 812 3282 capitulari
847 3214 869 3264 a
894 3194 1015 3282 primis
1041 3192 1273 3264 fundamentis
1309 3192 1489 3283 magnifico
1517 3197 1656 3284 sumptu
1682 3200 1818 3265 murata
1958 3235 1960 3239 v

265 3320 337 3404 est,
378 3313 475 3385 cuius
503 3314 717 3385 inhabitator
747 3313 783 3385 in
816 3314 1053 3418 anniversario
1085 3313 1239 3386 eiusdem
1269 3313 1429 3404 magistri
1455 3312 1573 3386 Pauli
1599 3313 1817 3386 V'ladimiri
1928 3352 1932 3365 ›

227 3508 233 3531 ,ι
251 3435 485 3515 universitati
510 3434 718 3507 vicariorum
736 3434 1016 3506 Gracoviensium
1034 3434 1170 3507 ratione
1197 3453 1320 3506 census
1346 3434 1527 3506 terrestris
1554 3433 1653 3505 annis
1671 3433 1817 3525 singulis

234 3532 243 3545 ⁵*
263 3555 399 3629 solvere
426 3561 567 3627 tenetur
584 3561 657 3626 tres
676 3575 825 3644 marcas,
849 3554 892 3624 de
912 3574 979 3645 quo
997 3554 1208 3626 universitas
1226 3553 1434 3626 vicariorum
1452 3550 1731 3627 Oroandensium
1744 3556 1815 3629 sub

264 3674 369 3748 titulo
396 3680 433 3747 et
459 3676 572 3766 sigillo
601 3675 742 3765 capituli
770 3674 842 3746 obt
816 3679 905 3745 ttme
931 3673 1151 3764 privilegium
1177 3673 1335 3764 speciale.
1783 3691 1797 3727 '-

368 3795 474 3870 Sexta
500 3795 622 3868 domus
649 3794 806 3883 abacie,
823 3795 870 3864 ιι
896 3801 997 3884 parte
1023 3792 1148 3865 dextra
1164 3792 1250 3882 sita,
1276 3813 1340 3883 per
1365 3791 1479 3865 Adam
1494 3791 1549 3865 ὼ
1575 3792 1816 3886 Βιιιιιιοι,

263 3916 479 3988 decretorum
505 3916 682 3987 doctorem
714 3915 913 3986 ιιιοιιιιιι
942 3912 1220 4003 cracoviensem,
1251 3912 1402 3984 nobilem
1428 3912 1472 3985 de
1497 3926 1624 4004 genere
1650 3920 1687 3987 et
1714 3916 1816 3989 domo

264 4036 545 4127 Lupinorum
577 4035 932 4124 Falsastrorum,
967 4036 1004 4105 in
1032 4040 1128 4105 terra
1154 4038 1191 4105 et
1217 4052 1300 4105 area
1326 4033 1509 4124 capitulari
1540 4040 1678 4107 murata
1703 4043 1740 4109 et
1767 4036 1817 4108 la-

264 4157 400 4229 bricata
425 4161 493 4245 ost,
521 4156 618 4227 cuius
645 4155 859 4228 inhabitator
890 4156 1024 4227 ratione
1052 4174 1175 4226 census
1202 4154 1381 4227 terrestris
1408 4156 1443 4226 ιι
1463 4155 1699 4228 anniversario
1726 4157 1816 4230 eius·
1960 4183 1966 4200 ·

263 4278 341 4350 dem
359 4276 458 4349 Adae
475 4275 645 4366 doctoris,
676 4276 841 4367 praelatis
860 4281 895 4347 et
912 4275 1085 4348 canonicis
1110 4274 1396 4365 Gracoviensibus
1418 4275 1693 4348 anniversarium
1714 4297 1815 4368 prae·

263 4397 328 4470 lati
354 4397 452 4469 Adae
479 4397 630 4469 doctoris
657 4398 850 4488 agentibus
877 4397 1024 4488 singulis
1049 4397 1149 4468 annis
1176 4395 1311 4469 solvere
1336 4401 1486 4469 tenetur.

367 4517 521 4609 Septima
548 4518 669 4589 domus
686 4518 800 4590 ctiam
827 4518 963 4608 macie,
990 4517 1026 4589 in
1044 4521 1143 4609 parte
1160 4517 1285 4589 dextra
1308 4518 1508 4608 consistens,
1535 4538 1600 4609 per
1626 4517 1817 4591 Thomam

265 4640 309 4713 de
334 4638 512 4730 Dyako,
539 4639 818 4711 archidiaconum
844 4637 888 4709 de
915 4638 1046 4730 Hung
1072 4644 1109 4711 et
1135 4640 1337 4710 canonicum
1364 4638 1642 4729 cracoviensem,
1668 4639 1818 4712 nobilem
1940 4695 1944 4700 .

126 4832 128 4839 ,
265 4761 436 4832 dedomo
472 4760 706 4850 Pogomia,
737 4779 864 4850 genere
891 4780 973 4831 vero
1001 4765 1036 4833 et
1063 4760 1203 4833 natione
1230 4759 1462 4850 Pannonium,
1488 4761 1524 4832 ιι
1551 4764 1647 4832 terra
1673 4764 1709 4832 et
1734 4779 1819 4833 arec

245 4895 252 4904 ·
266 4880 449 4972 capitulari
467 4900 488 4951 a
505 4879 627 4970 primis
644 4879 877 4952 fundamentis
895 4886 1033 4953 murata
1049 4884 1086 4952 et
1102 4879 1272 4954 fabricata
1288 4886 1357 4969 est;
1387 4881 1485 4952 cuius
1503 4880 1717 4965 inhabitator
1735 4881 1820 4953 rati-

266 5021 330 5073 one
367 5021 490 5073 census
524 5001 702 5072 terrestris
737 5001 773 5071 ιι
800 5002 1036 5073 anniversario
1063 5001 1230 5077 eiusdem,
1244 4999 1439 5073 Thomae
1466 4999 1510 5071 de
1536 4999 1713 5092 Dyalro,
1741 5002 1827 5073 uni·-

265 5122 424 5194 versitati
450 5122 659 5194 vicariorum
686 5120 965 5194 Gracoviensium
992 5123 1126 5194 solvere
1153 5126 1293 5194 tenetur
1319 5121 1419 5192 annis
1446 5121 1591 5212 singulis
1608 5141 1712 5194 unam
1740 5142 1817 5194 cum

267 5241 410 5315 dimidia
443 5262 613 5332 marcam,
639 5241 684 5313 de
710 5263 777 5332 quo
812 5243 1021 5315 universitas
1048 5243 1256 5314 vicariorum
1282 5228 1561 5317 Oracoviensium
1588 5243 1722 5317 obtinet
1747 5242 1819 5337 pri·

271 5362 436 5455 vilegium
462 5363 620 5459 speciale,
646 5359 749 5439 titulo
776 5370 812 5436 et
837 5363 951 5462 sigillo
978 5362 1162 5461 capitulari
1184 5362 1364 5442 munium.
