4050 6054
320 378 403 516 48¹

315 669 377 741 per
399 653 589 726 venerabile
606 654 792 746 capitulum
815 653 979 725 ecclesiae
993 651 1242 742 &ocociensis
1264 651 1360 724 cuius
1380 651 1610 725 iurisdictioni
1632 673 1669 723 se
1692 653 1853 743 submisit

311 770 477 864 ferendae,
491 776 623 848 solvere
636 797 712 848 cnm
726 776 858 847 ellectu
871 773 1055 845 Praefatns
1069 773 1175 845 etiam
1183 771 1206 844 J
1207 774 1343 861 acobns,
1359 773 1517 862 mcarius,
1531 773 1574 844 de
1588 773 1729 845 decimis
1742 776 1853 846 mani-

310 892 770 983 pnlaribusinrillisBolen
788 892 1262 968 etBoschutowactribus
1276 891 1851 985 cmethonibusinChorowycze

308 1013 373 1086 sibi
398 1036 459 1106 per
484 1018 581 1108 prius
608 1019 683 1090 loco
709 1018 806 1117 inndi
833 1018 907 1089 sire
938 1017 1031 1087 dotis
1058 1013 1171 1085 dictae
1198 1013 1348 1085 vicariae
1375 1014 1586 1104 consignatis
1614 1020 1650 1085 et
1677 1035 1740 1104 per
1772 1035 1852 1087 eum

304 1138 483 1229 possessis,
510 1141 625 1230 gratia
647 1140 817 1210 (limarum
845 1139 964 1209 decem
994 1155 1203 1223 marcarum,
1234 1134 1339 1204 cessit
1365 1140 1401 1204 et
1419 1133 1663 1218 condescendit
1693 1134 1853 1224 praefato

304 1256 439 1330 domino
465 1259 616 1331 Johanni
634 1258 941 1350 Rzeschowsky,
961 1264 997 1328 et
1015 1257 1085 1326 ista
1103 1222 1276 1325 ordinatio
1295 1254 1345 1323 sic
1363 1254 1454 1324 inter
1471 1261 1590 1344 partes
1607 1253 1701 1326 iacta
1716 1262 1754 1326 et
1771 1276 1853 1328 con-

302 1379 444 1451 cordata
469 1400 532 1471 per
558 1381 590 1451 d.
608 1380 640 1451 d.
667 1378 881 1469 capitulares
901 1384 955 1448 est
983 1376 1134 1446 admissa
1165 1382 1201 1444 et
1219 1374 1256 1444 in
1282 1380 1362 1444 acta
1388 1375 1541 1463 ipsorum
1559 1375 1717 1446 acticata
1748 1375 1852 1447 Anno

300 1497 438 1573 Domini
469 1501 575 1573 1468.
602 1499 659 1572 die
677 1499 827 1571 Veneris
855 1496 966 1568 XVII.
993 1496 1100 1569 Junii
1405 1541 1408 1544 -

400 1619 489 1693 Item
515 1619 715 1711 praebenda
740 1618 900 1711 praefata
924 1624 1047 1690 taxata
1077 1622 1132 1687 est
1162 1616 1262 1686 iuxta
1288 1615 1433 1706 antiqua
1459 1622 1619 1706 regestris
1645 1614 1690 1685 ad
1716 1615 1851 1692 XXXV

299 1761 441 1815 marcas

377 1986 621 2069 Praebenda
655 1993 700 2068 at
728 1987 1006 2068 canonicatus
1028 1981 1332 2065 cracoviensis
1356 1985 1395 2062 in
1416 1984 1551 2064 obora
1581 1983 1764 2066 dextero

805 2121 1013 2229 annotinis
1035 2121 1354 2227 Sozyiniozaka.
1646 2114 1653 2120 ’

400 2345 606 2419 Praebenda
624 2351 664 2418 'at
676 2345 898 2416 canonicatus
913 2342 1151 2415 Oracoviensis
1169 2341 1344 2433 appellata
1357 2340 1730 2433 Sczythniczska,
1749 2365 1852 2435 qnam

298 2487 389 2539 nnnc
405 2475 503 2539 tenet
520 2466 715 2539 Stanislaus
732 2464 776 2536 de
793 2463 1149 2555 Kuroszwanky,
1166 2462 1292 2534 nobilis
1311 2461 1354 2533 de
1373 2461 1473 2534 domo
1495 2462 1622 2537 Rosa
1648 2463 1728 2538 Non
1746 2465 1853 2538 habet

298 2607 362 2679 pro
381 2586 462 2659 dote
480 2585 621 2679 ahqnod
644 2583 789 2659 landum
816 2606 877 2656 sen
895 2584 1025 2673 villam,
1054 2584 1115 2655 sed
1137 2591 1274 2655 tantum
1295 2583 1403 2655 habet
1425 2604 1528 2655 unam
1555 2579 1720 2657 decimam
1743 2588 1853 2658 mani-

300 2705 456 2797 pularem
486 2707 522 2778 in
547 2705 631 2778 villa
657 2705 930 2798 Szythnilry,
958 2707 1055 2777 cuius
1082 2704 1185 2776 villae
1211 2703 1408 2794 proprietas
1435 2711 1471 2776 et
1493 2705 1681 2778 dominium
1698 2707 1853 2797 pertinet

300 2826 346 2899 ad
379 2825 549 2899 Jacobum
583 2826 703 2899 Kula
739 2827 782 2898 de
819 2825 1250 2918 Woyczechowicze
1286 2830 1322 2894 et
1352 2821 1522 2896 loannem
1552 2824 1776 2918 Nyemata
1810 2828 1853 2898 de

302 2945 688 3037 Crzczanczicze,
717 2947 850 3018 nobiles
885 2947 929 3018 da
955 2945 1057 3018 domo
1084 2955 1121 3019 et
1147 2946 1278 3017 familia
1303 2943 1614 3037 Accipitrum3
1639 2954 1677 3020 ot
1697 2947 1744 3021 ad
1762 2947 1854 3021 Tuo

302 3064 685 3158 mamPyelgrzym
704 3066 747 3138 de
765 3065 1065 3159 Sczythniky,
1084 3067 1234 3139 nobilem
1253 3064 1410 3137 dedomo
1429 3067 1583 3137 ctarmis
1602 3065 1750 3157 Nahra,
1767 3066 1856 3141 alias

302 3184 548 3276 Waldorif,
575 3208 663 3278 quae
690 3186 827 3280 quidem
858 3185 942 3256 villa
972 3186 1036 3257 sub
1059 3187 1225 3280 parochia
1251 3185 1415 3257 ecclesiae
1450 3186 1494 3259 de
1533 3183 1854 3261 Proszowicze

169 3398 179 3407 ⁸
302 3298 371 3379 sita
400 3314 463 3379 est.
506 3305 547 3378 In
579 3329 647 3400 qua
678 3314 760 3380 sunt
785 3307 1045 3398 quatuordecim
1072 3307 1163 3379 lanei
1192 3306 1438 3397 cmethonales,
1466 3308 1548 3378 item
1576 3313 1650 3379 tres
1675 3308 1854 3409 tabernae,

300 3426 469 3500 habentes
496 3447 613 3520 agros,
645 3429 729 3500 item
754 3448 877 3500 novem
905 3427 1133 3518 hortulaniae,
1160 3427 1329 3499 habentes
1356 3427 1516 3499 similiter
1543 3449 1647 3519 agros
1673 3428 1854 3519 speciales,

300 3545 344 3621 dc
375 3547 499 3639 quibus
531 3549 689 3621 omnibus
721 3548 868 3621 solvitur
905 3548 1039 3621 decima
1072 3547 1298 3639 manipularis
1334 3547 1463 3638 absque
1503 3549 1596 3619 omni
1627 3548 1855 3622 diminutione

300 3668 519 3759 praebendae
551 3668 772 3743 Cracoriensi
798 3672 975 3763 praefatae
1003 3681 1039 3744 et
1061 3694 1124 3763 per
1151 3673 1349 3744 cmethones
1376 3680 1412 3742 et
1437 3673 1568 3745 incolas
1599 3673 1750 3764 propriis
1777 3680 1855 3746 cur·

299 3789 397 3864 ribus
424 3789 562 3864 ducitur
589 3792 623 3863 in
651 3791 815 3865 horreum
845 3815 909 3885 per
940 3795 1140 3865 canonicum
1173 3799 1235 3865 ant
1262 3793 1335 3865 eius
1365 3790 1532 3864 factorem
1559 3792 1792 3885 dehgcndum,
1818 3801 1855 3867 et

259 3976 262 3985 .
301 3910 440 3982 solvunt
457 3910 625 3983 decimam
643 3914 764 4003 canapi
783 3934 847 4003 per
865 3921 1015 4005 quotuor
1032 3916 1185 4005 ierugas,
1213 3919 1249 3984 et
1267 3913 1366 3984 valor
1384 3912 1536 3985 decimae
1553 3913 1732 4004 praelatae
1750 3915 1862 3986 aesti-·

301 4038 417 4111 matur
444 4031 488 4100 ad
514 4031 639 4120 viginti
666 4054 810 4104 marcas.
849 4035 937 4106 Item
964 4035 1053 4121 villa¹
1072 4033 1231 4127 praelata
1258 4035 1434 4106 consucvit
1460 4035 1589 4107 habere
1616 4035 1684 4108 duo
1710 4034 1856 4127 praedia

302 4148 540 4221 tantummodo
560 4150 724 4223 militaria
742 4159 778 4223 et
800 4175 868 4224 non
887 4155 988 4244 plura
1009 4174 1112 4247 agros
1134 4154 1313 4244 habentia,
1336 4154 1439 4226 hodie
1453 4162 1579 4277 tanim
1596 4177 1702 4228 unmn
1725 4179 1768 4231 ex
1785 4159 1855 4233 illis

303 4273 446 4359 proptor
476 4269 797 4359 multiplicationem
823 4274 1011 4347 haeredum
1040 4276 1077 4348 in
1105 4275 1173 4348 duo
1200 4275 1348 4346 divisum
1376 4282 1443 4366 est,
1474 4277 1516 4347 de
1544 4276 1670 4372 qnihm
1695 4279 1856 4353 omnibus

302 4388 450 4462 solvitur
477 4388 610 4462 decima
635 4390 860 4482 manipularis
887 4394 1034 4484 plebano
1061 4403 1097 4467 et
1120 4396 1285 4468 ccclesiae
1309 4398 1500 4487 parochiali
1527 4399 1563 4469 in
1592 4399 1718 4491 oppido
1745 4400 1854 4475 Pro·
1889 4464 1890 4468 ,

301 4510 574 4601 schowicze,
611 4512 707 4584 cuius
725 4514 823 4585 valor
841 4517 1046 4589 aestimatur
1064 4518 1109 4590 ad
1128 4518 1278 4608 quinque
1296 4538 1440 4589 marcas.
1500 4591 1509 4605 ‚

405 4631 493 4705 Item
527 4632 724 4722 praebenda
748 4636 925 4727 praedicta
950 4637 1319 4730 Sczythniczska
1352 4639 1457 4710 habet
1473 4640 1637 4712 vicariam
1655 4647 1855 4734 perpetuam
1956 4714 1962 4723 ,

301 4752 337 4826 iu
355 4753 500 4825 ecclesia
521 4751 680 4845 ciacon,
698 4776 800 4848 quam
821 4778 911 4831 nunc
932 4760 1087 4849 possidet
1100 4757 1254 4832 Mathiaa
1276 4758 1319 4829 de
1336 4758 1533 4851 Kosthen,
1559 4761 1775 4837 decretorum
1794 4764 1855 4837 do·

303 4880 386 4965 ctor,
405 4875 501 4947 cuius
520 4875 641 4946 unicus
664 4881 718 4948 est
735 4874 878 4950 collator
895 4886 930 4951 et
942 4887 1108 4972 patronus
1136 4880 1319 4952 canonicus
1341 4879 1524 4973 praefatus.
1563 4882 1611 4954 Et
1624 4883 1709 4955 haec
1726 4885 1856 4957 vicaria

301 4993 407 5068 habet
420 5015 484 5088 pro
499 5016 561 5066 sua
574 4995 667 5088 dota,
685 4999 896 5090 proprietate
914 5007 949 5072 et
961 5000 1076 5093 titulo,
1099 5006 1247 5091 quatuor
1265 5000 1413 5072 decimas
1431 5002 1675 5094 manipulares,
1698 5025 1801 5076 unam
1819 5006 1855 5077 in

303 5114 385 5186 villa
402 5115 498 5207 regia
516 5114 724 5190 Plaschow
743 5099 806 5191 sub
825 5122 989 5210 parochia
1006 5121 1171 5193 ecclesiae
1189 5122 1232 5192 de
1250 5119 1402 5213 Corpore
1421 5121 1551 5195 Christi
1572 5126 1609 5195 in
1628 5123 1856 5216 Casimiria,

303 5241 383 5327 post
399 5255 518 5307 omnes
536 5241 571 5307 et
587 5238 742 5330 singrdos
764 5260 867 5330 agros
892 5246 927 5311 et
943 5247 1101 5313 araturas
1124 5242 1275 5312 omnium
1297 5247 1333 5313 et
1350 5243 1562 5335 singulorum
1585 5246 1803 5318 cmethonum
1821 5253 1856 5320 et

305 5353 509 5444 incolarum,
536 5358 804 5450 quibuscumque
823 5360 1017 5432 nominihus
1031 5365 1249 5454 censeantur,
1266 5362 1329 5454 ita,
1351 5363 1443 5455 quod
1457 5364 1570 5437 nullus
1587 5366 1623 5438 in
1637 5364 1756 5439 mam
1774 5366 1857 5440 villa
