4050 6054
236 418 309 495 578

234 650 337 700 unam
363 645 559 699 mensuram
585 644 725 715 avenae,
751 621 838 697 duos
864 620 988 717 pullos,
1013 622 1161 716 triginta
1187 645 1273 715 ova;
1311 620 1395 697 item
1421 618 1607 717 profesto
1634 618 1800 697 Paschae

231 748 382 819 medium
414 767 588 837 grossum,
622 746 707 817 item
740 767 804 836 pro
831 766 1055 840 mpeprrowpe
1090 744 1269 837 profesto
1295 744 1497 819 NativitatIs
1524 745 1673 837 Obristi,
1701 744 1792 819 duos

232 889 384 960 grossos,
411 868 495 939 Item
520 866 608 939 duos
634 887 763 938 caseos.

335 988 711 1077 Mnaczrnxowrczn,
745 987 830 1058 villa
856 988 921 1059 sub
947 986 1114 1076 parocbia
1147 988 1314 1060 ecclesiae
1342 989 1385 1060 de
1412 987 1678 1081 Oppatbour
1713 992 1794 1077 nu,

233 1110 330 1181 umus
357 1108 553 1198 proprietas
579 1113 615 1178 et
640 1107 828 1178 dominium
855 1107 899 1178 ad
927 1108 1103 1197 praelatos
1129 1114 1166 1179 et
1192 1109 1377 1181 canonicos
1394 1106 1703 1202 Oppotbouienses
1719 1108 1793 1180 siu·

231 1230 402 1321 gulariter
427 1228 588 1319 pertinet.
631 1227 721 1298 Erat
748 1227 887 1318 quidem
912 1229 998 1299 haec
1026 1229 1109 1299 silla
1144 1230 1225 1300 oIIm
1252 1230 1296 1300 de
1327 1230 1479 1301 dominio
1505 1236 1542 1301 et
1567 1230 1792 1321 proprietate

233 1350 385 1439 episcopi
411 1348 656 1435 Lubuczensis3
683 1347 745 1419 sed
771 1349 953 1439 episcopus
979 1350 1214 1421 Lubuczensis
1241 1349 1523 1441 Stephanus,
1548 1352 1606 1422 uir
1631 1348 1792 1442 prudens

232 1471 331 1540 etin
360 1470 576 1558 coniectura,
603 1476 643 1539 ut
668 1469 926 1559 praemisimus,
963 1469 1082 1558 solers,
1109 1471 1145 1541 in
1171 1471 1266 1559 locis,
1294 1471 1389 1561 agris
1415 1477 1453 1542 ct
1479 1472 1571 1542 areis
1598 1475 1638 1542 et
1665 1470 1791 1543 taber·

232 1592 302 1679 nis,
338 1611 425 1680 quae
451 1595 535 1660 tunc
561 1596 661 1660 erant
688 1590 723 1658 In
750 1590 965 1679 proprietate
992 1597 1028 1661 et
1056 1590 1187 1661 ditione
1214 1591 1449 1679 praelatorum
1476 1597 1513 1663 et
1539 1590 1792 1663 canonicorum

232 1708 582 1801 Oppatboviensium,
609 1730 734 1781 novam
761 1711 939 1781 civitatem
965 1733 1008 1782 ex
1035 1712 1163 1800 veteri,
1200 1732 1287 1802 quae
1315 1719 1398 1783 tunc
1425 1712 1517 1783 eirca
1542 1710 1730 1783 eeclesiam
1757 1709 1792 1783 S.

232 1830 367 1901 Mariae
393 1829 624 1919 consistebat,
658 1830 953 1918 translocaturus‚
991 1830 1106 1900 uillam
1140 1830 1331 1919 praefatam
1358 1831 1793 1903 blarozinkowicue

232 1970 310 2021 cum
336 1950 429 2021 omni
455 1950 670 2038 proprietate
697 1957 733 2020 et
759 1949 928 2040 dominio,
954 1950 1038 2021 item
1066 1971 1143 2021 curn
1170 1951 1262 2022 omni
1290 1951 1425 2023 decima
1449 1951 1662 2043 manipulari
1689 1950 1793 2023 dedit

231 2070 301 2141 illis
327 2070 363 2140 in
391 2090 667 2159 recompensam3
703 2069 763 2141 sed
791 2090 868 2141 eum
894 2071 981 2142 haec
1005 2071 1282 2162 recompensatio
1310 2092 1432 2161 parum
1458 2092 1569 2162 aequa
1594 2070 1794 2162 videretur,

232 2211 351 2262 omnes
385 2191 627 2262 tabernatores
663 2197 700 2261 et
726 2191 950 2262 cervisiarum
984 2191 1189 2263 braxatores
1224 2191 1307 2262 fecit
1342 2191 1508 2282 praelatis
1543 2197 1581 2263 et
1607 2192 1794 2264 canonicis

231 2309 572 2403 Oppatboviensibus
598 2312 823 2402 tributarios,
859 2312 1045 2401 obligando
1072 2312 1261 2401 quemlibet
1286 2313 1469 2384 cervisiam
1494 2313 1717 2403 braxantem,
1744 2311 1795 2384 ad

232 2453 338 2504 unum
365 2430 534 2503 fertonem
570 2453 633 2521 pro
661 2453 776 2504 annuo
804 2453 909 2504 censu
943 2432 1109 2522 praelatis
1137 2438 1172 2503 ot
1197 2433 1373 2505 canonicis
1408 2431 1621 2504 solvendum.
1665 2430 1796 2505 Habet

233 2552 350 2642 itaque
377 2551 534 2642 praefata
559 2551 643 2633 villa
669 2552 1091 2624 Marczinlrowicze
1127 2552 1286 2623 undecim
1313 2554 1432 2625 laneos
1460 2550 1718 2643 cmethonales,
1745 2552 1794 2625 de

232 2673 357 2762 quibus
384 2671 572 2743 decanatus
597 2669 891 2762 Oppathoviensis
917 2673 1025 2743 babet
1051 2672 1138 2743 duos
1166 2673 1285 2745 laneos
1311 2674 1347 2744 in
1376 2694 1439 2745 sno
1466 2673 1617 2745 dominio
1643 2678 1685 2744 et
1706 2694 1795 2764 pro·

231 2792 389 2882 primate,
416 2791 460 2862 de
487 2813 631 2882 quorum
660 2793 805 2883 quilibet
840 2794 946 2866 solvit
981 2793 1165 2865 decanatui
1199 2813 1264 2882 pro
1291 2813 1397 2864 censu
1423 2813 1537 2864 annuo
1572 2812 1681 2864 uuam
1708 2812 1794 2865 uum

231 2912 346 2983 media
371 2933 515 3002 marcas
542 2913 625 2983 item
653 2913 740 2984 duos
767 2934 933 3004 caponeS,
961 2914 1044 2984 item
1071 2913 1159 2985 duos
1185 2933 1324 3002 caseos,
1351 2914 1435 2984 item
1461 2912 1588 3003 viginti
1614 2932 1706 3003 ova3
1742 2914 1793 2987 ab

234 3033 393 3104 omnibus
420 3039 537 3103 autem
563 3032 641 3103 aliis
668 3033 836 3123 censibus,
862 3034 1041 3105 laboribus
1068 3039 1104 3104 et
1129 3033 1238 3104 duciis
1264 3039 1344 3106 sunt
1370 3034 1482 3105 liberi.
1515 3033 1604 3104 Item
1631 3032 1791 3123 praefati

232 3152 300 3225 duo
327 3154 419 3224 lanei
446 3152 625 3223 decanales
652 3152 792 3224 solvunt
819 3154 986 3253 decImam
1013 3155 1262 3245 manipularem
1289 3153 1474 3226 decanatui
1496 3151 1790 3245 Oppatboviensi,

231 3279 268 3345 et
293 3274 424 3346 du'cunt
449 3294 524 3345 earn
552 3275 752 3345 cmetbones
779 3275 930 3366 propriis
956 3275 1117 3347 curribus
1143 3275 1178 3345 in
1205 3276 1368 3347 borreum
1392 3275 1561 3347 adecano
1586 3274 1789 3367 locandum,

230 3401 267 3467 et
293 3396 391 3466 valor
417 3395 492 3466 eius
519 3396 724 3467 aestimatur
751 3394 796 3466 ad
822 3400 973 3486 quatuor
998 3416 1144 3484 marcas3
1170 3396 1254 3466 item
1277 3395 1445 3467 decimam
1472 3395 1604 3486 canapi.
1628 3394 1723 3467 Item
1748 3396 1789 3469 in

230 3516 349 3588 eadem
377 3516 461 3586 uilla
487 3538 556 3587 non
583 3522 665 3587 sunt
691 3516 877 3605 tabernae,
913 3515 998 3586 item
1024 3537 1094 3587 non
1120 3522 1202 3587 sunt
1236 3516 1467 3587 hortulaniae.
1510 3515 1600 3587 Item
1634 3514 1788 3589 inferius

230 3638 348 3709 villam
374 3634 565 3726 praelatam
584 3635 1007 3708 Marczinlrowicze
1033 3638 1069 3707 in
1095 3641 1252 3709 torrente
1279 3657 1323 3707 ex
1348 3636 1546 3708 huiusmodi
1571 3634 1656 3707 villa
1671 3634 1786 3709 Mar-

230 3758 542 3829 czinkowicze
570 3756 790 3845 decurrente,
824 3756 932 3827 babet
958 3756 1146 3828 decanatus
1173 3756 1242 3827 duo
1268 3755 1465 3827 molendina
1490 3776 1594 3845 agros
1620 3775 1693 3826 non
1719 3754 1786 3827 ba-

230 3878 368 3966 bentia,
404 3898 551 3967 quorum
586 3897 691 3947 unum
719 3876 899 3967 superius,
935 3876 1040 3948 solvit
1073 3898 1138 3966 pro
1166 3896 1280 3947 annuo
1315 3897 1421 3947 censu
1455 3874 1640 3947 decanatui
1674 3896 1785 3947 unam

232 4017 394 4085 marcam,
420 3997 516 4068 uliud
542 4017 626 4066 vero
653 3994 806 4085 inferius,
833 4017 937 4067 unam
964 4016 1182 4087 sexagenum.

334 4116 561 4205 Orrnrnorv,
587 4117 751 4206 oppidum
771 4117 925 4208 episcopi
951 4116 1195 4208 Lubuczensis‚
1221 4121 1263 4188 ut
1297 4116 1540 4207 praemisimus
1565 4116 1783 4209 populosum,

231 4240 268 4310 in
294 4259 362 4329 quo
389 4244 643 4309 consueverunt
668 4257 746 4308 esse
772 4244 910 4309 centum
945 4238 1127 4328 sexaginta
1161 4238 1329 4310 cervisiae
1364 4238 1571 4309 braxatores
1596 4244 1634 4309 et
1659 4238 1784 4311 vendi-

230 4367 326 4432 tores
352 4360 457 4447 cives,
483 4365 520 4430 et
546 4358 692 4448 quilibet
718 4359 871 4430 braxans
898 4359 1078 4429 cervisiam
1105 4364 1246 4430 tenetur
1271 4357 1437 4448 praelatis
1463 4364 1501 4429 et
1518 4358 1692 4430 canomcis
1710 4354 1785 4451 Op-

230 4480 515 4572 patbouIensibus
541 4479 679 4550 ratione
698 4499 869 4569 arearum,
895 4479 1076 4551 hortorum
1094 4487 1131 4549 et
1148 4479 1382 4570 tabernarum,
1408 4498 1452 4550 ex
1479 4479 1603 4569 quibus
1628 4480 1784 4571 praelati

231 4607 267 4672 et
293 4600 450 4671 canonici
467 4598 766 4690 Oppatbovienses
793 4620 874 4671 suos
901 4606 1065 4689 quaestus
1091 4600 1276 4689 habebant,
1303 4607 1339 4670 et
1365 4600 1401 4669 in
1428 4601 1554 4690 quibus
1579 4620 1671 4673 nunu
1695 4601 1786 4674 eiii-

229 4726 286 4793 tas
320 4740 412 4792 nova
438 4720 507 4791 sita
537 4726 611 4809 est,
648 4720 783 4791 solvere
817 4741 882 4810 pro
909 4741 1023 4792 annuo
1060 4740 1166 4792 censu
1199 4719 1365 4810 praelatis
1400 4727 1437 4792 et
1463 4722 1637 4795 canonicis
1671 4744 1783 4795 unum

229 4840 418 4929 fertonem,
444 4846 480 4911 et
506 4839 717 4930 proveniunt
741 4839 785 4911 de
812 4841 1009 4912 huiusmodi
1044 4860 1149 4911 censu
1185 4840 1418 4930 quadraginta
1442 4861 1579 4914 marcae
1606 4843 1697 4915 citra
1723 4842 1784 4915 uel

229 4962 333 5051 ultra,
353 4962 402 5032 dc
430 4981 498 5050 quo
526 4960 664 5051 quidem
691 4980 796 5032 censu
821 4960 915 5032 datis
942 4962 1066 5052 viginti
1092 4961 1218 5032 marcis
1245 4960 1289 5032 ad
1307 4961 1523 5034 salariandos
1550 4962 1669 5035 decem
1685 4963 1784 5037 vica·

229 5082 302 5153 rios
328 5079 626 5171 Oppatbovienses
662 5086 869 5171 perpetuos,
904 5088 940 5152 et
971 5082 1105 5179 dqabus
1140 5081 1264 5152 marcis
1300 5082 1345 5152 ad
1371 5083 1603 5155 salamandum
1638 5082 1785 5159 subolae

229 5202 454 5291 magistrum,
497 5202 610 5273 omnis
646 5201 715 5274 alia
750 5202 938 5274 residuitas
972 5202 1066 5273 inter
1092 5203 1267 5293 praelatos
1294 5208 1331 5274 et
1357 5203 1540 5275 canonicos
1565 5201 1785 5295 Oppatbovi-

229 5340 330 5395 enses
366 5322 539 5415 partitur,
574 5344 644 5394 non
680 5323 758 5416 pari
784 5328 902 5395 tamen
936 5322 1125 5412 divIsione3
1159 5342 1239 5394 nam
1270 5323 1419 5414 praelati
1454 5330 1603 5416 quatuor
1636 5324 1785 5419 duplum
