4050 6054
1660 535 1733 609 399

179 735 334 809 eiusdem
360 733 538 827 Praxedis,
565 735 709 809 Nicolao
737 737 1233 831 Baruthtvvyerdzsky,
1260 739 1301 809 Α.
1320 739 1361 810 Ι).
1383 742 1492 813 1446,
1518 761 1583 832 pro
1609 744 1732 833 vigint'

181 859 306 930 marcis
334 858 456 929 habuit
475 864 624 948 emptam
643 864 679 929 et
696 860 733 929 in
751 861 827 929 iure
854 861 1015 931 terrestri
1032 861 1279 951 reformatam,
1308 877 1395 952 quae
1414 862 1583 937 arendata
1602 863 1736 936 solvere
1847 952 1850 959 ¹

181 979 360 1052 consvevit
385 978 628 1081 mansionariis
656 979 751 1063 duas,
769 1000 912 1051 mareas.
1546 1040 1550 1047 ,

280 1096 448 1170 Altera
470 1088 630 1170 'domus
652 1099 812 1189 lignea
838 1099 1168 1172 Sandomiriae.
1209 1101 1274 1172 Est
1292 1097 1457 1173 etaltera
1475 1102 1596 1174 domus
1616 1103 1759 1193 lignea

178 1221 213 1290 in
229 1220 349 1290 eodem
367 1218 494 1309 oppido
513 1218 784 1291 Sandomiriensi
802 1226 838 1291 et
852 1241 946 1310 area,
964 1222 1080 1293 iacens
1098 1222 1190 1292 inter
1208 1242 1323 1292 aream
1341 1221 1512 1294 lobannis
1530 1223 1670 1312 plebani
1689 1217 1732 1295 de

179 1317 523 1433 Wyelyavvyes'z
551 1344 586 1409 et
603 1340 821 1429 praebendae
840 1341 1146 1431 Sandomiriensis,
1174 1362 1261 1432 quae
1285 1343 1414 1413 dicitur
1430 1341 1660 1415 Dwiekoszka
1687 1344 1730 1415 ab

179 1478 262 1550 uua,
289 1459 482 1545 etdomum
501 1461 800 1532 archidiaconatus
814 1444 1104 1533 Sandomiriensis
1122 1463 1280 1552 partibus
1299 1462 1343 1534 ab
1359 1463 1484 1554 altera,
1502 1484 1601 1534 secus
1619 1466 1733 1536 vicum

85 1571 86 1574 ’
182 1581 341 1653 strictum
369 1582 413 1653 ab
432 1581 577 1652 ecclesia
603 1581 750 1653 Sanctae
768 1582 903 1652 Mariae
931 1582 1130 1672 collegiata,
1158 1583 1203 1654 ad
1221 1584 1402 1654 ecclesiam
1429 1583 1462 1655 S.
1480 1582 1576 1654 Petri
1605 1584 1730 1657 ducen-

184 1708 274 1790 tem,
302 1721 405 1791 quam
423 1701 599 1791 praelatus
616 1701 743 1773 Petrus
761 1700 855 1793 Rog
874 1703 916 1773 de
936 1700 1262 1793 vaiaszdowo,
1290 1701 1585 1794 vicepraepositus
1603 1704 1735 1776 Sando-

178 1823 369 1921 miriensis,
403 1822 634 1895 aPetrode
670 1823 1037 1895 Strzeszovicze
1069 1825 1177 1895 1416.
1212 1845 1276 1913 pro
1303 1844 1372 1895 una
1395 1825 1584 1896 ‘medietate
1611 1824 1729 1896 decem

178 1943 318 2032 marcis3
344 1964 408 2033 pro
428 1943 539 2015 altera
557 1964 640 2016 vere
660 1944 845 2016 medietate
873 1964 895 2014 a
913 1942 1063 2033 Georgia
1092 1945 1134 2014 de
1152 1945 1385 2034 Byechow,
1412 1945 1499 2015 alias
1519 1945 1561 2016 de
1579 1945 1734 2017 Strze-

179 2065 403 2134 snowicze
430 2063 472 2133 Α.
490 2063 532 2133 D.
554 2066 662 2135 1419.
689 2065 766 2135 aliis
785 2064 902 2136 decem
920 2064 1044 2135 habuit
1070 2068 1221 2154 emptam
1240 2072 1276 2135 et
1295 2066 1330 2134 in
1350 2067 1424 2136 iure
1442 2067 1603 2136 terrestri
1621 2065 1731 2136 refor-

179 2191 322 2273 matam,
346 2205 448 2274 quam
465 2184 620 2274 pulchris
640 2185 805 2255 aedificiis
823 2185 945 2255 refecit
962 2186 1092 2256 vivens.
1132 2184 1196 2256 Oui
1214 2191 1335 2274 postea
1352 2185 1505 2256 Joanne's
1523 2164 1733 2276 Dlugosch

180 2306 305 2393 senior,
333 2306 518 2376 canonicus
537 2304 793 2395 cracoviensis,
821 2306 988 2376 ambitum
1016 2306 1109 2376 ultra
1135 2327 1270 2377 murum
1298 2306 1433 2376 civilem
1465 2326 1502 2377 se
1520 2306 1729 2396 protenden-
1832 2349 1840 2362 =

180 2431 268 2513 tem,
295 2426 392 2514 regio
420 2432 455 2496 et
468 2426 567 2495 civili
594 2446 765 2497 consensu
792 2427 954 2515 obtento,
983 2446 1049 2516 quo
1076 2427 1208 2497 mansio
1234 2426 1547 2497 mansionariorum
1573 2425 1664 2497 foret
1686 2427 1730 2497 ab

181 2546 274 2615 omni
291 2543 423 2616 foetore
442 2546 709 2636 sequestratim,
728 2552 764 2617 et
779 2566 932 2616 cameras
951 2551 1029 2617 octo
1049 2545 1367 2636 superaedificavit,
1386 2543 1421 2616 et
1436 2546 1471 2615 in
1486 2546 1606 2616 eadem
1625 2544 1726 2616 domo

137 2720 147 2727 .
179 2644 431 2736 habitationem
458 2672 494 2736 et
519 2667 732 2761 mansionem
758 2667 1069 2737 mansionariorum
1097 2665 1283 2756 ordinavit,
1310 2672 1415 2757 atque
1443 2667 1631 2737 constituit.

228 2921 467 3010 Proventu's
489 2926 753 3008 vicariorum
776 2929 989 3009 ecelesiae
1012 2926 1369 3008 Sandomiriensis
1393 2929 1432 3010 in
1456 2929 1678 3008 communi.

283 3147 503 3221 Vicariorum
527 3148 857 3221 Sandomiriensium
876 3151 1041 3222 ecelesiae
1060 3149 1208 3222 Sanctae
1236 3149 1371 3220 Mariae
1390 3148 1601 3221 universitas
1625 3149 1735 3221 habet

180 3269 362 3340 nonnullos
399 3275 586 3359 proventus
613 3272 649 3340 in
677 3272 865 3359 communi,
902 3276 963 3341 aut
991 3270 1173 3340 devotione
1209 3269 1361 3340 fidelium
1397 3271 1447 3340 eis
1475 3270 1642 3358 donatos,
1672 3274 1732 3339 aut

179 3389 334 3477 pecuniis
360 3390 507 3478 privatis
535 3390 589 3460 vel
608 3390 845 3461 communibus
872 3396 1061 3480 coemptos,
1088 3391 1224 3465 ratione
1252 3410 1397 3479 quorum
1417 3394 1525 3477 agunt
1544 3388 1729 3479 quotannis

179 3528 243 3597 pro
262 3509 441 3580 animabus
461 3509 667 3580 donatorum
694 3516 730 3580 et
747 3509 1005 3581 benefactorum
1023 3515 1193 3599 perpetua
1210 3509 1461 3599 anniversaria,
1486 3513 1520 3578 et
1538 3513 1728 3598 proventus

180 3629 275 3718 ipsos
293 3630 385 3699 iuter
404 3648 440 3699 se
457 3628 686 3729 aequabiliter
704 3631 919 3721 partiuntur,
945 3630 988 3701 de
1017 3631 1140 3720 quibus
1168 3629 1369 3719 singillatim
1387 3629 1551 3700 faciemus
1579 3626 1732 3716 descrip-

180 3750 323 3839 tionem,
348 3753 489 3822 nomina
515 3752 722 3823 donatorum
749 3750 957 3823 annotando.

283 3871 480 3961 Dmnnozv,
507 3871 592 3942 villa
610 3873 654 3943 ad
672 3871 812 3943 fluvium
839 3872 1015 3943 Luhavva
1041 3878 1077 3943 et
1096 3871 1159 3942 sub
1182 3871 1346 3961 parochia
1370 3870 1536 3942 ecclesiae
1559 3869 1602 3942 de
1622 3869 1731 3962 Gory

181 3990 266 4081 sita,
295 3990 421 4062 fundus
448 3993 642 4087 primarius,
670 3999 709 4064 ut
736 3995 771 4063 in
799 3993 1037 4083 superioribus
1064 3993 1280 4082 scripsimus,
1308 3990 1526 4081 praebendae
1553 3990 1733 4075 Sandomi-

180 4112 305 4182 riensis
330 4112 590 4204 Dvyekoszha;
625 4090 674 4183 in'
690 4135 757 4204 qua
789 4112 998 4184 universitas
1025 4114 1232 4184 vicariorum
1265 4112 1593 4183 Sandomiriensium
1610 4111 1731 4201 ,habet

180 4233 392 4322 scoltetiam,
420 4252 522 4323 quam
549 4232 727 4305 Abraham
759 4233 801 4304 de
828 4233 993 4323 Senno,
1021 4234 1189 4323 plebanus
1225 4238 1308 4303 tunc
1334 4233 1371 4303 in
1397 4232 1666 4323 Pyotrawin
1693 4239 1729 4302 et

180 4353 362 4424 canonicus
390 4353 697 4444 Sandomiriensis,
729 4355 948 4443 praebendae
974 4353 1235 4444 Dvyekoszkey
1262 4374 1326 4443 pro
1353 4346 1728 4447 noningentisssmarois

69 4476 72 4479 ’
180 4472 327 4543 latorum
354 4488 553 4562 grossorum
581 4475 674 4564 apud
700 4475 884 4545 haeredem
912 4475 1036 4545 coemit
1062 4480 1097 4544 et
1119 4474 1259 4545 vicariis
1286 4466 1730 4597 Sandomiriensibusffper-

180 4600 283 4683 petuo
311 4593 469 4683 donavit,
498 4602 533 4666 et
552 4616 610 4666 eos
638 4596 682 4666 ad
699 4595 915 4685 psallendum
943 4615 1026 4666 voce
1050 4595 1220 4665 submissa
1238 4595 1344 4665 horas
1363 4614 1481 4664 omnes
1501 4591 1729 4664 Beatissimae

179 4713 335 4803 Virginis
363 4714 515 4806 Mariae,
543 4717 688 4823 singulis
716 4716 837 4787 diebus
856 4716 1049 4806 duplicibus
1075 4714 1173 4786 festis
1201 4721 1237 4785 et
1255 4713 1376 4786 diebus
1394 4712 1573 4803 sabbathi,
1587 4713 1729 4819 'quibus

181 4834 328 4906 officium
356 4836 390 4906 in
410 4836 555 4906 ecelesia
573 4837 615 4907 de
633 4836 782 4908 Domina
800 4842 920 4907 nostra
938 4837 1071 4925 agitur,
1099 4835 1269 4931 duntaxat
1288 4834 1461 4924 exceptis3
1489 4832 1595 4905 habet
1614 4839 1737 4903 autem·

180 4956 338 5028 scoltetia
373 4957 531 5046 praefata
566 4957 651 5028 duos
687 4956 806 5028 laneos
842 4975 920 5027 cum
950 4955 1058 5047 sylvis
1082 4960 1130 5027 et
1154 4956 1280 5046 pratis,
1309 4956 1396 5039 item
1435 4953 1521 5024 duas
1553 4953 1730 5043 tabernas,

181 5098 326 5167 quarum
354 5100 423 5149 una
441 5078 545 5150 solvit
572 5079 658 5148 duas
677 5095 825 5167 marcaS,
854 5078 964 5148 altera
990 5097 1094 5147 unam
1121 5095 1197 5146 cum
1218 5073 1359 5165 dimidia
1376 5095 1526 5163 marcas,
1554 5079 1590 5144 et
1608 5073 1729 5145 ambae

180 5198 311 5269 habent
338 5219 458 5289 agros,
487 5199 569 5268 item
597 5198 665 5268 duo
697 5196 895 5268 molendina
921 5197 1051 5288 optima
1082 5196 1118 5266 in
1141 5195 1280 5267 flumine
1306 5193 1513 5265 Luk'awa
1553 5192 1729 5266 lohannes

183 5320 301 5409 itaque
321 5320 459 5391 Tarlo
488 5318 978 5406 deSczekarzowicze,
1005 5316 1515 5406 dearmisBippennium,
1542 5307 1730 5387 cumesset

130 5420 135 5434 “
181 5441 366 5512 canonicus
379 5440 556 5530 praefatae
570 5438 807 5531 praebendae,
825 5438 906 5509 fecit
920 5437 1173 5510 ordinationem
1191 5443 1394 5528 perpetuam
1410 5454 1489 5513 cum
1501 5435 1729 5508 universitate
