4050 6054
1665 498 1740 571 403

190 702 523 795 Dobesschow,
549 701 842 794 Sucholnici,
861 699 1140 795 Golambici,
1158 703 1379 796 Bogoria,
1405 703 1741 796 Petrovo,Glo-

190 847 331 917 nona,
357 816 1343 916 Malchouo,Neomanovici,Bogurlavici,
1363 822 1630 917 Grumcino,
1648 825 1741 899 Pol·

181 949 354 1037 senna,
380 945 594 1037 Pirstna,
629 946 931 1037 Marganslro,
968 945 1216 1036 Mlodnici;
1258 947 1340 1019 item
1367 948 1470 1045 villae
1498 949 1739 1020 canonicorum
1802 1041 1809 1050 ἢ

190 1067 679 1157 Hendrzischowicze,
705 1066 928 1158 Socolnici,
956 1067 1215 1159 Sokolnici,
1235 1067 1543 1156 Pistrasnici,
1567 1065 1740 1158 Linow,

190 1190 397 1280 Marso-w,
425 1186 613 1261 Sarnos
640 1209 717 1260 cum
743 1210 834 1261 nono
853 1195 889 1261 et
907 1188 1039 1260 decimo
1066 1188 1159 1279 loro,
1186 1195 1224 1261 et
1249 1209 1344 1261 nona
1369 1193 1405 1260 et
1426 1189 1559 1261 decima
1585 1189 1739 1289 taberna,

191 1318 331 1383 etcum
366 1330 477 1400 grano
501 1330 573 1399 »ρετ
603 1314 713 1382 totam
749 1311 985 1382 castellaniam
1020 1330 1125 1400 super
1154 1310 1312 1382 homines
1348 1310 1506 1400 ducales,
1543 1308 1739 1381 Sedlche

190 1453 267 1505 cum
295 1432 416 1521 seruis,
444 1429 660 1504 Gronovo
687 1453 763 1503 cum
790 1431 1006 1521 sanctuariis,
1033 1430 1216 1505 Ostrow
1242 1453 1318 1504 cum
1337 1432 1458 1522 servis,
1484 1430 1740 1503 Ladusnici

191 1574 267 1625 cum
291 1573 412 1625 servus.

744 2203 1184 2321 Wlsllcldllsrs

253 2453 490 2538 Secundam
524 2445 1038 2560 poat'Sandomirienaem
1078 2455 1307 2539 ecclesiam
1350 2458 1460 2537 inter
1491 2456 1738 2561 collegiataa

195 2594 417 2698 ecclesias,
450 2595 633 2676 Sanctae
666 2593 826 2677 Mariae
848 2592 1136 2675 Wialicienaia
1168 2595 1352 2676 ecclesia
1387 2596 1538 2676 morito
1577 2595 1740 2677 obtinet
1840 2614 1843 2619 ·

146 2739 150 2743 '
193 2735 232 2813 in
266 2727 470 2816 ‘dioecesi
506 2731 785 2814 Oraoovionai
835 2733 1102 2835 locationem,
1151 2734 1243 2814 aive
1291 2732 1525 2815 secundum
1575 2734 1736 2834 locum;

191 2869 352 2960 quoniam
379 2874 416 2941 et
442 2869 477 2940 in
505 2868 587 2938 loco
608 2868 746 2958 celebri,
773 2867 887 2939 insula
914 2867 1087 2958 videlicet,
1123 2889 1226 2960 quam
1252 2867 1376 2941 liunus
1402 2867 1531 2958 Nyda
1557 2867 1648 2940 inter
1675 2867 1738 2939 mi·

190 3011 293 3063 nores
319 2989 482 3062 Poloniae
508 2989 631 3061 duvios
657 2989 820 3061 notabilis
847 2973 994 3080 conticit,
1021 2991 1057 3061 in
1084 2989 1211 3080 oppido
1237 2988 1420 3081 populoso,
1447 2989 1539 3080 quod
1566 2989 1737 3080 quondam

191 3110 383 3182 Vislaus
419 3130 532 3182 comes
558 3109 776 3182 Visliciensis
803 3111 1016 3201 condidisse,
1052 3117 1158 3182 etex
1185 3111 1321 3182 nomine
1348 3131 1410 3181 suo
1446 3108 1532 3181 illud
1568 3111 1738 3182 vocitasse

189 3236 409 3323 memoratur,
435 3232 504 3304 sita
530 3238 593 3323 est,
620 3239 657 3304 et
682 3252 771 3322 pene
798 3233 951 3321 sororia,
978 3232 1077 3302 iuxta
1103 3237 1207 3321 atque
1234 3229 1504 3302 Sandomiriensi
1532 3230 1628 3302 clade
1645 3232 1738 3331 insi-

189 3353 296 3443 gnita3
322 3353 492 3444 plurimus
519 3353 646 3424 etenim
674 3353 710 3423 in
736 3352 798 3423 illa
823 3352 1010 3443 polonicus,
1037 3373 1101 3442 par
1118 3352 1298 3424 Ruthenos
1324 3357 1416 3442 tunc,
1444 3357 1548 3442 atque
1575 3353 1611 3422 in
1638 3372 1737 3442 prae-

104 3493 105 3496 ’
191 3496 269 3546 sens
294 3474 510 3547 scismaticos
537 3473 634 3546 lusus
661 3479 716 3544 est
742 3474 892 3563 sanguis.
936 3475 1026 3545 Dum
1054 3494 1097 3545 ex
1125 3473 1217 3545 omni
1243 3473 1384 3563 regione
1411 3473 1634 3544 circumcirca
1660 3474 1736 3565 sito,

191 3587 370 3686 utriusque
397 3617 500 3667 sexus
526 3596 683 3686 populus,
711 3595 810 3686 quasi
836 3594 982 3666 hostiles
1008 3597 1166 3686 impetus,
1194 3594 1301 3666 veluti
1328 3595 1364 3666 in
1382 3594 1457 3665 loco
1484 3598 1562 3666 tuto
1581 3600 1618 3665 et
1635 3594 1737 3666 undis

190 3717 317 3808 ubique
343 3717 475 3788 munito
502 3723 539 3788 et
565 3721 726 3806 stagnata
754 3717 956 3808 evitaturus,
984 3737 1021 3788 se
1040 3714 1325 3805 concumulasset,
1344 3736 1366 3786 a
1382 3693 1560 3788 Pannonio
1588 3715 1735 3806 quodam

191 3843 340 3928 satrapa,
367 3838 427 3928 qui
452 3835 593 3910 Polonis
620 3833 774 3926 fugiendi
800 3837 835 3907 in
862 3836 1058 3928 Visliciam,
1085 3842 1121 3906 et
1147 3856 1185 3909 se
1211 3835 1282 3907 illic
1308 3843 1390 3908 anta
1416 3837 1548 3908 rabiem
1574 3836 1736 3909 hostilem

119 4025 124 4036 .
190 3959 328 4033 tutandi
355 3963 477 4031 auctor
504 3959 679 4047 extiterat,
706 3957 919 4029 Boleslai
946 3958 1036 4029 enim
1063 3961 1146 4028 tunc
1173 3957 1268 4028 ducis
1287 3962 1323 4029 et
1341 3958 1548 4030 monarchae
1571 3957 1736 4031 Poloniae

191 4080 387 4171 lamiliaris,
424 4100 505 4151 rara
531 4077 677 4171 caritate
704 4085 858 4170 amatus,
893 4099 1007 4151 arcem
1034 4084 1070 4151 et
1097 4077 1261 4169 oppidum
1287 4077 1493 4150 Visliciensa
1529 4079 1625 4151 ducis
1661 4079 1738 4150 Bo-

189 4203 329 4274 lcslai
355 4202 492 4273 nomine
518 4202 745 4292 gubernabat,
770 4201 942 4274 Ruthenis
968 4203 1004 4270 in
1031 4220 1155 4290 magno
1182 4200 1336 4271 exercitu
1357 4198 1536 4271 Visliciam
1564 4201 1608 4272 ad
1636 4201 1735 4292 diem,

191 4324 233 4397 dc
261 4344 329 4415 qua
356 4323 449 4394 inter
474 4344 534 4394 eos
561 4328 788 4412 convenerat,
824 4321 909 4393 duce
937 4320 1158 4392 Bolaslao
1193 4325 1277 4392 tunc
1307 4326 1428 4393 extera
1454 4321 1545 4393 bolla
1570 4323 1736 4393 tractanti

104 4452 107 4461 '
190 4453 227 4519 et
252 4448 288 4518 in
315 4445 458 4517 remotis
484 4446 609 4536 agenti,
637 4441 913 4533 advenientibus,
935 4442 1094 4534 proditus
1121 4448 1190 4534 est,
1216 4444 1432 4543 maximaque
1460 4450 1496 4515 et
1522 4444 1736 4515 memorabili

189 4567 400 4640 Polonorum
426 4573 543 4658 strage
570 4572 608 4639 et
634 4586 755 4638 cruore
791 4586 854 4656 per
879 4565 1077 4637 scalenos„
1094 4569 1178 4637 tunc
1209 4565 1320 4657 adita,
1355 4565 1450 4637 locus
1485 4565 1543 4637 ille
1579 4570 1735 4638 sacratus

190 4695 259 4780 est,
285 4688 322 4759 in
348 4709 389 4760 eo
415 4709 485 4760 uno
512 4709 533 4759 a
559 4687 831 4762 Sandomiriensi
865 4687 1051 4759 sanctitate
1078 4685 1258 4777 differens,
1293 4686 1387 4777 quod
1421 4687 1518 4758 illum
1544 4686 1736 4776 Tartarica,

189 4810 281 4883 hunc
305 4808 502 4881 Rutheuica
527 4808 643 4881 rabies
670 4814 843 4880 sacratum
871 4813 908 4880 et
934 4807 1103 4880 celebrem
1130 4807 1253 4899 effecit,
1280 4812 1317 4878 et
1341 4797 1498 4883 homines
1525 4804 1736 4878 Sandomiri·

56 4920 60 4924 ’
190 4931 340 5003 enses'a
366 4929 648 5020 machumetistis,
674 4928 899 5003 Vislicieoses
925 4949 948 4999 a
973 4929 1177 5003 scismaticis
1207 4929 1428 5023 pertulerunt
1453 4928 1629 5019 martyria
1656 4927 1732 5016 Quo
1808 4910 1814 4921 ’

191 5057 304 5124 autem
330 5056 496 5143 tempore,
522 5057 585 5123 aut
609 5072 673 5141 per
699 5071 800 5141 quem
827 5049 1089 5124 Crotoniensem
1114 5049 1336 5142 pontificem,
1358 5055 1420 5153 aut
1447 5049 1511 5121 sub
1538 5070 1605 5139 quo
1632 5047 1735 5122 Polo·

190 5173 268 5245 niae
294 5193 377 5262 rege
403 5179 440 5244 et
466 5172 620 5262 principe
647 5171 806 5262 praelata
831 5171 1049 5277 Visliciensis
1083 5171 1230 5245 ecclesia
1255 5170 1292 5243 in
1318 5170 1534 5261 collegiatam
1560 5168 1610 5242 εί
1630 5190 1762 5262 paros

191 5292 293 5365 chiali
319 5292 461 5365 redacta
487 5295 543 5383 sit,
569 5314 638 5364 non
665 5294 752 5365 satis
778 5266 981 5365 seruam
1001 5291 1093 5383 ¹milri
1118 5312 1230 5391 saper-
1245 5292 1316 5367 lroc
1339 5289 1556 5397 frequentius
1579 5291 1734 5383 habenti,

191 5413 372 5486 annalibus
389 5413 545 5504 perditis,
571 5412 816 5504 succurrcluota¹
831 5413 902 5487 hoo
915 5410 1164 5511 mult-tm
1460 5410 1735 5521 amqnod
