4050 6054
1652 482 1724 552 277

179 683 391 771 scarabones,
418 685 614 755 necessaria
631 686 667 754 in
685 684 935 774 Pyotrlrow
960 686 1095 773 dooere,
1124 687 1237 776 sepire
1265 686 1405 773 curiam,
1432 686 1555 758 hortos
1581 643 1726 778 aggeres

180 803 380 893 reformare,
408 803 547 875 stabula
573 806 689 876 curiae
711 810 840 895 tegere,
868 806 1033 913 ducturas
1050 827 1071 876 a
1088 807 1171 876 villa
1189 807 1225 877 in
1243 806 1360 877 villam
1387 813 1423 877 et
1449 807 1485 877 in
1503 807 1580 877 lora
1604 806 1728 895 facere3

180 925 265 995 item
291 929 456 996 tenentur
481 946 587 995 unum
614 932 753 1015 pratum
780 947 844 1015 pro
871 927 968 996 curia
993 925 1214 1015 falcastrare,
1242 932 1411 1015 rastrare,
1439 926 1602 1017 colligere
1628 929 1726 998 etin

180 1045 344 1115 horreum
370 1044 514 1132 ducere3
550 1045 635 1117 item
663 1046 839 1117 hortulani
865 1046 914 1116 ibi
937 1068 1010 1117 non
1038 1053 1136 1135 sunt,
1166 1048 1249 1117 item
1276 1047 1423 1118 taberna
1450 1068 1518 1147 non
1545 1051 1617 1136 est,
1644 1048 1727 1118 item

181 1184 250 1236 non
276 1164 418 1236 solvunt
444 1163 607 1260 obyeclne,
643 1167 726 1237 item
753 1188 821 1237 uon
849 1172 904 1237 est
930 1167 978 1237 ibi
1004 1166 1247 1256 molendinum,
1274 1173 1310 1237 et
1337 1167 1439 1238 villae
1465 1168 1664 1239 cmethones
1690 1167 1726 1238 iu

180 1284 386 1356 molendinis
413 1286 661 1375 capitularibus
688 1287 816 1357 molere
842 1292 1020 1375 tenentur3
1048 1288 1129 1359 item
1149 1288 1232 1358 villa
1249 1287 1406 1378 praefata
1433 1287 1536 1358 solvit
1561 1287 1728 1359 decimam

181 1405 431 1494 manipularem
466 1408 729 1497 praepositurae
764 1407 996 1497 Lanciciensi,
1023 1415 1060 1479 et
1087 1408 1216 1479 ducunt
1241 1428 1318 1480 eam
1345 1408 1542 1479 emethones
1578 1408 1729 1499 propriis

181 1526 340 1599 curribus
367 1528 402 1598 in
430 1527 593 1598 horreum
621 1549 642 1597 a
669 1529 867 1618 praeposito
895 1529 1089 1617 locandum,
1116 1535 1152 1599 et
1179 1529 1345 1599 decimam
1372 1528 1494 1618 canapi
1520 1530 1660 1600 solvunt
1686 1528 1729 1599 de

180 1645 282 1719 laneo
299 1666 363 1737 per
379 1645 466 1719 duas
493 1648 632 1738 ierugas
651 1654 686 1719 et
704 1649 908 1720 aestimatur
935 1648 1032 1719 valor
1059 1649 1210 1720 decimae
1233 1649 1276 1719 ad
1295 1669 1355 1720 sex
1373 1669 1516 1738 marcas,
1544 1648 1729 1738 aliquando
1827 1742 1832 1751 ,

182 1765 227 1837 a'd
252 1771 342 1857 octo,
368 1768 556 1858 aliquando
584 1769 628 1839 ad
656 1769 783 1857 decem,
811 1789 1055 1860 nonnunquam
1082 1769 1127 1839 ad
1154 1769 1342 1840 duodecim.
1789 1750 1792 1759 ¹

283 1885 538 1977 &uersurum
565 1889 648 1959 villa
674 1889 876 1980 capitularis
902 1890 938 1959 in
957 1890 1033 1959 iure
1061 1889 1273 1960 Theutonico
1291 1890 1407 1961 locata
1424 1896 1460 1961 et
1479 1891 1543 1961 sub
1562 1890 1731 1980 parochia
1819 1880 1823 1887 ’

182 2004 348 2079 ecclesiae
373 2006 417 2079 de
445 2008 642 2079 Tusszin
670 2009 747 2098 sita,
774 2010 809 2078 in
829 2030 896 2098 qua
922 2014 1003 2079 sunt
1030 2014 1107 2080 octo
1134 2009 1226 2079 lanei
1253 2011 1495 2098 cmethonales,
1523 2015 1559 2080 et
1586 2010 1730 2099 quilibet

182 2126 317 2199 emetha
339 2127 387 2199 de
414 2128 515 2200 laneo
543 2128 649 2200 solvit
675 2130 827 2219 capitulo
854 2150 917 2218 pro
945 2149 1058 2200 annuo
1086 2150 1200 2218 censu,
1227 2130 1261 2200 in
1287 2126 1378 2204 festo
1404 2130 1437 2200 S.
1455 2129 1602 2201 Martini
1628 2149 1730 2200 unam

181 2267 321 2338 mnam,
358 2251 508 2338 quaein
536 2249 700 2321 Polonico
721 2247 843 2344 polum
870 2257 1028 2338 mentm,
1056 2250 1186 2338 mellis3
1222 2251 1305 2321 item
1340 2250 1540 2322 redimendo
1575 2251 1732 2335 labores,

181 2368 286 2440 solvit
313 2370 459 2460 quilibet
476 2370 519 2441 de
538 2372 637 2442 laneo
663 2392 787 2441 novem
813 2391 962 2460 grossos
989 2378 1025 2441 et
1043 2392 1107 2461 pro
1125 2376 1208 2442 note
1235 2373 1370 2443 notario
1389 2371 1538 2442 medium
1555 2391 1725 2461 grossum,

184 2490 267 2561 item
293 2511 363 2561 nou
391 2496 553 2562 tenentur
580 2491 705 2562 ducere
733 2491 912 2562 duodecim
935 2512 1059 2562 currus
1085 2491 1257 2582 lignorum
1285 2492 1328 2561 de
1354 2492 1454 2562 laneo
1481 2512 1546 2581 pro
1573 2492 1669 2562 curia
1695 2492 1731 2562 in

181 2608 484 2699 Pabianicze,
512 2617 675 2682 tenentur
701 2618 817 2682 tamen
844 2611 935 2681 retia
957 2612 993 2680 in
1011 2612 1221 2701 venationes,
1241 2617 1277 2681 et
1293 2612 1490 2683 necessaria
1516 2612 1552 2682 in
1570 2610 1732 2704 Pyotr-

182 2731 278 2802 kow
313 2731 457 2821 ducere,
493 2733 623 2803 curiam
651 2737 686 2803 et
712 2733 832 2803 hortos
860 2732 992 2822 sepire,
1028 2753 1172 2822 aggeres
1207 2731 1414 2821 reformare,
1451 2732 1590 2803 stabula
1616 2734 1732 2804 curiae

180 2858 321 2943 tegere,
360 2848 526 2924 ducturas
553 2874 575 2922 a
600 2853 684 2923 silla
710 2853 745 2922 'm
773 2853 890 2923 villam
918 2860 953 2924 et
980 2854 1016 2923 in
1043 2852 1118 2924 lora
1144 2853 1276 2941 facere3
1313 2854 1396 2924 item
1422 2859 1587 2925 tenentur
1614 2874 1732 2925 omnes

182 2994 288 3045 unum
323 2972 413 3044 diem
449 2972 670 3062 falcastrum,
706 2974 884 3064 proprium
912 2981 947 3045 et
974 2973 1191 3064 designatum
1227 2980 1366 3064 pratum
1402 2975 1587 3066 disponere
1623 2980 1659 3045 et
1694 2974 1730 3045 in

183 3095 347 3167 horreum
373 3095 573 3166 conducere.
600 3095 687 3165 Item
707 3095 841 3166 suntin
860 3094 980 3165 eadem
999 3096 1082 3165 villa
1099 3101 1172 3167 tres
1199 3096 1384 3184 hortulani,
1412 3101 1447 3166 et
1465 3096 1611 3185 quilibet
1629 3096 1734 3167 solvit

184 3236 248 3306 pro
275 3236 389 3288 annuo
425 3236 530 3286 censu
566 3198 670 3286 unum
706 3216 893 3305 fertonem,
929 3216 1012 3287 item
1039 3217 1206 3287 scultetus
1242 3222 1297 3287 est
1323 3217 1389 3304 ibi,
1426 3216 1486 3305 qui
1513 3217 1619 3288 habet
1646 3216 1732 3288 duos

185 3336 305 3409 laneos
330 3336 459 3408 liberos
486 3342 522 3408 et
548 3356 652 3407 unam
678 3337 878 3426 tabernam,
905 3336 948 3407 de
976 3357 1045 3426 qua
1072 3337 1178 3407 habet
1204 3357 1309 3407 unum
1336 3336 1524 3424 fertonem,
1557 3337 1600 3407 de
1627 3356 1733 3408 censu

60 3550 65 3557 .
185 3455 272 3528 nibil
299 3456 406 3528 habet
431 3456 545 3544 villae3
572 3457 654 3527 item
681 3456 913 3527 molendinum
941 3457 1047 3527 estin
1068 3456 1186 3526 eadem
1216 3456 1297 3527 villa
1323 3457 1359 3526 in
1385 3456 1524 3527 flumine
1542 3456 1733 3547 Nirzecz,

185 3576 278 3669 quod
304 3597 368 3666 pro
395 3597 510 3647 annuo
538 3597 641 3648 censu
670 3577 775 3647 solvit
801 3577 951 3666 capitulo
980 3577 1065 3647 duas
1093 3597 1170 3647 curn
1188 3576 1301 3647 media
1323 3597 1466 3665 marcas,
1494 3577 1530 3646 in
1557 3597 1624 3666 quo
1643 3594 1733 3646 cme-

183 3698 309 3770 thanes
336 3697 438 3768 villae
473 3717 595 3768 eorum
628 3696 801 3768 frumenta
836 3697 963 3767 molere
991 3702 1171 3785 tenentur,
1208 3698 1291 3767 item
1318 3697 1403 3767 villa
1437 3695 1594 3786 praefata
1628 3696 1734 3768 solvit

185 3818 353 3891 decimam
379 3817 627 3908 manipularem
654 3819 916 3907 praepositurae
943 3817 1169 3905 Lanciciensi,
1189 3823 1225 3888 et
1243 3816 1374 3889 ducunt
1400 3837 1476 3889 eam
1496 3801 1635 3888 'incolae
1653 3836 1735 3907 pro·

185 3939 273 4029 priis
301 3938 461 4009 curribus
479 3939 515 4008 in
533 3938 696 4010 horreum
716 3959 737 4008 a
755 3938 953 4029 praeposito
980 3938 1171 4027 locandum,
1199 3943 1234 4008 et
1261 3938 1428 4009 decimam
1446 3937 1567 4027 canapi
1595 3938 1735 4009 solvunt

184 4059 228 4130 de
254 4058 354 4130 laneo
381 4080 445 4150 per
472 4059 557 4130 duas
584 4059 723 4149 ierugas
751 4064 786 4130 et
813 4059 911 4129 valor
946 4058 1099 4128 decimae
1134 4060 1338 4129 aestimatur
1365 4058 1409 4129 ad
1436 4058 1553 4129 decem
1579 4078 1734 4148 marcas,

187 4200 431 4270 nonnunquam
467 4180 666 4267 duodecim3
703 4180 787 4250 item
824 4179 964 4250 solvunt
999 4178 1198 4250 cmethoncs
1233 4180 1369 4249 ratione
1405 4177 1551 4274 obqedne
1587 4180 1735 4250 mediam

183 4320 351 4390 marcam,
379 4301 545 4371 scultetus
573 4320 655 4370 vero
684 4321 786 4371 arnum
814 4300 992 4370 fertonem.

289 4420 525 4509 Duornowo,
562 4421 645 4491 villa
671 4421 872 4510 capitularis
900 4419 935 4488 in
963 4420 1038 4489 iure
1064 4417 1228 4490 Polonico
1254 4418 1387 4508 locata,
1415 4424 1451 4491 et
1478 4420 1542 4492 sub
1569 4419 1736 4509 parochia

187 4541 353 4614 ecclesiae
379 4540 423 4613 ds
450 4540 688 4631 Thusszyn
716 4541 792 4629 sita,
820 4541 855 4609 in
883 4561 950 4631 qua
977 4546 1058 4611 sunt
1085 4538 1346 4630 quatuordecim
1372 4540 1463 4611 lanei
1490 4539 1740 4630 cmethonales,

185 4667 224 4733 et
248 4660 395 4753 quilibet
422 4663 559 4733 cmetho
586 4662 629 4732 de
656 4662 755 4731 laneo
783 4661 887 4731 solvit
914 4661 1065 4751 capitulo
1093 4659 1314 4732 Oracoviensi
1340 4681 1404 4751 pro
1427 4680 1540 4733 annuo
1568 4680 1674 4732 censu
1700 4661 1739 4732 in

184 4782 275 4856 festo
302 4781 335 4854 S.
361 4782 509 4854 Martini
545 4801 648 4853 unam
684 4802 834 4852 marcam
872 4803 948 4852 cum
975 4782 1109 4853 duobus
1144 4782 1294 4871 grossis,
1320 4787 1357 4852 et
1382 4802 1445 4872 pro
1480 4786 1565 4853 nota
1599 4781 1736 4852 notario

186 4902 338 4975 modium
363 4924 542 4993 grossum3
569 4903 653 4973 item
672 4902 758 4973 duos
777 4922 935 4993 capones,
963 4903 1046 4973 item
1076 4909 1225 4993 quatuor
1252 4903 1377 4976 cboros
1403 4902 1522 4991 tritici,
1550 4903 1633 4973 item
1652 4922 1737 4993 qua·

183 5028 267 5095 tuor
291 5024 417 5095 choros
444 5042 573 5095 avenae
599 5043 781 5093 mensurae
809 5021 1074 5094 Szadkoviensis
1100 5023 1225 5113 planae
1244 5029 1279 5094 et
1297 5022 1462 5114 aequalis
1488 5023 1573 5094 item
1590 5023 1738 5114 triginta

186 5165 272 5233 ova,
306 5144 390 5215 item
417 5143 504 5215 duos
539 5163 680 5234 grossos
716 5164 780 5233 pro
807 5163 912 5214 censu
938 5142 1049 5232 foeni,
1087 5144 1145 5232 qui
1173 5149 1318 5213 vocatur
1352 5164 1518 5238 azymam
1552 5143 1637 5215 item
1664 5164 1735 5215 nou

183 5269 347 5338 tenentur
382 5264 563 5337 duodecim
600 5285 720 5335 currus
756 5264 929 5354 lignorum
965 5264 1007 5334 de
1034 5265 1134 5334 laneo
1170 5263 1215 5334 ad
1242 5264 1373 5335 curiam
1408 5264 1445 5334 in
1479 5263 1736 5335 Pabianice

190 5385 326 5466 ducere.
353 5385 442 5461 Item
467 5386 504 5458 in
532 5386 674 5485 praedio
702 5383 942 5463 Pabianiceusi
970 5383 1074 5459 etiam
1100 5382 1170 5465 uon
1196 5389 1360 5466 tenentur
1389 5406 1508 5458 omues
1540 5384 1745 5468 cmethonea
