4050 6054
1659 382 1860 515 aa‘

158 636 196 703 et
221 631 351 703 ducens
377 631 529 723 propriis
567 629 725 703 curribus
753 630 920 702 decimam
945 629 1194 720 manipularem
1232 648 1296 720 pro
1323 627 1520 718 praebenda
1546 633 1582 699 et
1608 649 1710 700 carro-

157 754 277 825 nicatu
303 752 478 845 praelatis
506 755 602 825 euius
630 754 727 825 valor
754 754 960 824 aestimatur
987 752 1030 823 ad
1058 772 1160 822 verram
1188 770 1403 841 sexagenum.

264 873 532 964 Senuvauuvv,
560 876 643 947 villa
661 876 725 946 sub
743 875 909 964 parochia
936 874 978 944 de
998 874 1083 944 Brz
1098 894 1206 964 ezyo
1233 874 1310 963 sita,
1338 873 1435 943 cuius
1453 873 1649 963 proprietas
1667 872 1711 942 ad

159 997 440 1067 sanctimoniales
454 996 582 1068 ibidem
597 997 758 1086 pertinet,
778 1017 866 1087 quae
879 996 962 1067 villa
976 1002 1030 1067 est
1043 995 1195 1066 eiusdem
1210 995 1412 1065 monasterii
1426 993 1561 1065 fundus.
1588 993 1628 1062 In
1643 1013 1712 1082 qua

160 1121 241 1187 sunt
259 1137 320 1188 sex
339 1117 444 1206 lanei,
462 1120 545 1188 item
565 1119 652 1188 duae
671 1117 889 1188 hortulaniae
909 1123 943 1187 et
961 1117 1050 1187 duae
1076 1117 1242 1187 tabernae
1261 1116 1295 1185 in
1314 1115 1453 1205 publica
1480 1120 1592 1186 strata
1610 1115 1710 1203 sitae,

156 1216 334 1310 'habenta
347 1239 480 1328 amplos
494 1259 607 1328 agros3
626 1239 709 1308 item
723 1238 772 1309 ibi
790 1243 872 1309 sunt
890 1238 958 1308 duo
972 1236 1176 1325 molendina,
1196 1237 1238 1307 de
1253 1237 1377 1326 quibus
1392 1237 1550 1307 omnibus
1566 1236 1711 1306 solvitur

58 1452 64 1461 ᾗ
160 1358 296 1430 decima
312 1360 539 1450 manipularis
558 1364 593 1429 et
611 1360 785 1448 canapalis
803 1359 1021 1451 praebendae
1041 1357 1261 1429 Gracoviensi
1278 1358 1391 1430 dictae
1406 1357 1711 1449 Stanyatlreezslva,

162 1478 260 1551 cuius
279 1480 378 1551 valor
397 1480 441 1551 ad
461 1480 655 1570 quindecim
673 1500 808 1551 marcas
827 1482 1204 1572 aestimatumpraeter
1223 1501 1335 1570 agros,
1354 1481 1413 1569 qui
1432 1479 1593 1549 dicuntur
1605 1470 1712 1572 prap-

161 1596 316 1697 myarlcp,
334 1601 518 1691 dequibus
536 1601 727 1672 decimatur
741 1602 957 1691 praebendae
971 1601 1195 1673 Cracoviensi·
1211 1601 1324 1671 dictae
1337 1600 1598 1691 Roszeyowsna
1625 1600 1711 1668 Item

162 1725 218 1793 est
233 1722 413 1810 praedium
441 1721 648 1810 coenobiale,
677 1722 719 1792 de
740 1743 807 1811 quo
827 1723 995 1812 ipsaemet
1012 1723 1178 1793 moniales
1197 1722 1394 1812 percipiunt
1420 1722 1595 1793 decimam.

267 1843 354 1914 Item
381 1843 489 1914 habet
506 1864 632 1914 nonam
651 1843 900 1932 manipularem
919 1844 1084 1914 decimam
1108 1844 1143 1913 in
1171 1842 1400 1934 Luszyna‚
1427 1843 1510 1916 villa
1528 1843 1592 1913 sub
1610 1862 1712 1932 paro·

160 1963 239 2034 chia
256 1964 420 2036 eeclesiae
439 1964 481 2035 de
500 1961 603 2054 Gay,
622 1965 717 2034 cuius
732 1965 926 2054 proprietas
944 1966 1097 2055 pertinet
1115 1964 1158 2035 ad
1176 1962 1424 2064 Przedborium
1444 1964 1486 2035 de
1504 1963 1709 2054 Konyeez-

163 2085 319 2177 polyc,
361 2085 510 2158 nobilem
537 2086 580 2156 de
607 2086 713 2156 armis
740 2084 961 2157 Pobodze.
1001 2086 1041 2157 In
1073 2107 1142 2177 qua
1172 2090 1254 2157 sunt
1285 2106 1448 2156 sexeum
1475 2085 1589 2155 medio
1620 2080 1711 2155 lanei

164 2204 407 2294 cmethonales,
434 2205 518 2276 item
544 2206 700 2295 taberna,
729 2227 815 2295 quae
842 2226 910 2277 non
937 2207 1045 2277 habet
1070 2227 1186 2296 agree,
1223 2206 1305 2277 item
1334 2212 1466 2296 septem
1493 2205 1712 2277 hortulaniae
1801 2220 1804 2228 ·

162 2331 199 2397 et
225 2326 457 2398 molendinum
483 2327 653 2398 habentes
680 2346 800 2416 agros,
828 2326 871 2397 de
899 2328 1022 2417 quibus
1050 2327 1196 2398 solvitur
1223 2328 1355 2398 decima
1381 2327 1625 2417 manipularis3
1652 2324 1713 2395 sed

164 2449 341 2537 perceptio
360 2449 435 2518 eius
453 2447 489 2518 in
508 2447 594 2518 duas
612 2447 829 2537 praebendas
847 2447 1104 2537 Oraooviensas,
1132 2448 1292 2519 videlicet
1310 2449 1346 2517 in
1365 2446 1595 2538 praebendam
1614 2466 1714 2536 prae-

165 2576 297 2640 sentem
325 2568 593 2660 Roszyeiovvska
620 2574 655 2638 et
683 2570 717 2639 in
745 2569 978 2658 praebendam
1007 2567 1205 2640 Goreczska
1231 2565 1493 2658 diversificatur,
1521 2573 1556 2638 et
1583 2567 1625 2638 de
1643 2586 1714 2636 me-

164 2688 296 2761 dietate
322 2710 485 2780 agrorum
512 2690 615 2760 villae
641 2690 840 2779 praedictae
875 2690 1024 2779 percipit
1049 2690 1215 2760 decimam
1242 2689 1490 2779 manipularem
1518 2687 1716 2778 praebenda

164 2808 452 2902 Roszyeyovvslva,
479 2810 522 2881 de
549 2810 659 2881 altera
685 2831 769 2882 vero
796 2811 984 2882 medietate
1011 2832 1174 2900 agrorum
1201 2811 1399 2901 praedictae
1426 2810 1538 2899 villae,
1565 2808 1714 2898 percipit

165 2931 364 3022 praebenda
390 2929 596 3021 Goreczslva,
615 2938 652 3002 et
668 2936 832 3003 tenentur
858 2953 932 3002 eam
961 2932 1161 3003 cmethones
1181 2932 1305 3004 ducere
1322 2932 1473 3021 propriis
1493 2929 1651 3001 curribus
1679 2930 1715 2999 in

165 3053 329 3125 horreum
352 3055 555 3125 acanonieo
583 3053 774 3144 locandum,
802 3060 839 3125 et
866 3054 1005 3125 solvunt
1032 3053 1198 3125 decimam
1225 3053 1347 3143 canapi
1374 3074 1437 3143 per
1464 3058 1612 3142 quatuor
1639 3051 1716 3121 iun-

165 3177 292 3263 cturas,
306 3178 342 3245 et
360 3175 563 3245 aestimatur
581 3175 679 3245 valor
698 3174 850 3246 decimae
863 3173 1052 3264 praelatae,
1071 3181 1238 3265 quantum
1257 3172 1301 3244 ad
1319 3173 1551 3264 praebendam
1565 3175 1716 3263 Roszpe-

167 3295 308 3385 iowska,
336 3295 380 3365 ad
408 3301 557 3385 quatuor
583 3316 727 3367 marcas.
754 3296 821 3367 Est
839 3298 942 3367 etiam
970 3297 1067 3367 curia
1093 3296 1253 3367 militaris
1273 3297 1307 3367 in
1326 3296 1446 3367 eadam
1464 3296 1557 3386 villo,
1583 3295 1716 3365 habens

168 3435 272 3505 agros
298 3414 503 3506 praedialeS,
530 3417 573 3487 da
602 3418 725 3507 quibus
753 3417 886 3488 decima
905 3419 1130 3508 manipularis
1158 3419 1306 3488 solvitur
1332 3418 1479 3506 plebano
1499 3422 1534 3487 et
1553 3416 1718 3487 eeclesiae
1770 3515 1774 3519 Ι

148 3536 204 3607 'in
230 3534 335 3630 Gay.
362 3537 450 3609 Item
469 3537 511 3608 de
531 3545 663 3628 septem
690 3539 907 3628 hortulaniis,
935 3539 1068 3610 decima
1095 3538 1320 3629 manipularis
1344 3540 1491 3610 solvitur
1519 3537 1717 3628 praeposito

167 3661 205 3729 et
229 3658 395 3731 ecclesIae
422 3658 539 3730 Sancti
565 3658 689 3730 Jacobi
716 3660 751 3729 in
780 3658 1039 3731 Gasimiria.

270 3779 358 3850 Item
383 3779 583 3871 praebenda
617 3779 774 3869 praefata
801 3780 1040 3852 cracoviensis
1067 3780 1334 3870 Roszyeiovvska
1369 3779 1506 3850 eteius
1534 3777 1718 3850 eanonicus

168 3920 232 3991 pro
259 3906 432 3990 tempore,
461 3901 568 3972 habet
593 3901 758 3971 vicariam
786 3900 988 3991 perpetuam
1016 3903 1052 3971 in
1079 3901 1225 3972 eeclesia
1252 3900 1490 3990 Cracoviensi,
1519 3900 1615 3971 euius
1643 3898 1717 3989 ipse
1825 3911 1829 3914 ·

169 4021 353 4094 canonieus
379 4022 500 4093 unicus
528 4026 581 4093 est
600 4021 745 4092 collator
764 4027 800 4092 et
817 4027 996 4113 patronus,
1024 4043 1126 4113 quam
1144 4042 1235 4092 nunc
1261 4026 1359 4093 tenet
1375 4021 1527 4093 lacobus
1547 4021 1589 4091 de
1609 4017 1671 4090 Gn
1683 4040 1718 4089 e-

96 4167 98 4170 ’
169 4162 269 4232 una,
298 4162 384 4232 quae
412 4163 475 4232 pro
503 4163 565 4213 sua
592 4143 692 4232 dote,
728 4144 942 4233 proprietate
971 4150 1074 4234 atque
1101 4144 1213 4233 titulo,
1240 4145 1346 4215 habet
1373 4143 1459 4225 duas
1486 4143 1719 4232 manipulares

169 4262 321 4333 decimas
350 4263 385 4332 in
413 4262 504 4334 villis
524 4262 763 4353 infrascriptis.
790 4263 944 4336 Primam
962 4262 1129 4335 decimam
1156 4265 1263 4337 habet
1290 4266 1325 4335 in
1352 4264 1613 4355 Pyrzclrovv,
1633 4262 1723 4333 villa

172 4383 237 4454 sub
262 4382 428 4473 parochia
454 4383 618 4455 ecelesiae
646 4384 689 4455 de
716 4385 749 4456 N
758 4385 1040 4476 yegovviedz,
1077 4386 1173 4456 euius
1200 4386 1303 4457 villae
1338 4387 1538 4477 propri'as
1570 4385 1742 4493 pertinet¹

171 4496 215 4574 ad
242 4503 505 4576 castellanetam
527 4503 799 4597 Oracoviensem,
827 4507 861 4577 in
882 4528 949 4597 qua
968 4513 1049 4578 sunt
1067 4513 1144 4579 octo
1171 4508 1262 4578 lanei
1281 4509 1524 4596 cmethonalus,
1551 4507 1635 4576 item
1653 4524 1720 4574 non

76 4692 79 4697 .
170 4628 253 4696 sunt
278 4625 454 4715 tabernae,
481 4626 565 4696 item
583 4626 802 4697 hortulaniae
821 4628 926 4698 etiam
945 4627 993 4698 ibi
1011 4650 1080 4699 non
1100 4635 1190 4717 sunt;
1221 4629 1264 4699 de
1282 4629 1392 4699 lanais
1411 4627 1569 4721 omnibus
1592 4622 1723 4712 absque

172 4744 410 4836 diminutione,
438 4746 586 4818 solvitur
612 4747 744 4818 decima
762 4748 986 4838 manipularis
1013 4750 1163 4820 vicariae
1190 4748 1375 4838 praelatae,
1403 4754 1439 4820 et
1457 4754 1620 4820 tenentur
1647 4764 1724 4815 earn

172 4865 305 4938 incolae
341 4865 492 4957 propriis
529 4868 687 4939 curribus
723 4868 849 4940 ducere
875 4869 911 4938 in
938 4869 1101 4940 horreum
1129 4890 1151 4940 a
1176 4868 1305 4941 vicario
1342 4869 1556 4959 eligendum,
1583 4866 1724 4936 solvunt

172 4985 339 5059 decimam
366 4987 489 5078 canapi
515 5008 578 5079 per
606 4995 755 5078 quatuor
782 4989 979 5080 iuncturas,
1008 4993 1044 5060 et
1071 4962 1275 5062 aestimatur
1301 4990 1399 5061 valor
1426 4991 1501 5061 eius
1528 4988 1572 5061 ad
1590 4985 1724 5076 'viginti

62 5166 77 5181 ,
172 5126 316 5180 marcas.
343 5107 422 5180 Non
449 5114 505 5181 est
530 5108 579 5181 ibi
607 5110 712 5199 curia,
739 5130 851 5201 neque
879 5111 1058 5200 praedium
1085 5111 1245 5200 militare,
1272 5131 1384 5200 neque
1410 5109 1653 5182 molendinum.

129 5214 135 5219 ’
277 5228 365 5301 Item
393 5230 499 5302 habet
527 5231 657 5301 vicaria
683 5230 842 5322 praelata
868 5231 1051 5303 secundam
1080 5230 1246 5302 decimam
1273 5231 1521 5324 manipularem
1549 5231 1584 5301 in
1603 5226 1723 5321 Pyrz·

176 5349 424 5442 chowieez,
453 5352 535 5424 villa
563 5352 626 5423 sub
645 5353 811 5442 parochia
829 5352 991 5425 ecelesiae
1018 5351 1060 5423 de
1089 5351 1386 5444 Nyegoviedz‚
1414 5354 1449 5427 in
1469 5373 1538 5448 qua
1556 5356 1637 5424 sunt
1656 5349 1723 5420 duo

200 5496 207 5503 ”
278 5516 327 5560 ino.
340 5516 440 5561 senona.
527 5532 537 5543 ·
1541 5504 1556 5555 e
