4050 6054
1716 430 1810 564 loa

229 660 330 773 *pro
356 672 590 772 die‘praefati
617 678 854 769 anniversarii,
883 677 974 770 quod
993 677 1172 751 undecima
1199 678 1320 751 Martii
1348 699 1411 768 pro
1439 676 1552 749 anima
1578 678 1726 768 praefati
1753 680 1813 750 Ja-

265 803 344 875 cobi
363 801 413 874 de
439 801 790 894 Konieczpolye
826 809 861 871 et
887 808 1071 890 parentum
1098 821 1239 872 suorum
1266 805 1389 888 agetur
1416 799 1561 889 singulis
1589 800 1699 889 annis
1726 800 1812 871 duas

264 940 398 993 marum
425 922 530 993 annui
558 942 678 992 census
706 922 880 991 canonicis
907 920 1193 992 Cracoviensvbus
1221 921 1284 990 sub
1311 940 1422 1008 poena
1449 919 1812 990 excommunicationis

265 1040 401 1115 solvere
428 1049 465 1111 et
491 1041 584 1112 dare.

652 1302 1031 1383 Archidiaconstus
1063 1303 1436 1383 Zawicbostensis.

368 1520 485 1594 Habet
510 1525 550 1593 et·
573 1519 812 1593 Cracoviensis
838 1522 985 1593 ecclesia
1011 1522 1097 1593 duos
1124 1522 1424 1595 archidiaconatus
1450 1523 1585 1594 rurales
1613 1525 1648 1594 in
1675 1545 1722 1613 se,
1749 1546 1812 1615 per

264 1643 397 1733 priscos
423 1643 538 1713 nescio
566 1662 629 1731 per
657 1662 742 1731 quos
770 1643 950 1731 episcopos
976 1640 1242 1731 cracov-anses,
1268 1662 1333 1732 pro
1359 1644 1567 1713 necessitate
1595 1649 1631 1714 ct
1656 1644 1810 1715 utilitate

267 1760 434 1833 dioecesis
460 1750 699 1835 cracoviensis
725 1763 906 1832 institutos
933 1769 968 1831 et
994 1761 1170 1851 fundatos,
1197 1763 1358 1833 videlicet
1383 1762 1811 1847 Zawichostensem

265 1887 303 1952 et
328 1881 675 1972 Lublinensem,
711 1902 856 1971 quorum
892 1888 1037 1970 uterque
1065 1883 1101 1951 in
1128 1880 1348 1952 cracoviensi
1383 1882 1653 1953 installationem
1686 1885 1812 1972 accipit

201 1979 204 1985 ¹
265 2000 417 2091 ecclesia
444 2002 576 2074 habens
602 2000 842 2072 tantummodo
869 2000 1017 2088 stallum,
1045 2020 1165 2071 carens
1192 1999 1437 2071 refectionibus
1464 2010 1500 2072 et
1518 2022 1611 2073 voce.
1637 2002 1812 2074 Zawicho·

265 2121 393 2193 stands
427 2128 542 2193 autem
578 2121 878 2192 archidiaconatus
905 2140 946 2190 ex
974 2120 1107 2191 duabus
1142 2120 1399 2208 parochialibus
1435 2120 1589 2191 ecclesiis
1625 2127 1662 2192 et
1693 2136 1812 2192 earum

264 2243 500 2331 proventibus
528 2261 674 2330 quorum
700 2240 881 2328 utriusque
908 2240 1046 2310 collatio
1066 2239 1109 2310 ad
1128 2241 1326 2329 episcopum
1354 2239 1624 2329 Cracoviensem
1652 2242 1813 2312 videlicet

265 2381 308 2431 ex
336 2360 482 2432 ecclesia
507 2361 543 2430 in
570 2359 912 2451 Swyeczechow
938 2367 974 2429 et
1001 2381 1043 2430 ex
1066 2360 1212 2430 ecclesia
1238 2359 1385 2430 Sanctae
1404 2360 1586 2431 Trinitatis
1613 2362 1648 2430 in
1676 2360 1814 2431 Zawi-

238 2480 402 2551 ‘chost
425 2478 589 2580 fundatus
616 2486 679 2569 est,
708 2480 766 2568 qui
793 2478 1032 2569 infrascriptos
1059 2481 1165 2550 habet
1191 2488 1390 2569 proventus.
1824 2488 1826 2494 ’

368 2600 515 2689 Porum,
543 2600 626 2671 villa
652 2599 950 2670 archidiaconatus
973 2599 1269 2688 Zawicbostensis‚
1297 2607 1333 2669 et
1358 2598 1483 2670 fundus
1511 2601 1594 2690 eius,
1620 2602 1685 2673 sub
1711 2616 1813 2690 paro-

267 2721 345 2791 cbia
368 2720 531 2791 ecclesiae
551 2721 593 2790 de
612 2719 957 2811 vayecuecbow
984 2721 1060 2808 sita
1080 2740 1167 2809 quae
1187 2719 1357 2809 quondam
1375 2727 1452 2790 erat
1469 2722 1665 2810 proprietas
1683 2726 1719 2792 et
1734 2720 1812 2793 fun-

266 2839 331 2910 dus
358 2841 471 2911 dictae
499 2839 662 2910 ecclesiae
689 2840 725 2909 in
753 2838 1095 2929 vayeczecbow
1122 2842 1156 2910 in
1184 2845 1314 2911 sortem
1340 2841 1554 2930 presbyteri,
1587 2840 1704 2912 idest
1729 2863 1811 2935 pop,

267 2978 289 3030 a
306 2980 374 3049 quo
393 2964 429 3030 et
446 2958 609 3048 Popow
627 2980 752 3029 nomen
771 2960 904 3048 accipit,
923 2960 1056 3030 collata.
1074 2961 1115 3030 In
1130 2981 1197 3050 qua
1215 2965 1296 3030 sunt
1315 2981 1375 3029 sex
1394 2980 1470 3029 cum
1484 2960 1596 3030 medio
1614 2961 1705 3030 lanei
1723 2981 1814 3031 cme-

265 3079 434 3169 thonales,
462 3100 607 3170 quornm
634 3079 781 3168 quilibet
807 3101 870 3168 pro
894 3100 1008 3150 annno
1036 3101 1139 3150 censu
1167 3080 1271 3150 solvit
1294 3079 1474 3169 fertonem,
1500 3081 1723 3151 medietatem
1749 3102 1813 3170 pro

265 3197 354 3271 festo
381 3200 574 3272 nativitatis
600 3198 746 3270 Sanctae
764 3199 909 3289 Mariae,
928 3210 963 3272 et
982 3201 1127 3271 alteram
1145 3201 1366 3271 medietatem
1384 3221 1447 3288 pro
1465 3199 1555 3270 festo
1581 3200 1699 3271 Sancti
1717 3201 1813 3272 Mar·

268 3318 343 3405 tini,
369 3320 451 3391 item
478 3320 563 3391 duos
591 3328 749 3408 capones
776 3321 860 3390 item
887 3323 1033 3410 triginta
1060 3340 1134 3391 ova.
1161 3321 1248 3391 Item
1273 3319 1419 3410 quilibet
1445 3319 1489 3391 de
1506 3320 1606 3391 laneo
1633 3320 1720 3392 duos
1740 3320 1813 3394 dics

269 3437 305 3508 in
322 3438 536 3510 hebdomada
552 3440 693 3529 proprio
713 3460 816 3510 curru
835 3447 895 3510 aut
912 3446 1029 3510 aratro
1047 3440 1216 3529 laborant,
1243 3439 1408 3510 ducturas
1427 3441 1624 3511 cmethones
1642 3441 1686 3510 ad
1704 3441 1813 3511 ratio-

269 3577 348 3628 nem
375 3557 508 3628 dierum
533 3560 568 3629 in
595 3560 788 3648 septimana
823 3561 1019 3631 debitorum
1053 3559 1202 3647 faciunt;
1242 3560 1326 3630 item
1354 3565 1436 3629 sunt
1469 3559 1518 3629 ibi
1544 3565 1619 3631 tres
1645 3560 1811 3630 tabernae

268 3677 435 3749 habentes
461 3698 572 3768 agros,
600 3687 636 3749 et
662 3681 866 3750 tabernator
900 3680 1044 3768 quilibet
1080 3678 1184 3750 solvit
1219 3699 1283 3767 pro
1310 3697 1415 3749 censu
1440 3684 1514 3749 tres
1548 3676 1718 3768 fertones,
1744 3699 1813 3750 non

267 3797 428 3869 laborant
452 3799 545 3888 dies,
581 3799 643 3870 sed
669 3803 804 3870 torrent
831 3801 985 3870 triticum
1012 3805 1048 3869 et
1074 3798 1277 3869 cerevisiam
1308 3804 1461 3888 coquunt
1486 3792 1550 3888 p'ro
1577 3798 1687 3886 curia;
1731 3799 1812 3867 item

267 3918 486 3990 lrortulaniae
513 3924 670 4009 quatuor,
689 3925 725 3990 et
744 3920 889 4009 quilibet
914 3920 1120 3991 hortulanus
1146 3939 1252 3989 unum
1270 3917 1360 3989 mam
1386 3917 1548 4007 pedester
1565 3918 1601 3989 in
1621 3919 1814 4007 septimana

266 4037 418 4126 laborat;
444 4039 528 4110 item
554 4040 661 4111 habet
688 4040 866 4129 praedium
893 4041 1061 4129 optimum
1088 4045 1124 4111 et
1150 4037 1318 4126 amplum,
1346 4037 1388 4108 de
1417 4060 1484 4128 quo
1510 4038 1598 4109 nulli
1624 4039 1729 4111 solvit
1755 4039 1814 4110 de-

268 4159 390 4230 cimam
416 4160 685 4249 manipularem,
714 4160 876 4232 sedeam
904 4161 998 4231 solus
1025 4160 1287 4230 archidiaconns
1313 4179 1376 4247 pro
1404 4179 1441 4229 se
1469 4159 1563 4229 tollit
1589 4165 1624 4231 et
1651 4160 1686 4230 in
1714 4180 1813 4231 suum

268 4278 429 4351 horreum
456 4278 584 4350 ibidem
611 4282 645 4350 in
674 4280 836 4370 Popovv
862 4281 1009 4370 inducit;
1045 4281 1127 4351 item
1155 4279 1321 4350 decimam
1348 4279 1451 4350 villae
1477 4280 1631 4351 eiusdem
1657 4280 1813 4368 manipu-

267 4398 375 4470 larem
400 4405 474 4470 tam
500 4400 716 4490 cmethones‚
745 4423 846 4490 quam
872 4401 1113 4473 tabematores
1140 4407 1177 4471 et
1202 4399 1380 4471 hortulani
1407 4400 1546 4472 solvunt
1571 4399 1812 4470 archidiacono

267 4519 456 4608 praedicto,
483 4527 519 4590 et
544 4526 708 4591 tenentur
734 4521 828 4591 illam
853 4522 1005 4611 propriis
1032 4522 1190 4592 curribus
1217 4521 1380 4591 inducere
1398 4521 1434 4589 in
1452 4519 1614 4590 borreum
1643 4517 1815 4590 archidia-

263 4639 345 4711 coni
371 4645 409 4710 et
435 4639 574 4711 solvunt
609 4640 776 4711 decimam
811 4641 934 4731 canapi
960 4662 1023 4730 per
1049 4662 1109 4712 sex
1146 4642 1283 4730 ierugas
1310 4646 1346 4710 et
1373 4639 1577 4710 aestimatur
1607 4639 1706 4708 valor
1741 4638 1814 4708 eius

267 4757 314 4829 ad
338 4758 457 4831 decem
482 4779 626 4831 marcas.
651 4761 740 4832 Item
767 4762 872 4831 habet
898 4760 1010 4831 lacum
1038 4762 1206 4849 optimum
1232 4765 1269 4831 et
1294 4760 1447 4849 piscibus
1474 4759 1678 4830 foecundum
1705 4777 1814 4846 prope

192 4912 195 4923 ·
267 4878 384 4949 villam
410 4878 525 4968 situm,
552 4879 595 4950 de
614 4902 682 4971 qno
701 4901 815 4951 secum
833 4901 932 4952 nemo
959 4882 1155 4970 participat,
1183 4882 1268 4950 item
1285 4901 1403 4952 omnes
1430 4880 1561 4950 incolae
1586 4879 1687 4948 villae
1714 4898 1815 4967 prae-

266 4996 368 5088 fatae,
395 5004 433 5070 et
459 4999 604 5088 quilibet
631 5021 750 5072 eorum
785 5001 918 5072 babens
953 5000 1066 5073 focum
1101 5000 1158 5071 val
1184 5021 1307 5090 panem
1333 5002 1511 5090 proprium
1539 4999 1734 5087 comedens,
1762 5006 1814 5068 te-

267 5125 370 5191 netur
396 5116 439 5190 de
466 5120 606 5192 hamulo
632 5142 696 5210 pro
724 5119 819 5191 curia
846 5120 928 5191 dare
956 5122 1056 5192 annis
1083 5120 1228 5211 singulis
1253 5093 1360 5192 unum
1385 5120 1527 5192 chorum
1555 5120 1704 5205 humuli3
1732 5121 1814 5189 item

267 5246 407 5329 pratum
432 5238 736 5329 Dambrowka
771 5240 920 5329 speciale
954 5243 1155 5312 cmethones
1190 5245 1333 5329 praeter.
1355 5239 1446 5309 diem
1474 5247 1611 5327 secant,
1648 5239 1816 5326 colligunt

266 5365 303 5428 et
329 5358 525 5430 conducunt
546 5379 635 5475 ncum
671 5359 865 5463 hortulanis
902 5368 938 5431 et
968 5358 1191 5447 tabernariis3
1236 5361 1319 5428 item
1355 5359 1490 5428 curctho
1527 5359 1674 5448 quilibet
1710 5370 1814 5427 unum

371 5525 419 5565 aaa.
433 5525 521 5569 uenena
1058 5545 1063 5553 .
1407 5516 1412 5521 ·
1611 5499 1651 5555 25
