4050 6054
241 512 318 589 430

240 723 276 794 in
302 722 419 812 platea
444 719 674 810 (1111111111,
701 720 895 791 ciminterio
922 717 1148 809 confrontata,
1176 718 1267 807 apud
1293 716 1476 807 providum
1494 716 1691 790 dohannem
1709 714 1793 787 Ra·

240 843 432 932 noguth,
467 842 576 913 civem
603 840 861 930 Visliciensem,
888 845 1075 930 procerte
1109 839 1276 929 pecuniae
1311 837 1518 928 quantitate,
1545 838 1656 928 ipsam
1682 837 1790 908 11111111

239 982 301 1054 per
328 961 598 1034 illustrissimum
625 961 816 1051 principem
843 960 1018 1032 dominum
1045 958 1341 1048 Gasimirum,
1368 958 1534 1030 Poloniae
1559 978 1690 1047 regem,
1715 977 1790 1028 ma-

237 1104 344 1172 gnum
371 1083 491 1155 ducem
518 1080 816 1171 Lithvaniae,
842 1078 1059 1171 Russiae,
1086 1079 1403 1170 Prassiaeque
1439 1078 1613 1150 dominum
1639 1082 1678 1150 et
1702 1078 1789 1150 bae-

239 1201 366 1291 redem,
394 1207 430 1274 et
456 1201 669 1273 consulatum
688 1186 926 1272 Visliciensem
953 1200 1170 1271 absolutione
1196 1204 1365 1290 perpetua
1382 1198 1426 1269 ab
1445 1198 1604 1270 omnibns
1622 1199 1789 1271 oneribus

238 1327 275 1393 et
300 1321 530 1393 solutionibus
556 1321 729 1392 universis
755 1321 931 1410 libertari,
958 1321 1109 1410 plateam
1137 1340 1272 1410 quoque
1299 1319 1437 1391 domum
1464 1319 1576 1409 ipsam
1601 1325 1638 1390 et
1664 1319 1788 1390 cimin-

239 1443 366 1514 terium
391 1441 530 1532 publica
556 1446 668 1512 strata
693 1441 970 1531 intersecantem,
997 1461 1061 1531 pro
1080 1440 1275 1512 substantia
1294 1444 1329 1511 et
1347 1439 1463 1529 quiete
1486 1439 1646 1529 ampliori
1662 1439 1788 1512 domus

238 1560 426 1652 praefatae,
452 1567 492 1632 ut
510 1562 703 1633 ciminterio
721 1562 796 1633 sine
813 1560 885 1633 ulla
902 1561 1110 1633 mediatione
1138 1563 1349 1651 cohaereret
1378 1560 1547 1651 applicari
1574 1559 1666 1651 apud
1683 1581 1788 1652 prae-

169 1712 174 1723 ·
237 1682 345 1754 iatum
373 1682 587 1754 consulatum
614 1681 854 1754 Visliciensem
882 1682 1042 1771 obtinuit,
1069 1701 1110 1752 aa
1136 1702 1178 1753 ex
1204 1700 1303 1752 muro
1330 1680 1446 1752 coctili
1472 1681 1509 1751 in
1535 1680 1612 1771 ipsa
1638 1700 1723 1752 area
1750 1687 1789 1754 et

238 1802 375 1893 plateae
402 1802 561 1892 portione
588 1801 854 1892 pulcherrimam
889 1801 1027 1873 domum
1053 1801 1154 1892 gravi
1180 1806 1217 1873 et
1243 1800 1376 1873 difficili
1401 1802 1559 1891 impensa
1584 1806 1788 1892 sumptuose

238 1922 393 2012 cameris,
420 1923 542 2011 stubis,
569 1922 718 1994 cellariis
746 1923 959 2013 caeterisque
986 1922 1086 1994 atriis
1106 1928 1141 1994 et
1159 1921 1306 1993 officinis
1332 1920 1506 2011 reiertam,
1533 1942 1598 2012 pro
1615 1927 1790 2013 perpetua

239 2047 360 2115 nostra
387 2048 422 2114 et
449 2062 683 2115 successorum
719 2049 916 2115 nostrorum
951 2042 1132 2115 duodecim
1166 2043 1376 2114 vicariorum
1402 2042 1660 2114 Visliciensium
1685 2042 1789 2114 iuba·

240 2163 419 2253 bitatione,
447 2163 633 2254 providens
651 2169 792 2236 nostrae
810 2163 1039 2254 indemnitati,
1067 2164 1126 2254 qui
1143 2162 1382 2253 frequentibus
1401 2162 1533 2234 damnis
1551 2163 1790 2254 1111111111-

238 2304 316 2356 nem
343 2284 494 2356 civitatis
521 2284 740 2356 Visliciensis
767 2285 1038 2374 subiacebamus,
1066 2283 1282 2372 aedificavit3
1312 2284 1457 2355 alteram
1483 2303 1620 2375 quoque
1645 2284 1790 2357 domum

238 2410 273 2476 et
299 2424 415 2476 aream
442 2404 534 2496 apud
561 2404 697 2477 Annam
725 2403 927 2477 Gertrudim
953 2411 990 2477 et
1015 2404 1211 2495 Elizabeth,
1245 2404 1336 2476 filias
1364 2404 1446 2476 olim
1471 2404 1669 2478 Doleatoris
1696 2405 1788 2478 ciris

237 2525 463 2616 VisliciensiS,
489 2546 658 2616 coemens,
685 2546 748 2617 pro
776 2526 881 2617 curia,
909 2525 1043 2617 balneo,
1070 2525 1225 2616 coquina,
1252 2526 1288 2596 in
1307 2546 1406 2598 usum
1431 2531 1589 2597 nostrum
1614 2526 1790 2598 habendis

239 2665 338 2716 muro
365 2644 580 2718 circumdans
607 2645 784 2738 adiunxit,
811 2647 1087 2737 habitationiquo
1114 2651 1255 2718 nostrae
1282 2645 1503 2717 securitatem
1531 2645 1719 2737 praestitit,
1746 2653 1790 2720 et

239 2767 274 2837 in
302 2766 481 2839 ecclesiam
508 2767 693 2839 transitum
713 2768 777 2840 sub
794 2773 950 2859 temporo
976 2768 1183 2858 praesertim
1204 2767 1370 2858 hyberno,
1397 2767 1541 2857 pluviali
1558 2773 1595 2839 et
1611 2772 1788 2865 nocturno

238 2886 525 2977 compendinavit.
565 2886 751 2978 Cupientes
776 2888 886 2980 igitur
911 2908 975 2978 pro
1002 2894 1075 2960 tam
1101 2889 1159 2978 pio
1187 2888 1223 2959 in
1249 2907 1312 2959 nos
1339 2894 1376 2960 ot
1402 2908 1619 2960 successores
1643 2891 1789 2963 nostros

238 3008 418 3081 ecclesiam
452 3007 694 3081 Visliciensem
730 3029 834 3101 opere
869 3008 1062 3080 liberaliter
1096 3007 1224 3098 effuso,
1263 3007 1422 3099 praefato
1458 3008 1596 3081 domino
1629 3008 1789 3082 dobanni
1836 3103 1842 3110 .

236 3129 474 3220 Dlugosch
518 3127 655 3202 custodi
690 3129 889 3202 Visliciensi
924 3135 1113 3201 memorato
1158 3130 1273 3220 aliquo
1310 3129 1504 3221 spiritualis
1539 3129 1787 3202 retributionis

237 3249 359 3341 officio,
386 3272 450 3341 pro
469 3250 615 3322 aliorum
642 3236 874 3341 incitamento,
899 3270 963 3342 pro
990 3256 1132 3322 nostrae
1150 3257 1187 3322 et
1203 3270 1439 3323 successorum
1466 3255 1665 3323 nostrorum
1689 3250 1788 3323 rica·

235 3373 366 3444 riorum
393 3370 652 3444 Visliciensium
677 3372 919 3463 possibilitatis
946 3372 1093 3462 modulo,
1121 3375 1304 3462 utcumque
1331 3371 1552 3463 respondere3
1579 3393 1684 3445 unam
1700 3371 1788 3444 mis·

236 3515 309 3566 sam
339 3492 578 3566 defunctorum
605 3514 689 3566 voce
716 3493 897 3584 submissa,
922 3513 1107 3585 perunum
1126 3513 1169 3565 en
1188 3492 1331 3584 collegio
1359 3497 1500 3564 nostrae
1527 3493 1787 3566 communitatis

234 3621 270 3686 et
297 3635 535 3688 successorum
562 3620 761 3686 nostrorum
787 3615 931 3704 singulis
950 3610 1176 3685 hebdomadis
1193 3612 1290 3685 feriis
1318 3613 1461 3704 quartis
1489 3618 1550 3684 aut
1568 3634 1786 3704 quocumque

233 3737 303 3808 alio
330 3736 386 3808 die
412 3735 628 3827 explendam,
655 3755 677 3806 a
703 3735 814 3825 primo
841 3754 951 3825 usque
977 3733 1023 3805 ad
1049 3734 1208 3806 ultimum
1235 3733 1390 3806 ordinem
1417 3734 1663 3824 continuand03
1697 3734 1786 3807 item

233 3858 378 3948 singulis
414 3856 536 3929 diebus
562 3855 696 3928 feriatis
722 3862 759 3928 11
785 3877 856 3929 non
881 3854 1016 3927 seriatis
1043 3856 1079 3926 in
1105 3856 1211 3927 missa
1236 3861 1391 3946 matura,
1418 3875 1521 3946 quam
1549 3874 1676 3928 sonora
1700 3874 1785 3928 can-

233 3985 346 4050 tamus
373 3999 468 4067 voee,
496 3977 540 4049 ad
571 3976 815 4069 imponendam
849 3976 1076 4069 penultimam
1111 3977 1287 4048 collectam
1323 3998 1387 4068 pro
1414 3974 1585 4049 defunctis
1620 3976 1785 4050 videlicet

234 4100 396 4189 fidelium,
422 4099 517 4170 Deus
544 4099 580 4169 in
608 4099 755 4171 salutem
782 4099 917 4171 animae
943 4097 1093 4190 praefati
1119 4098 1249 4170 domini
1266 4096 1437 4171 lobannis
1463 4098 1702 4189 Dlugoscb
1728 4120 1784 4172 se·

233 4221 352 4310 nioris,
379 4223 415 4292 et
434 4220 470 4290 in
489 4220 637 4292 salutem
656 4220 849 4292 animarum
865 4226 1049 4310 parentum
1068 4239 1209 4292 suorum
1226 4220 1394 4292 nobilium
1420 4219 1639 4292 dominorum
1650 4219 1783 4293 doban-

233 4343 289 4413 nis
314 4341 552 4433 Dlugosch
587 4341 630 4413 de
666 4340 967 4434 Nyedzelsko
1003 4347 1040 4413 11
1065 4340 1218 4431 Byeatae
1254 4339 1297 4412 de
1323 4339 1565 4431 Borowno,
1601 4345 1637 4412 et
1663 4341 1783 4432 patrui

233 4465 288 4535 sui
313 4463 470 4555 germani
497 4460 710 4537 honorabilis
737 4461 866 4534 domini
893 4462 1151 4537 Bartholomaei
1177 4463 1325 4533 rectoris
1343 4460 1425 4533 olim
1443 4461 1655 4552 parochialis
1673 4462 1784 4534 eccle-

232 4585 304 4657 siae
329 4583 367 4655 in
393 4582 704 4674 Klobuczsko,
732 4586 768 4655 et
786 4583 995 4655 venerabilis
1014 4582 1144 4655 domini
1160 4582 1331 4654 dobannis
1358 4582 1783 4674 Dlugoscbiunioris,

233 4703 390 4778 canonici
416 4702 654 4776 Gracoviensis
680 4703 799 4775 fratris
825 4703 989 4795 germani,
1017 4702 1236 4793 omniumque
1262 4702 1567 4794 praedecessorum
1594 4708 1631 4774 et
1648 4722 1785 4776 sucres-

232 4848 349 4899 sorum
375 4827 514 4917 generis
540 4827 603 4917 sui,
630 4829 667 4898 et
694 4826 845 4899 omnium
871 4825 1023 4897 fidelium
1050 4823 1291 4897 detunctorum
1317 4825 1516 4898 huiusmodi
1543 4825 1684 4898 mimam
1709 4844 1784 4897 ma·
1818 4924 1822 4929 Ι

232 4952 348 5020 turam
375 4947 512 5021 etiamsi
538 4967 603 5039 pro
630 4945 803 5019 defunctis
834 4953 1034 5037 caneretur,
1070 4945 1221 5037 missam,
1248 4967 1351 5038 quam
1377 4947 1493 5037 legere
1518 4952 1686 5037 tenemur,
1712 4966 1783 5018 non

231 5068 421 5160 evadend03
449 5070 532 5142 item
559 5069 596 5141 in
623 5068 679 5142 die
706 5066 823 5142 obitus
848 5067 998 5160 praefati
1024 5066 1154 5141 domini
1171 5068 1342 5141 lobannis
1367 5068 1610 5159 Dlugosch
1636 5066 1784 5140 senioris

231 5210 295 5282 per
322 5190 511 5283 quemlibet
536 5196 712 5283 nostrum,
739 5210 844 5264 unam
869 5191 1011 5262 missam
1036 5189 1218 5282 legendam
1244 5196 1281 5263 11
1307 5190 1446 5282 vigdias
1472 5189 1538 5262 sub
1565 5208 1688 5262 norem
1713 5187 1784 5261 lec-

231 5298 386 5384 tionibus
420 5311 679 5403 deiunctorum,
714 5331 778 5403 pro
814 5311 1052 5384 anniversario
1088 5331 1170 5401 suo,
1206 5331 1272 5402 pro
1310 5311 1418 5403 ipsius
1455 5309 1586 5382 domini
1611 5309 1783 5383 lobannis

230 5428 466 5526 Dlugoscb
501 5433 648 5511 senioris
674 5438 712 5510 11
738 5450 879 5510 suorum
920 5407 1200 5531 progenitorum,
1235 5431 1401 5532 fratrum,
1436 5431 1783 5528 consanguineorum,
