4050 6054
527 668 672 750 Altare
704 668 856 750 decem
890 668 1060 807 millium
1096 667 1342 772 Martyrum.
1426 636 1428 644 ⁵

161 992 165 1007 Ι
264 906 447 997 Spectatae
487 907 681 980 devotionis
712 912 755 979 'et
780 907 958 997 religionis
992 906 1120 978 femina
1151 904 1300 994 Anna,
1335 904 1459 976 relicta
1494 903 1706 994 Philippi

162 1029 247 1099 civis
282 1028 325 1100 de
352 1028 573 1118 Vislicia‚
610 1029 744 1099 animae
780 1049 862 1100 suae
897 1033 1103 1118 perpetuum
1138 1026 1327 1098 remedium
1363 1025 1580 1116 quaesitura,
1614 1045 1705 1095 anno

160 1148 299 1220 Domini
330 1152 376 1220 14
396 1201 562 1220 .......
589 1149 700 1221 altare
727 1151 791 1221 sub
817 1149 922 1221 titulo
948 1149 1094 1220 millium
1110 1147 1309 1237 Martyrum
1335 1147 1370 1217 in
1398 1146 1543 1218 ecclesia
1559 1145 1706 1218 Sanctae
1782 1223 1786 1231 ,

161 1269 296 1340 Mariae
322 1269 521 1340 Vislieiensi
539 1270 581 1341 de
600 1271 741 1360 speciali
767 1270 946 1342 voluntate
973 1274 1010 1340 et
1028 1289 1197 1340 consensu
1224 1267 1418 1358 Sbignei
1444 1271 1526 1338 tunc
1553 1267 1706 1357 episcopi

161 1389 409 1480 cracoviensis,
436 1389 594 1463 fundavit
616 1397 652 1462 et
669 1391 790 1481 erexit,
817 1392 872 1461 cui
890 1392 926 1460 in
945 1389 1061 1462 dotem
1080 1390 1147 1462 duo
1166 1389 1369 1461 braxatoria
1385 1388 1421 1459 in
1440 1387 1560 1459 eodem
1579 1389 1706 1479 oppido

162 1510 359 1582 Vislieiensi
385 1512 610 1583 consistentia
636 1513 792 1601 contulit,
818 1513 1078 1601 iuspstronatus
1096 1531 1180 1581 vero
1207 1509 1291 1581 dicti
1310 1509 1431 1580 altaris
1458 1509 1494 1578 in
1512 1495 1705 1580 iohannem

162 1631 371 1704 Glowacz
398 1632 441 1704 de
468 1631 765 1734 Olesclnnica,
797 1633 898 1723 regni
923 1632 1089 1705 Poloniae
1115 1636 1198 1703 tunc
1222 1630 1439 1719 marsalcum,
1466 1634 1503 1700 et
1529 1631 1604 1701 eius
1630 1651 1706 1701 sue
1772 1709 1777 1718 ,

71 1827 72 1830 ,
163 1774 318 1826 cessores
344 1752 547 1844 transfudit,
574 1773 616 1824 ea
640 1759 758 1825 tamen
785 1752 999 1843 conditione,
1026 1758 1066 1824 ut
1092 1775 1161 1824 non
1187 1753 1301 1843 possit
1328 1751 1427 1841 alius,
1453 1750 1522 1820 nisi
1535 1771 1636 1821 nnus
1662 1750 1706 1822 de

81 1883 83 1887 ’
162 1896 306 1946 numero
333 1880 370 1945 et
394 1875 527 1964 gremio
554 1875 762 1946 vicariorum
788 1872 1046 1945 Vislieiensium
1072 1875 1291 1964 praesentari
1317 1878 1354 1945 et
1379 1872 1533 1961 institui,
1569 1871 1612 1943 de
1640 1892 1707 1962 quo

162 1995 312 2067 habetur
337 1995 446 2084 ipsius
473 1993 666 2085 Sbignei
693 1995 844 2085 episcopi
870 1994 1091 2085 privilegium
1118 1995 1290 2085 speciale„

265 2116 360 2187 Duo
396 2115 684 2187 braxatoria
736 2115 777 2185 In
813 2114 940 2205 oppido
966 2113 1166 2186 Vislieiensi
1202 2116 1270 2187 duo
1302 2114 1476 2185 habentur
1505 2113 1707 2185 braxatoria
1835 2098 1839 2106 Α

163 2257 261 2307 secus
288 2257 423 2306 murum
451 2236 595 2326 civilem,
621 2235 745 2325 lignea,
772 2257 919 2325 quorum
947 2235 1125 2325 quodlibet
1152 2236 1251 2306 annis
1277 2235 1423 2325 singulis
1443 2240 1592 2324 quatuor
1617 2254 1708 2304 mar-

163 2377 221 2426 cas
248 2356 390 2446 afferre,
416 2357 590 2429 interdum
618 2358 787 2447 quinque,
814 2376 1059 2446 nonnunquam
1086 2376 1147 2456 sex
1173 2376 1322 2445 marcae,
1347 2352 1448 2427 iuxta
1473 2355 1708 2447 pluralitatem

164 2483 225 2546 aut
252 2477 461 2566 paucitatem
488 2478 708 2548 braxantium
734 2497 795 2548 seu
821 2477 1042 2566 coquentium
1069 2477 1244 2548 cervisias.
1271 2476 1360 2546 Item
1379 2475 1489 2547 altare
1515 2473 1708 2564 praefatum

163 2618 226 2686 per
251 2598 469 2688 privilegium
498 2597 694 2688 episcopale
720 2596 933 2669 fundationis
960 2601 1140 2668 oneratum
1167 2603 1241 2686 est;
1269 2597 1352 2667 item
1379 2595 1490 2666 altare
1517 2593 1710 2685 praefatum

164 2723 322 2789 taxatum
349 2722 403 2788 est
420 2771 615 2788 ........
957 2731 958 2734 ’

625 2977 871 3059 Praebenda
904 2978 1046 3060 Sancti
1081 2980 1255 3061 Nicolai.

265 3196 469 3269 Praebenda
502 3196 536 3269 S.
562 3197 698 3270 Nicolai
729 3200 765 3271 in
792 3199 919 3290 oppido
946 3199 1146 3272 Vislieiensi
1181 3199 1325 3272 fundata
1352 3205 1388 3271 ct
1415 3168 1548 3271 erecta
1569 3197 1635 3272 fuit
1661 3199 1705 3274 ab
1835 3268 1839 3277 .

163 3318 317 3408 antiquis
335 3324 372 3391 et
389 3318 625 3410 superioribus
651 3320 876 3411 temporibus,
903 3326 1004 3393 extra
1030 3322 1209 3393 ecclesiam
1236 3321 1453 3411 collegiatam
1470 3320 1710 3394 Vislieiensem

164 3440 241 3530 sita,
269 3440 418 3530 speciale
444 3441 576 3512 babens
603 3440 794 3513 oratorium
820 3442 982 3532 ligneum,
1010 3448 1132 3514 contra
1149 3443 1292 3514 chomm
1310 3442 1475 3514 ecclcsiae
1502 3443 1706 3534 collegiatae

165 3566 202 3633 et
227 3581 335 3651 prope
363 3561 490 3633 scolam
518 3563 632 3651 situm,
659 3562 722 3633 sed
747 3564 815 3633 iam
841 3564 877 3634 in
904 3567 1051 3635 stratam
1077 3563 1250 3653 publicam
1276 3584 1494 3654 conversum,
1521 3565 1617 3635 cuius
1645 3585 1709 3654 ego

165 3680 236 3751 vidi
263 3687 299 3753 et
325 3682 406 3753 novi
432 3680 616 3772 reliquias;
648 3682 729 3772 quis
756 3688 872 3755 autem
898 3682 1010 3754 dictae
1037 3683 1256 3773 praebendae
1291 3683 1476 3773 primarius
1502 3681 1608 3754 merit
1633 3683 1710 3755 fun-
1843 3766 1846 3773 ,

165 3800 276 3892 dator,
311 3803 399 3873 nulli
425 3808 639 3894 compertum
665 3803 829 3894 habetur,
864 3802 1011 3876 collator
1036 3809 1153 3879 tamen
1180 3805 1254 3875 cius
1281 3810 1317 3876 et
1342 3808 1511 3893 patronus
1548 3808 1603 3875 est
1629 3804 1706 3875 illu-

165 3921 356 4023 strissimus
382 3922 547 3995 Poloniae
574 3944 636 3995 rex
661 3945 726 4014 pro
752 3930 928 4014 tempore;
962 3924 1069 3996 habet
1096 3930 1211 3998 autem
1237 3920 1436 4016 praebenda
1462 3924 1619 4014 praefata
1644 3946 1707 4016 pro

151 4045 218 4113 sui
235 4044 315 4116 dote
332 4045 468 4116 unicam
486 4044 653 4117 decimam
670 4046 922 4136 manipularem
940 4046 975 4117 in
993 4045 1299 4137 Boguczicze,
1326 4052 1363 4117 ct
1389 4066 1496 4118 onum
1513 4046 1704 4135 praedium.

163 4165 253 4237 Item
278 4166 475 4256 praebenda
501 4166 659 4257 praelata
684 4166 767 4238 licet
792 4187 975 4257 perperam
1001 4172 1037 4239 et
1062 4167 1190 4238 iniuste
1217 4167 1441 4257 incorporata
1467 4172 1521 4238 est
1546 4187 1609 4257 per
1634 4167 1711 4237 Zo-

164 4287 313 4375 phiam
339 4288 496 4377 reginam
521 4286 696 4377 Poloniae,
723 4288 873 4378 capellae
900 4286 1048 4359 Sanctae
1067 4287 1250 4358 Trinitatis
1268 4288 1304 4358 in
1323 4287 1470 4359 ecclesia
1487 4286 1708 4359 Grncoviensi

165 4407 208 4477 ab
235 4427 278 4477 ea
303 4406 477 4498 fundatae,
503 4428 667 4498 processu
692 4409 859 4498 temporis
886 4409 931 4480 ad
957 4409 1170 4499 primaevum
1196 4429 1296 4479 suum
1323 4409 1435 4480 locum
1462 4408 1627 4479 reditura.

266 4526 528 4617 Bocuczrczs,
554 4528 638 4599 villa
663 4529 895 4618 parochialem
930 4529 1109 4600 ecelesiam
1136 4530 1200 4600 sub
1226 4529 1330 4601 titulo
1357 4527 1476 4600 Sancti
1502 4526 1708 4600 Christoleri

163 4648 295 4719 babens
331 4649 367 4719 in
401 4668 456 4738 se,
492 4670 595 4739 quam
629 4649 803 4739 quondam
837 4648 1093 4721 Gasimirus
1137 4648 1395 4740 Secundus,
1431 4649 1597 4721 Poloniae
1631 4669 1703 4739 rex,

162 4758 300 4860 lapideo
325 4754 425 4842 muro
452 4768 623 4841 fabricare
649 4776 821 4862 coeperat,
847 4769 909 4842 sed
935 4776 1047 4843 morte
1074 4776 1262 4861 perventus
1287 4771 1430 4860 reliquit
1456 4768 1709 4860 imperfectam,

74 4982 78 4987 Ι
165 4891 262 4961 cuius
289 4891 477 4963 dominium
494 4892 539 4961 ad
557 4890 828 4963 illustrissimum
854 4891 1019 4963 Poloniae
1044 4911 1163 4982 regem
1188 4891 1350 4982 pertinet,
1378 4890 1414 4961 in
1433 4910 1502 4979 qua
1519 4894 1601 4961 sunt
1617 4889 1711 4961 lanei

58 5014 60 5017 ’
165 5011 414 5106 cmethonales,
451 5011 533 5082 item
560 5011 778 5083 hortulaniae
805 5012 972 5083 habentes
1000 5032 1121 5103 agros,
1159 5012 1201 5083 dc
1228 5010 1353 5101 quibus
1382 5010 1538 5081 omnibus
1565 5009 1712 5082 solvitur
1799 5101 1802 5105 ,
1890 4995 1891 5000 ¹

165 5130 297 5202 decima
323 5132 549 5240 manipularis
575 5133 792 5222 praebendae
819 5133 1005 5223 praelatae,
1032 5138 1069 5203 ct
1093 5137 1257 5204 tenentur
1283 5131 1379 5202 illam
1406 5130 1605 5203 cmetbones
1631 5151 1712 5221 pro-

166 5253 251 5340 priis
278 5253 437 5325 curribus
464 5253 589 5325 ducere
617 5255 653 5324 in
675 5254 839 5325 horreum
866 5275 888 5324 a
914 5254 1164 5343 praebendario
1191 5252 1383 5341 locandum,
1410 5257 1446 5322 et
1464 5250 1603 5322 solvunt
1620 5251 1712 5324 deci-

165 5393 256 5443 mam
282 5374 405 5465 canapi
431 5395 494 5464 per
521 5381 670 5464 quatuor
693 5377 831 5466 ierugas
849 5380 885 5446 et
902 5375 1001 5446 valor
1020 5375 1226 5445 aestimatur
1244 5373 1383 5445 eiusad
1401 5372 1549 5445 sedecim
1567 5394 1711 5445 marces.
1878 5449 1882 5459 ,

267 5541 315 5582 ms.
329 5541 425 5582 nenena.
1507 5514 1547 5572 55
