4050 6054
1713 442 1786 518 291

235 645 436 719 cmetbones
453 643 568 735 locati,
594 643 711 716 omnia
726 645 805 717 iura
823 642 1008 734 solventes,
1036 663 1125 737 quaa
1152 644 1287 736 antiqui
1313 643 1515 736 reddebant,
1540 647 1624 720 item
1642 648 1790 740 quilibet

236 767 372 839 cme'tho
399 765 444 839 de
468 766 571 871 laneo
598 766 737 839 ratione
761 761 909 862 odyadao
941 765 1055 847 solvit,
1077 765 1165 840 duos
1191 785 1342 857 grossos.
1386 766 1476 840 Item
1502 774 1556 840 est
1582 768 1632 840 ibi
1658 770 1788 844 molen·

172 964 174 969 ,
235 872 353 960 diuum
370 887 407 959 in
424 885 564 959 flumine
589 884 690 978 Nir‚
715 866 786 959 non
808 886 916 959 habet
940 906 1054 978 agros,
1081 885 1142 959 sed
1159 886 1268 959 habet
1285 887 1452 977 optimum
1470 893 1617 979 pratum,
1635 896 1788 981 emptum

236 1013 291 1081 est
316 1026 380 1100 per
405 1006 618 1079 Huthnilr
645 1012 682 1078 et
700 994 895 1098 solvit'pro
912 1022 1028 1080 annuo
1046 1026 1152 1079 censu
1169 1013 1243 1080 tres
1260 1027 1404 1098 marcas,
1423 1011 1459 1078 et
1476 1009 1675 1083 cmetbones
1692 1012 1728 1082 in
1747 991 1787 1085 eo

235 1127 365 1202 molere
390 1131 562 1219 tenentur,
588 1127 673 1199 item
699 1131 864 1200 tenentur
890 1128 980 1199 retia
1005 1127 1042 1199 iu
1069 1129 1271 1200 venationes
1289 1133 1325 1200 et
1342 1130 1539 1201 necessaria
1566 1130 1602 1203 in
1626 1129 1788 1224 Pyotr-

234 1249 331 1321 kow
349 1235 492 1339 ducere*
503 1247 633 1320 curiam
652 1253 688 1319 et
706 1249 827 1320 hortos
846 1248 969 1343 sepire,
984 1268 1128 1339 aggeres
1146 1246 1347 1340 reformare,
1367 1249 1507 1322 stabula
1524 1251 1641 1324 curiae
1658 1257 1787 1346 tegere,

235 1374 271 1442 et
298 1369 510 1453 ducturasa
535 1368 684 1440 villain
709 1368 827 1440 villam
854 1375 890 1441 et
916 1369 953 1440 in
978 1367 1056 1441 lora
1080 1367 1204 1441 facere.

338 1491 426 1562 Item
453 1489 536 1562 villa
561 1487 717 1580 praefata
743 1488 787 1560 de
814 1489 908 1580 agris
940 1489 1098 1563 omnibus
1135 1490 1239 1562 solvit
1274 1490 1439 1562 decimam
1474 1493 1724 1583 manipularem
1751 1501 1788 1567 et

234 1612 432 1704 canapalem
458 1611 721 1703 praepositurae
747 1609 973 1701 Lanciciensi‚
1002 1614 1039 1682 et
1055 1611 1187 1683 ducunt
1212 1632 1288 1682 eam
1313 1611 1351 1681 in
1367 1612 1530 1683 horreum
1549 1632 1570 1685 a
1587 1616 1785 1705 praeposito

233 1732 432 1822 locandum,
460 1739 496 1804 et
521 1731 621 1803 valor
654 1731 729 1802 eius
765 1731 969 1802 aestimatur
1005 1731 1050 1803 ad
1074 1710 1194 1802 decem
1231 1752 1383 1822 marcas,
1411 1736 1447 1803 et
1473 1733 1619 1805 solvitur
1654 1735 1787 1808 decima

232 1850 432 1924 huiusmodi
457 1857 531 1924 tam
550 1850 593 1923 de
611 1851 705 1940 agris
733 1851 1007 1923 amathonalibus
1034 1838 1136 1941 quam
1158 1852 1304 1942 scolteti,
1330 1853 1413 1923 item
1432 1853 1630 1944 emethones
1648 1840 1788 1928 solvunt

233 1974 370 2046 ratione
396 1969 544 2068 οὺῃεάηε
569 1970 718 2043 mediam
743 1991 904 2043 maroam.

338 2089 585 2184 Gnonzrsa0,
621 2090 705 2162 villa
731 2091 932 2182 capitularis
958 2092 994 2162 in
1020 2091 1097 2162 iure
1123 2089 1286 2164 Polouico
1321 2093 1434 2164 locata
1461 2097 1497 2165 et
1523 2095 1587 2166 sub
1623 2096 1787 2186 parochia

233 2213 398 2287 ecclesiae
425 2210 468 2283 de
496 2210 725 2283 Thusszin
752 2211 828 2302 sita,
854 2211 891 2281 iu
919 2231 986 2302 qua
1005 2216 1086 2283 sunt
1112 2233 1172 2283 sex
1199 2213 1292 2283 lanei
1319 2213 1561 2305 emethonales,
1587 2221 1623 2287 et
1642 2215 1787 2307 quilibet

233 2334 276 2406 de
310 2332 410 2404 laneo
446 2331 551 2404 solvit
577 2352 640 2422 pro
668 2331 820 2422 capitulo
855 2352 920 2422 pro
948 2351 1053 2404 censu
1088 2353 1202 2404 annuo
1237 2331 1390 2405 infesto
1417 2332 1450 2404 S.
1477 2333 1624 2406 Martini
1659 2336 1785 2427 viginti

234 2458 382 2543 scottos,
418 2453 501 2524 item
536 2450 623 2524 duos
650 2472 818 2543 capones,
853 2452 937 2525 item
963 2452 1111 2544 triginta
1147 2472 1213 2524 ova
1239 2453 1397 2543 solvunt3
1432 2453 1515 2525 item
1551 2476 1620 2527 non
1648 2456 1786 2528 solvunt

232 2574 406 2663 triticum,
441 2593 552 2665 neque
579 2593 742 2662 avenam3
779 2573 862 2644 item
896 2579 1036 2647 tenetur
1067 2566 1214 2665 quilibet
1240 2575 1283 2645 de
1309 2575 1410 2646 laneo
1447 2574 1626 2648 duodecim
1662 2564 1801 2650 currusx

235 2694 407 2787 lignorum
432 2714 497 2786 pro
524 2693 621 2765 curia
646 2693 682 2764 in
709 2692 992 2767 Pabianicze
1019 2694 1199 2767 adducere.
1225 2694 1314 2767 Item
1341 2715 1411 2767 non
1437 2701 1601 2768 tenentur
1626 2698 1662 2767 in
1690 2698 1784 2789 agris

235 2815 350 2888 curiae
385 2814 640 2907 praedialibus,
676 2816 735 2905 qui
761 2821 931 2891 vocantur
957 2812 1115 2912 intrzym‘,
1143 2836 1264 2906 arare,
1301 2817 1476 2907 arpioare,
1511 2838 1622 2908 neque
1649 2839 1784 2909 serere,

232 2939 382 3025 metere3
408 2935 494 3008 item
519 2940 684 3008 tenentur
709 2941 849 3027 pratum
876 2938 993 3009 curiae
1020 2936 1232 3027 falcastrum,
1259 2943 1428 3027 rastrare,
1455 2937 1627 3029 colligere,
1654 2945 1783 3011 metere

231 3058 269 3129 ot
283 3056 321 3128 in
338 3056 501 3129 horreum
527 3055 710 3147 inducere3
736 3058 821 3129 item
847 3057 884 3128 in
911 3057 1031 3129 eadem
1049 3058 1133 3129 villa
1150 3061 1204 3129 est
1220 3059 1352 3149 hortus,
1380 3059 1439 3150 qui
1465 3059 1570 3132 solvit
1595 3081 1659 3151 pro
1678 3081 1783 3133 ceusu

231 3196 347 3249 annno
373 3176 501 3268 viginti
524 3197 677 3268 grossos,
704 3177 786 3249 item
804 3178 840 3248 iu
859 3177 979 3250 eadem
1006 3177 1089 3250 villa
1115 3199 1185 3249 non
1203 3183 1258 3249 est
1275 3179 1455 3269 scultetus,
1481 3181 1566 3251 item
1584 3180 1782 3253 cmetbones

230 3316 301 3370 non
327 3296 468 3402 solvunt
493 3294 658 3393 obyadac,
693 3299 777 3369 item
803 3320 874 3370 non
900 3302 956 3370 est
980 3299 1031 3369 ibi
1056 3298 1302 3389 molendinum,
1330 3304 1366 3370 et
1392 3299 1592 3371 emethones
1618 3306 1783 3372 tenentur

231 3419 362 3491 molere
378 3418 415 3489 in
432 3417 638 3535 molepdinis
666 3419 828 3509 capituli3
854 3419 939 3490 item
964 3423 1130 3490 tenentur
1155 3420 1245 3489 retia
1261 3418 1298 3489 in
1315 3419 1517 3491 venationes
1535 3424 1571 3489 et
1588 3403 1794 3491 necessaria

231 3540 268 3610 in
293 3536 542 3631 Pyotrlsow
565 3538 703 3630 ducere,
731 3539 861 3611 curiam
887 3544 924 3610 et
949 3541 1071 3611 hortos
1099 3538 1222 3629 sepire,
1249 3559 1393 3629 aggeres
1419 3538 1618 3630 reformare,
1646 3540 1784 3610 stabula

232 3660 348 3749 euriae
382 3664 519 3752 tegere,
546 3666 583 3732 ct
609 3660 774 3732 ducturas
800 3680 823 3731 a
848 3659 931 3731 villa
964 3660 1000 3731 in
1027 3659 1146 3731 villam
1176 3665 1213 3731 et
1239 3659 1276 3730 in
1302 3656 1378 3731 fora
1411 3657 1534 3732 iacere.
1578 3659 1666 3731 Item
1699 3658 1783 3732 villa
1903 3686 1906 3691 ·

92 3810 95 3815 ·
231 3779 388 3874 praefata
414 3780 457 3854 de
483 3781 578 3872 agris
605 3782 763 3854 omnibus
790 3780 895 3854 solvit
922 3780 1089 3854 decimam
1116 3774 1367 3870 manipularem
1393 3786 1430 3852 et
1456 3780 1655 3872 oanapalem
1682 3800 1782 3872 prae

231 3903 408 3994 positurae
433 3901 661 3994 Lanciciensi,
688 3907 724 3975 et
750 3902 881 3975 ducunt
906 3923 984 3975 eam
1010 3904 1046 3974 in
1073 3902 1237 3974 horreum
1264 3922 1285 3971 a
1309 3901 1510 3993 praeposito
1536 3901 1720 3974 locandum
1746 3906 1783 3974 et

231 4023 331 4097 valor
355 4023 430 4095 eius
457 4021 662 4096 aestimatur
689 4023 734 4095 ad
761 4029 910 4115 quatuor
935 4044 1079 4113 marcas,
1106 4022 1291 4115 aliquando
1319 4023 1362 4094 ad
1390 4022 1549 4115 quinque.

334 4144 623 4217 anoarowsns
649 4144 815 4236 Wonrrl,
850 4145 934 4217 villa
969 4144 1171 4235 capitularis
1206 4145 1271 4216 sub
1303 4145 1379 4215 iure
1405 4143 1568 4217 Polonieo
1603 4144 1719 4217 locata
1745 4151 1781 4217 et

232 4264 296 4338 snb
321 4264 489 4358 parochia
522 4264 688 4338 ecclesiae
714 4265 757 4337 de
783 4264 1067 4338 Pabianicze
1101 4264 1187 4355 rita,
1223 4266 1259 4337 in
1286 4286 1354 4357 qna
1380 4269 1462 4338 sunt
1486 4264 1651 4337 tredecim
1688 4266 1779 4337 lanei

164 4404 173 4417 ·
231 4386 484 4475 memorales,
511 4390 548 4458 et
574 4387 721 4478 quilibet
756 4387 799 4459 de
826 4388 925 4459 laneo
957 4386 1063 4459 solvit
1096 4385 1247 4477 capitulo
1283 4408 1347 4479 pro
1374 4408 1480 4460 censu
1515 4407 1629 4459 annuo
1658 4405 1780 4456 novem

230 4511 371 4599 modos,
398 4511 435 4579 et
451 4507 589 4580 notario
617 4508 767 4581 medium
793 4526 953 4600 grossum
979 4528 1043 4600 pro
1070 4513 1173 4598 nota;
1198 4507 1283 4580 item
1310 4508 1397 4580 duos
1420 4528 1578 4598 capones,
1605 4507 1689 4578 item
1716 4506 1780 4576 tri-

229 4627 329 4720 ginta
354 4645 422 4701 ova
448 4628 597 4719 solvunt,
624 4629 709 4702 item
735 4651 803 4701 non
830 4628 970 4701 solvunt
994 4628 1160 4722 triticum,
1187 4649 1299 4723 neque
1316 4649 1481 4719 avenam;
1508 4628 1592 4699 item
1617 4629 1781 4698 tenentur

226 4734 294 4841 pro
321 4748 420 4821 curia
444 4748 480 4819 in
507 4746 787 4822 Pabianicze
813 4749 985 4825 adducere
1010 4750 1107 4842 ligna
1131 4771 1195 4845 pro
1222 4749 1427 4847 braxatione
1454 4748 1651 4838 cerevisiae,
1679 4752 1780 4837 quot-

230 4874 316 4963 quot
341 4873 423 4943 sunt
449 4871 656 4943 necessaria
682 4872 771 4943 Item
797 4876 961 4943 tenentur
987 4872 1023 4943 iu
1049 4872 1143 4963 agris
1161 4872 1279 4943 curiae
1305 4868 1540 4963 praedialibus
1567 4888 1627 4940 eos
1645 4866 1779 4974 contiu-

227 4990 400 5084 gentibus,
427 4991 487 5084 qul
511 4988 663 5089 iatrzyaa'
685 4997 873 5084 vocantur,
900 5013 1019 5083 arare,
1046 4993 1221 5084 arpicare,
1257 5012 1392 5083 serere,
1427 4992 1558 5063 metere
1583 4993 1619 5060 et
1646 4988 1779 5060 acervis

229 5112 408 5206 dispositis
434 5113 471 5185 iu
497 5114 661 5188 horreum
687 5114 899 5205 conducere;
931 5116 1017 5187 item
1047 5119 1212 5187 tenentur
1247 5117 1387 5203 pratum
1413 5109 1530 5187 curiae
1554 5109 1777 5200 falcastrum,

131 5284 140 5291 -
228 5214 403 5326 rastrare,
438 5234 601 5329 colligare
627 5241 664 5308 et
690 5235 726 5308 iu
751 5235 916 5308 borreum
950 5233 1135 5325 inducere;
1170 5231 1255 5306 item
1289 5237 1440 5304 nonest
1474 5231 1510 5304 in
1538 5230 1658 5304 eadem
1693 5229 1778 5302 villa

229 5376 345 5457 aeque
368 5357 544 5453 scoltetus,
569 5378 681 5456 neque
707 5350 840 5452 hortus,
866 5376 979 5452 neque
1005 5340 1170 5452 taberna,
1205 5355 1290 5430 item
1316 5354 1514 5453 emethones
1540 5374 1610 5429 uon
1637 5351 1776 5428 solvunt
