4050 6054
230 451 284 524 30

232 658 398 730 decimam
415 657 534 750 canapi
551 674 614 750 per
632 662 780 749 quatuor
798 653 950 747 iemgaS,
968 662 1004 728 et
1022 649 1224 728 aestimatur
1242 647 1340 725 valor
1358 648 1432 724 eius
1450 647 1495 724 ad
1514 659 1664 745 quatuor
1682 670 1774 725 mar·

233 800 299 851 cas.
325 780 411 852 Item
429 779 646 851 medietatem
665 779 755 849 161161
770 778 1003 866 cmethonalis‚
1021 777 1112 849 ultra
1130 777 1217 848 duos
1230 777 1347 847 laneos
1365 773 1540 864 praelatos
1558 796 1636 848 cum
1649 777 1775 866 medio,

232 901 409 990 occupavit
427 901 567 989 haeres,
585 906 621 971 61
639 898 824 990 applicavit
841 899 935 969 illam
953 897 1094 989 praedio
1113 918 1185 989 suo,
1203 903 1239 968 et
1256 896 1422 967 decimam
1441 897 1659 968 canonicatui
1677 896 1774 968 dabi-

231 1026 300 1092 iam
327 1042 394 1096 non
413 1020 538 1110 reddit,
564 1027 601 1093 ei
618 1027 763 1110 uterque
790 1021 972 1093 6611661666
999 1019 1088 1089 hanc
1105 1011 1265 1089 iniuriam
1284 1015 1480 1088 dissimulat
1497 1021 1533 1088 et
1549 1022 1651 1089 tacet
1682 1017 1772 1088 Item

232 1143 337 1213 estin
356 1142 474 1212 eadem
493 1142 575 1212 villa
592 1142 689 1212 curia
706 1141 880 1229 militaris,
897 1140 1028 1210 habens
1047 1160 1150 1230 agros
1168 1138 1370 1229 praediales,
1393 1142 1447 1208 est
1464 1144 1501 1208 61
1518 1139 1674 1229 taberna,
1693 1145 1776 1209 sunt

237 1269 273 1335 et
289 1261 377 1335 duae
395 1262 611 1334 hortulaniae
629 1262 796 1332 habentes
814 1248 940 1350 agros,
964 1260 1005 1330 (16
1024 1261 1148 1350 quibus
1167 1260 1325 1330 omnibus
1348 1258 1496 1329 solvitur
1514 1258 1647 1330 decima
1664 1259 1775 1330 mani·
1863 1299 1868 1311 ·

233 1383 361 1475 pularis
378 1383 596 1474 praebendae
624 1381 740 1453 Sancti
767 1380 944 1452 Benedicti
972 1386 1051 1452 ante
1070 1380 1363 1467 Oracoviam3
1390 1379 1451 1450 sed
1478 1379 1521 1450 de
1540 1380 1653 1450 medio
1672 1380 1772 1451 laneo

235 1526 296 1594 per
313 1505 496 1576 haeredem
514 1508 699 1592 occupato,
716 1508 753 1573 61
771 1502 896 1573 11116616
914 1502 1059 1572 66111161
1077 1507 1113 1573 61
1135 1502 1263 1572 1616616
1281 1501 1482 1591 percipitur.
1509 1500 1597 1571 Item
1617 1501 1776 1590 praelata

234 1625 427 1714 praebenda
444 1626 550 1696 habet
575 1624 618 1695 de
635 1643 740 1694 censu
758 1643 886 1712 annuo,
904 1643 967 1712 pro
987 1622 1140 1713 quolibet
1156 1622 1243 1694 16616
1263 1621 1295 1692 S.
1314 1621 1476 1712 Martini,
1503 1621 1622 1693 decem
1640 1643 1776 1694 marcas

238 1744 280 1815 de
296 1745 480 1835 praetorio,
499 1766 520 1815 a
538 1744 734 1815 consulibus
753 1749 789 1813 et
805 1748 880 1814 1616
898 1743 1143 1815 communitate
1170 1743 1206 1813 iu
1225 1742 1379 1813 Bochn
1390 1763 1451 1832 ya

335 1867 421 1937 Item
463 1864 662 1957 praehenda
704 1862 860 1953 praelata
903 1864 1162 1955 Byezanowska
1196 1864 1303 1935 hahet
1337 1864 1502 1935 vicariam
1538 1862 1775 1935 canonicalem

238 1993 433 2078 perpetuam
460 1987 496 2057 in
523 1986 667 2057 ecclesia
694 1982 931 2074 cracoviensi,
963 1985 1061 2056 cuius
1087 1986 1272 2057 canonieus
1298 2006 1362 2076 pro
1389 1991 1546 2075 tempore
1573 1985 1695 2056 unicus
1722 1991 1777 2056 eat

239 2106 380 2178 collator
405 2112 440 2177 61
457 2112 643 2196 patronus3
670 2124 771 2195 quam
798 2125 888 2176 nunc
913 2110 1009 2177 tenet
1037 2105 1196 2177 Andreas
1224 2106 1266 2177 de
1292 2105 1480 2197 Pylzuo,
1508 2126 1597 2204 quae
1623 2126 1687 2195 pro
1714 2126 1779 2177 sua

240 2225 326 2316 dote,
351 2229 581 2317 proprietate,
609 2232 713 2316 atque
738 2226 852 2316 titulo,
878 2226 984 2298 habet
1002 2228 1136 2297 unicam
1154 2226 1320 2298 decimam
1336 2226 1587 2317 manipularem
1614 2226 1648 2296 in
1673 2225 1778 2298 Pro·

240 2344 426 2437 koczyn,
452 2345 977 2436 61116661)661661116666166166
1004 2347 1047 2418 de
1064 2347 1190 2419 Sancto
1207 2345 1338 2419 Jacoho
1365 2347 1401 2418 in
1420 2347 1569 2419 Gasirn
1580 2347 1673 2417 iria
1701 2347 1777 2437 sita,

242 2464 360 2556 inqua
385 2472 465 2538 sunt
491 2466 638 2538 sedecim
665 2466 756 2537 lanei
783 2466 1029 2558 cmethonales,
1056 2468 1141 2539 item
1167 2468 1256 2539 duae
1282 2469 1449 2540 tahemae
1476 2468 1646 2539 habentes
1673 2488 1778 2557 agros

243 2587 413 2677 speciales,
431 2579 513 2658 item
531 2608 600 2658 non
618 2592 698 2659 sunt
715 2586 940 2662 hortulaniae.
965 2587 1053 2658 Item
1071 2588 1168 2659 curia
1185 2589 1316 2661 habens
1336 2609 1438 2680 agros
1464 2587 1688 2679 praediales,
1704 2594 1778 2660 tres

245 2703 376 2797 laneos,
394 2728 477 2798 quoa
497 2708 732 2780 cmethouibus
751 2716 788 2779 et
804 2708 920 2780 laneis·
932 2709 1206 2782 cmethonalibus
1225 2709 1404 2801 depositis,
1421 2709 1564 2800 praedio
1583 2709 1780 2801 applicavit,

244 2830 279 2896 61
295 2826 335 2898 (16
349 2828 504 2901 omuibus
520 2829 715 2901 huiusmodi
733 2828 827 2918 agris
843 2834 915 2901 tam
933 2828 1132 2920 curialibus,
1153 2851 1255 2921 quam
1272 2831 1559 2922 cnrethonalihus,
1576 2830 1779 2902 tabernata-

243 2963 317 3017 mm
343 2954 379 3020 et
404 2948 680 3039 hortulanorum,
716 2951 819 3022 datur
844 2948 975 3022 decima
1000 2951 1225 3040 manipularis
1252 2951 1401 3022 vicariae
1428 2949 1625 3042 praefatae,
1661 2957 1699 3023 et
1716 2972 1780 3042 per

219 3064 368 3146 ‚incolas
394 3072 542 3160 propriis
569 3071 726 3142 curribus
754 3071 891 3142 ducItur
917 3072 1132 3143 inhorreum
1160 3094 1181 3143 a
1203 3073 1332 3144 vicario
1359 3073 1559 3169 locandum,
1586 3080 1624 3145 et
1641 3072 1782 3145 solvunt

242 3184 403 3285 decimam
420 3193 540 3282 canapi
558 3213 620 3282 per
639 3198 786 3282 quatuor
803 3193 990 3284 iuncturas,
1017 3199 1052 3264 et
1075 3195 1277 3265 aestimatur
1303 3195 1401 3268 valor
1428 3195 1503 3265 eius
1529 3194 1574 3266 ad
1601 3194 1782 3267 duodecim

241 3326 381 3383 marcas.
418 3312 484 3384 Est
509 3320 623 3385 autem
651 3313 700 3384 ihi
726 3334 853 3403 parvus
880 3334 965 3404 ager
991 3315 1176 3404 praedialis
1202 3336 1248 3387 611
1267 3321 1367 3406 prato
1393 3314 1515 3406 iactus,
1534 3316 1577 3387 de
1596 3336 1664 3407 quo
1681 3337 1783 3407 prae·

242 3426 424 3505 bandarius
450 3434 492 3505 de
509 3432 719 3524 Woyniez
747 3434 911 3505 (1661616111
930 3435 995 3506 sibi
1013 3437 1195 3526 usurpavit
1221 3444 1257 3508 et
1274 3443 1433 3528 usurpat,
1461 3459 1538 3509 curn
1555 3437 1632 3508 iure
1651 3439 1782 3531 optimo

243 3547 387 3625 debetur
404 3554 447 3625 ad
464 3553 655 3645 praelatam
673 3553 836 3626 vicariam
853 3554 1037 3644 pertinere.
1068 3554 1250 3627 Praefatae
1268 3563 1385 3628 autem
1403 3558 1507 3629 villae
1524 3556 1591 3629 fuit
1610 3558 1782 3648 quondam

242 3670 362 3746 haeres
380 3681 416 3747 61
429 3675 594 3746 Dominus
612 3674 738 3746 Petrus
756 3675 932 3747 Brensk
942 3697 974 3766 y,
1002 3676 1127 3748 nobilis
1146 3677 1303 3749 dedomo
1321 3676 1576 3769 Polukoza,
1594 3699 1685 3750 nunc
1698 3698 1782 3752 vero

242 3793 363 3869 haeres
390 3803 444 3868 est
466 3795 657 3869 Stanislaus
683 3795 933 3870 Koczwara
959 3796 1043 3870 civis
1071 3796 1327 3889 Oracoviensis,
1354 3804 1391 3870 61
1413 3799 1475 3869 lilii
1503 3799 1555 3870 sui
1580 3797 1783 3890 Stanislaus,

244 3914 404 3989 Nicolaos
432 3917 651 3991 6116611666.
1405 3901 1408 3905 “

346 4038 430 4109 Item
458 4039 612 4128 praefata
629 4039 826 4131 praebenda
861 4039 1136 4132 Byczanowsha,
1163 4041 1260 4114 iuxta
1288 4043 1432 4133 antiqua
1458 4049 1633 4132 regestra,
1661 4047 1784 4114 1611616

245 4162 299 4230 661
325 4158 367 4229 ad
396 4159 540 4249 triginta
566 4181 667 4231 unam
695 4181 768 4231 cum
795 4162 909 4234 media
934 4183 1076 4234 marcas.

299 4405 543 4491 Praebenda
576 4415 619 4488 61
649 4409 922 4490 canonicatus
955 4404 1255 4492 cracoviensis
1287 4411 1327 4491 in
1359 4411 1494 4523 choro
1526 4408 1723 4511 dextero,

738 4556 888 4631 666616
923 4549 1276 4656 11666γ6γ6616116.
1365 4563 1369 4576 “

338 4771 541 4852 Praebenda
567 4779 602 4846 ct
615 4772 836 4845 canonicatus
863 4772 1101 4845 Oracovicnsis
1129 4771 1419 4863 Roszyeyowsha,
1447 4792 1548 4862 qoam
1577 4791 1669 4843 nunc
1686 4775 1786 4843 tenet

238 4902 388 4975 Iacobus
415 4899 526 4972 Koth
545 4897 588 4968 de
605 4895 807 4987 Dambno,
833 4894 959 4967 nobilis
984 4894 1146 4966 dedomo
1170 4892 1376 4985 Dolywa,
1403 4914 1471 4965 non
1498 4893 1605 4965 hahet
1621 4913 1685 4982 pro
1703 4892 1786 4964 (1616

239 5024 387 5116 aliquam
406 5023 522 5095 villam
542 5041 603 5092 scu
620 5017 782 5108 fundum,
810 5016 871 5088 sed
889 5016 995 5087 habet
1014 5015 1165 5086 decimas
1193 5013 1425 5103 manipulares
1453 5013 1703 5102 infrascriptos.
1739 5012 1787 5083 Et

239 5147 348 5235 primo
376 5166 416 5216 ao
442 5142 680 5234 priucipaliter
705 5140 812 5211 habet
849 5138 1014 5209 decimam
1044 5134 1293 5224 manipularem
1326 5135 1360 5204 in
1389 5135 1472 5206 villa
1497 5135 1726 5224 Iloszyeyovv,
1765 5153 1786 5202 a

241 5289 309 5356 qua
343 5265 539 5356 praehenda
569 5263 727 5354 praefata
761 5259 1032 5350 Roszyeiowslra
1067 5255 1378 5327 denominatIonem
1406 5255 1559 5344 accepit,
1594 5255 1658 5325 suh
1686 5273 1787 5344 paro-

242 5385 320 5457 chia
354 5385 519 5456 ecclesiae
563 5382 874 5469 Scarbimiriensis3
917 5380 1015 5450 cuius
1051 5377 1216 5447 maiorem
1251 5383 1384 5465 partem
1420 5373 1654 5448 haereditarie
1690 5378 1788 5446 tenet
