4050 6054
1598 477 1601 484 ι
1633 426 1708 503 451

156 627 363 702 autimatur
381 618 612 720 &quatuor
646 647 792 701 marcas.
835 629 926 702 Item
956 633 1026 703 uou
1052 635 1108 703 est
1140 631 1192 705 ibi
1216 629 1399 722 praedium
1433 631 1603 724 sliquosls
1626 634 1711 713 itam

156 768 227 822 non
252 754 335 822 suut
358 750 537 840 tabernae
558 750 656 844 ‘item‘
674 771 744 822 non
770 755 853 822 suut
877 749 1106 824 hortulaniae.
1241 763 1245 787 ¹
1330 798 1334 808 ι
1731 833 1736 839 ,

258 870 433 961 Zaorus,
459 870 669 962 uillaprope
696 869 1041 944 Saudomiriam
1061 873 1181 946 etsub
1201 873 1367 964 parochia
1394 874 1562 948 ecclesiae
1590 875 1712 952 Sancti

155 992 254 1064 Petri
279 992 323 1064 (le
350 990 665 1083 Sandomiria,
692 993 790 1064 cuius
816 993 1012 1084 proprietas
1048 1000 1085 1064 et
1107 992 1300 1079 ¹dominium
1326 995 1373 1066 acl
1399 994 1599 1087 episcopum
1625 997 1711 1071 Oru-

156 1113 351 1186 coviensem
386 1133 450 1204 pro
476 1119 633 1204 tempore
668 1113 838 1205 pertinet,
872 1115 909 1185 in
937 1134 1008 1205 quu
1032 1115 1215 1187 scolastrih
1241 1114 1479 1208 Kyelosiensis
1512 1117 1620 1191 habet
1645 1141 1711 1210 pru
1824 1102 1829 1123 “

154 1233 261 1306 fundo
288 1233 375 1305 duos
392 1233 511 1306 laneos
537 1231 772 1306 emethonales
798 1234 842 1307 ad
860 1235 1112 1326 proprietatem
1138 1239 1174 1306 et
1192 1234 1382 1308 dominium
1400 1236 1605 1311 scolastriac
1631 1258 1710 1312 cum
1834 1258 1836 1262 ·

41 1372 45 1377 ·
157 1355 251 1426 omui
278 1355 355 1426 iure
381 1347 617 1445 pertinentes,
643 1359 681 1426 et
698 1355 845 1444 quilibet
870 1356 991 1428 laneus
1019 1355 1125 1428 solvit
1149 1376 1214 1445 pro
1233 1375 1340 1427 censu
1366 1375 1481 1429 annuo
1509 1357 1711 1432 scolestriae
1784 1419 1786 1424 .
1908 1459 1912 1466 Ι

157 1475 354 1547 Kelczieusi
380 1496 484 1547 unum
509 1496 670 1547 marcam.
714 1476 804 1548 Item
831 1476 915 1549 dicti
942 1476 1010 1549 duo
1032 1477 1125 1548 lauci
1151 1476 1353 1548 scolastriue
1372 1477 1518 1558 ‚solvunt
1544 1477 1712 1554 decimam

155 1596 405 1687 manipularem
422 1601 458 1668 et
474 1617 538 1687 per
556 1602 706 1687 quatuor
723 1598 862 1688 ierugas
880 1597 1080 1688 cunspulem
1098 1596 1305 1669 scholastico
1322 1595 1521 1687 Kyelcieasi
1540 1602 1576 1670 et
1588 1602 1709 1672 teuen-

154 1724 215 1790 tur
240 1737 316 1790 eam
341 1718 378 1789 ia
395 1717 561 1790 horreum
578 1738 679 1791 suum
696 1717 871 1809 inducere,
897 1724 935 1789 et
955 1717 1055 1791 valor
1072 1718 1277 1821 aestimatur
1293 1718 1369 1790 eius
1396 1717 1441 1790 ad
1459 1717 1546 1791 (luas
1565 1739 1710 1801 marum

90 1898 93 1901 ,
155 1839 244 1910 Item
259 1837 371 1910 felicis
388 1837 642 1910 recordationis
667 1836 900 1928 Sbigncus
927 1837 1112 1910 cardinalis
1139 1846 1176 1910 et
1195 1839 1377 1930 episcopus
1404 1836 1552 1912 hunctir
1591 1926 1594 1931 ι
1639 1839 1648 1855 ·
1705 1900 1709 1905 .

156 1961 222 2050 sis,
250 1959 462 2031 cambiverat
487 1958 599 2031 dictos
626 1957 713 2031 duos
738 1959 858 2031 laneos
885 1978 961 2029 cum
979 1957 1124 2031 Nicolao
1150 1959 1194 2031 de
1210 1959 1529 2033 ruensscbolss
1548 1960 1576 1975 ''
1638 1956 1641 1961 ’

156 2079 374 2169 Kielciensi,-
391 2100 456 2169 pro
482 2077 615 2152 decima
640 2079 850 2170 manipulari
875 2079 911 2149 in
929 2077 1112 2152 Ostrow
1138 2100 1247 2171 prope
1272 2078 1496 2172 Kyelcze,
1522 2101 1540 2154 s
1655 2059 1699 2163 'f'

157 2200 304 2272 mutatio
330 2201 408 2291 ipsa
432 2198 572 2291 utrique
598 2199 704 2290 utilis,
731 2198 799 2272 fuit
824 2199 963 2272 reiecta
1592 2218 1611 2235 ³·
1656 2184 1659 2188 ’

550 2461 718 2543 vicaria
749 2462 1012 2546 muriae
1042 2461 1316 2545 Kdozlsnsis.

1638 2770 1651 2787 -Ι

259 2682 449 2756 Scolastriu
485 2683 703 2776 Kyelcieusis
737 2684 845 2757 habet
869 2685 1068 2776 habereque
1103 2685 1282 2771 oonsqevit
1313 2684 1477 2758 mcarism
1508 2598 1728 2781 Μ
1772 2656 1775 2667 η’
1807 2786 1810 2793 ⁴
1928 2794 1934 2802 ι

156 2807 230 2877 sive
256 2804 546 2876 ricoscolastriam
572 2805 608 2875 in
633 2805 779 2877 ecclesa
803 2804 1021 2897 Kyolcieusi‚
1049 2806 1146 2879 cuius
1173 2804 1378 2878 scolasticus
1401 2804 1620 2898 Kyelciensis
1645 2825 1710 2896 pro

155 2931 311 3016 tempore
346 2925 468 2997 unicus
502 2931 558 2998 est
583 2925 729 2999 collator
763 2931 802 2997 et
826 2919 1013 3017 patronus,
1040 2945 1260 3017 quamuunc
1289 2932 1388 2999 tenet
1413 2925 1526 3001 Adam
1552 2925 1597 2998 ‹le
1614 2925 1712 3007 Buk

157 3059 325 3117 .;;....
351 3046 543 3142 presbyter,
571 3067 659 3137 quae
685 3067 750 3137 pro
768 3069 836 3120 sua
859 3046 1039 3119 dotatione
1065 3052 1102 3120 et
1123 3045 1230 3119 fundo
1257 3047 1363 3120 babet
1389 3052 1579 3139 proventus
1605 3045 1712 3123 intra·

157 3168 318 3259 scriptos*

261 3288 479 3379 Srnoruow,
508 3288 593 3360 uilla
610 3289 675 3361 sub
696 3288 863 3379 parochia
888 3288 1053 3361 ecclesiae
1080 3288 1124 3360 (le
1150 3287 1475 3379 Pyrzsznycza
1500 3289 1587 3378 sita,
1614 3287 1723 3370 cuius

156 3413 280 3483 haeres
297 3409 450 3482 lacobus
476 3409 735 3501 Lubanshy,
762 3409 889 3481 nobilis
915 3409 958 3492 de
976 3410 1083 3480 armis
1109 3406 1376 3499 Grzymalu‚
1403 3408 1439 3479 iu
1467 3413 1712 3498 quasuntsex

157 3532 250 3603 lanei
277 3532 530 3621 emethonales,
566 3530 761 3620 dequibus
798 3530 945 3602 solvitur
980 3529 1115 3601 decima
1149 3528 1376 3620 manipularis
1411 3535 1448 3601 et
1474 3549 1538 3619 per
1565 3532 1713 3619 quatuor

156 3654 297 3745 ierugas
327 3646 842 3744 cunepalis·'viceseholastriac
868 3650 1086 3743 Kyclcziensi
1121 3655 1158 3722 et
1183 3670 1246 3741 por
1281 3648 1481 3721 emethcnes
1508 3648 1648 3725 ducitur
1674 3649 1740 3734 iu¹

106 3804 109 3814 ·
157 3775 320 3847 horreum
345 3773 592 3847 ascholustico
618 3770 818 3862 locandum,
845 3776 882 3844 et
899 3772 997 3845 valor
1024 3772 1099 3843 eius
1120 3771 1325 3843 aestimatur
1351 3769 1397 3843 ud
1414 3772 1497 3860 trus,
1524 3769 1711 3859 aliquando

155 3915 240 3967 vero
257 3895 303 3966 ad
321 3899 470 3986 quatuor
486 3914 642 3966 marcas..
669 3894 759 3966 Item
776 3898 860 3966 sunt
891 3893 928 3963 in
945 3892 1030 3965 villa
1047 3891 1206 3984 praefata
1223 3891 1285 3963 ulii
1301 3890 1396 3964 lanei
1412 3896 1450 3963 et
1467 3890 1543 3982 agri
1561 3890 1714 3968 emethe-

157 4017 272 4106 nales,
307 4017 366 4107 qui
392 4020 595 4088 asseruntur
630 4015 712 4086 olim
738 4014 844 4086 fuisse
870 4014 1006 4104 praedii
1042 4004 1223 4104 militaris,
1259 4012 1454 4103 dequibus
1486 4011 1713 4102 manipularis
1808 4070 1812 4077 ,

157 4135 291 4210 decima
316 4136 465 4209 solvitur
490 4136 656 4209 ecclesiae
690 4135 882 4227 parochiali
914 4136 951 4206 iu
976 4135 1291 4227 Pyrsznyczu‚
1320 4139 1364 4206 et
1390 4137 1472 4207 suut
1497 4133 1538 4208 iu*
1561 4132 1611 4205 eis
1638 4137 1712 4204 tres
1800 4226 1803 4230 Δ

158 4258 294 4331 nobiles
321 4258 365 4330 ad
382 4262 455 4330 tros
476 4258 595 4331 laneos
622 4258 816 4347 aestimati,
844 4263 881 4330 et
897 4255 1031 4328 nobiles
1049 4254 1198 4366 praelati
1225 4260 1307 4328 sunt
1325 4255 1368 4329 de
1387 4255 1493 4329 armis
1521 4251 1713 4346 Grubyq.

170 4512 218 4699 ζ
231 4534 235 4545 ’
587 4519 792 4626 blsqister
823 4519 978 4602 scolae
1011 4519 1288 4628 llyelclenals.

250 4741 453 4813 =Scolastriu
486 4727 704 4834 erlciensis
740 4743 848 4815 habet
872 4742 1069 4833 habereque
1102 4740 1280 4815 consueuit
1304 4739 1451 4830 scolam,
1481 4759 1587 4831 quam
1620 4739 1714 4815 locat

158 4865 259 4938 iuxta
293 4884 392 4935 suum
419 4863 673 4955 beneplacitum
700 4864 778 4937 viro
803 4863 947 4954 idoneo,
981 4863 1080 4935 etin
1106 4861 1298 4953 disciplinis
1325 4860 1517 4937 scolasticis
1544 4865 1650 4951 atque
1675 4860 1713 4939 iu

165 4991 269 5058 autu
295 4985 529 5058 ecclesiastico
555 4985 710 5076 erudito,
734 4985 924 5077 quiscolas
950 4984 1043 5076 regit
1069 4989 1105 5056 et
1123 4982 1273 5057 scolares
1300 4981 1478 5071 informat,
1505 4980 1618 5075 etqui
1644 4980 1714 5056 sis-
1829 5051 1832 5057 ,
1921 4957 1988 5028 ‘¹³

159 5107 250 5198 gaha
265 5107 386 5181 diebus
410 5106 611 5198 dominicis,
636 5106 771 5181 iestirh
798 5113 834 5180 et
850 5106 1029 5182 iemalibus
1055 5106 1162 5178 habet
1188 5124 1275 5176 onus
1294 5100 1458 5178 cantandi
1483 5122 1568 5175 vocs
1584 5121 1713 5185 sonora

159 5228 300 5300 missam
326 5229 473 5320 primum
499 5233 537 5300 et
561 5247 745 5320 vesperam
772 5230 809 5301 in
836 5229 958 5302 (liebus
989 5248 1072 5300 vero
1098 5223 1279 5301 ferialibus
1306 5223 1546 5300 tantummode
1571 5222 1712 5300 mnsam

161 5370 342 5451 summam,
367 5351 442 5426 sire
459 5352 638 5447 maiorem3
666 5351 936 5428 suautunuum
963 5355 1025 5426 aut
1042 5348 1231 5425 matutinas
1257 5340 1327 5422 uon
1353 5344 1528 5443 obhgsuu
1554 5344 1623 5425 uisi
1632 5396 1715 5422 .....
1831 5405 1832 5408 a
1884 5367 1889 5380 ’
