4050 6054
577 1346 788 1435 vinnan
819 1348 1360 1441 PRAESTIMONIALES.

292 1676 528 1786 capitulum
563 1680 856 1763 cracoviense
890 1704 967 1787 pro
986 1682 1287 1765 distribuendis
1310 1687 1615 1769 refectionibus
1638 1713 1743 1793 quo·

198 1812 351 1905 troianis,
370 1835 458 1907 quae
476 1815 647 1887 duntaxat
665 1813 791 1886 divinis
811 1816 846 1886 in
864 1816 1008 1888 eeclesia
1027 1814 1247 1891 Graooviensi
1264 1820 1559 1913 interessentibus,
1574 1829 1635 1895 aut
1653 1823 1747 1894 infir-

198 1935 263 2006 mis
290 1932 476 2008 cracoviae
507 1937 750 2026 praesentibus
776 1936 943 2025 praelatis
970 1943 1006 2008 et
1033 1939 1226 2029 canonicis,
1255 1940 1290 2010 in
1317 1940 1481 2031 panibus,
1508 1942 1684 2015 halecibus
1711 1950 1748 2015 et

198 2055 354 2145 pecuniis
380 2056 503 2146 largiri
540 2056 663 2129 solitae
691 2062 789 2147 sunt,
815 2058 922 2129 habet
947 2058 983 2128 in
1011 2059 1160 2131 dioecesi
1187 2057 1408 2132 cracoviensi
1434 2061 1535 2134 villas
1562 2069 1597 2135 et
1623 2063 1744 2137 haere-

199 2175 326 2247 ditates
354 2175 478 2268 viginti
504 2197 608 2248 unam
634 2197 776 2249 numero
804 2176 1052 2270 infrascriptae,
1070 2179 1255 2270 largitione
1273 2201 1402 2273 regum,
1420 2183 1635 2276 pontificum,
1653 2186 1747 2275 prin·

199 2296 321 2388 cipum,
339 2297 518 2386 baronum,
546 2304 829 2390 caeterorumque
856 2298 1008 2371 fidelium
1032 2300 1084 2370 illi
1102 2299 1256 2390 donatas,
1275 2302 1456 2374 nonnullas
1474 2324 1538 2394 per
1555 2324 1593 2375 se
1611 2325 1746 2395 coemp

198 2421 272 2487 tas:
299 2437 387 2508 quac
414 2418 481 2489 etsi
507 2418 543 2487 in
570 2438 748 2490 commune
774 2419 991 2512 pertineant,
1017 2423 1053 2491 et
1079 2420 1206 2492 nullius
1234 2418 1414 2512 dignitatis
1441 2429 1502 2495 aut
1527 2424 1745 2527 praebendae

200 2538 337 2628 corpori
364 2538 444 2630 sint,
470 2542 532 2610 aut
557 2538 708 2610 debeant
734 2559 810 2611 esse
838 2540 1056 2629 coniunctae,
1085 2541 1129 2613 ob
1156 2560 1258 2631 quarn
1284 2561 1359 2613 rem
1386 2547 1422 2615 et
1447 2543 1746 2633 praestimoniales

198 2664 457 2750 nuncupantur,
494 2679 559 2749 pro
594 2659 748 2731 uberiori
779 2664 895 2732 tamen
930 2665 967 2731 et
1001 2658 1136 2733 meliori
1172 2681 1290 2753 earum
1321 2662 1509 2754 regimine,
1536 2665 1684 2754 praelati
1710 2670 1746 2737 et

198 2779 352 2852 canonici
380 2778 625 2851 Craoovienses
651 2800 715 2870 pro
742 2786 907 2872 tempore,
935 2779 1034 2865 iuxta
1060 2801 1179 2853 eorum
1207 2782 1422 2854 vocationem
1450 2790 1486 2855 et
1514 2785 1646 2856 scnium
1668 2785 1746 2857 illas

63 2890 77 2911 ⁴
197 2903 338 2991 optant,
365 2906 490 2995 regunt
525 2905 562 2972 et
596 2899 860 2999 administrant,
887 2899 1052 2973 solvendo
1089 2900 1239 2991 capitulo
1267 2903 1367 2973 annis
1394 2903 1540 2994 singulis
1566 2925 1629 2995 pro
1655 2902 1744 2977 testo

198 3018 317 3092 Sancti
343 3020 489 3093 Martini
526 3025 654 3095 certam
683 3027 823 3112 quotam
856 3027 892 3094 et
919 3022 1084 3112 pecuniae
1112 3022 1352 3112 quantitatem.
1388 3023 1428 3094 In
1456 3045 1601 3114 quorum
1629 3024 1746 3095 distri-

196 3141 338 3214 butione
374 3146 425 3213 et'
443 3141 639 3233 optatione,
666 3142 734 3213 etsi
768 3142 855 3214 alias
893 3142 1040 3233 praelati
1077 3148 1113 3213 et
1139 3142 1369 3233 dignitatibus
1396 3143 1564 3234 praedicti
1591 3145 1745 3216 canonici

197 3263 483 3353 praeferebantur
509 3262 614 3334 etiam
642 3262 846 3353 senioribus,
874 3262 935 3333 illa
960 3268 1076 3333 tamon
1104 3262 1339 3352 observantia,
1366 3264 1461 3335 velut
1487 3262 1746 3354 irrationabilis,

177 3381 453 3485 praeiudicialis
481 3386 517 3454 et
533 3402 688 3474 onerosa,
715 3382 847 3455 abolita
874 3387 928 3454 est
954 3386 989 3454 et
1014 3382 1179 3454 rescissa:
1207 3383 1366 3472 quamvis
1383 3384 1488 3454 etiam
1506 3382 1609 3455 villae
1627 3382 1746 3455 huius-

198 3502 290 3575 modi
326 3504 534 3596 capitnlares
570 3504 675 3575 altam
702 3508 737 3575 et
763 3503 904 3574 uberem
931 3502 1113 3574 solvebant
1138 3523 1202 3591 pro
1230 3502 1560 3592 commonitorem,
1587 3502 1746 3574 videlicet

106 3704 113 3721 ι
197 3600 371 3697 trecentas
398 3625 523 3715 viginti
550 3630 627 3696 octo
654 3644 807 3713 mareas,
835 3628 986 3712 quatuor
1012 3627 1162 3713 scottos,
1190 3621 1233 3693 ad
1262 3606 1540 3712 compendiosam
1567 3628 1683 3693 tamen
1711 3627 1747 3692 et

197 3745 284 3817 satis
310 3744 508 3836 abscissam,
534 3744 698 3818 videlicet
724 3741 768 3814 ad
795 3748 932 3815 centum
959 3742 1160 3833 octuaginta
1186 3745 1318 3832 septem
1345 3760 1489 3832 marcas,
1516 3762 1578 3813 sex
1605 3760 1746 3832 grossos

196 3864 377 3939 restrictae
404 3870 494 3956 sunt,
522 3848 566 3937 ea
590 3862 865 3936 consideratione
893 3868 929 3934 et
955 3868 1124 3955 respectu,
1151 3865 1192 3933 ut
1218 3865 1372 3934 rectores
1391 3882 1510 3933 carum
1527 3867 1627 3935 tanto
1645 3846 1745 3933 aceu-

197 3988 308 4061 ratius
334 3987 379 4060 ad
404 4006 524 4059 earum
548 3981 795 4077 perfectionem
822 3988 858 4055 et
875 3982 1105 4056 conditionem
1123 3983 1300 4055 meliorem
1319 3981 1533 4056 efficiendam
1551 3982 1746 4074 intendant,

198 4112 235 4179 et
260 4106 397 4199 singula
421 4126 528 4181 onera
553 4109 706 4199 portent,
733 4104 955 4196 delectusque
982 4124 1100 4176 omnes
1128 4104 1320 4195 suppleant.

301 4228 525 4321 anzanovv,
548 4226 634 4301 villa
659 4224 949 4317 praestimonialis
976 4224 1118 4316 capituli
1144 4220 1392 4315 cracoviensis,
1420 4224 1456 4295 in
1479 4245 1547 4296 uno
1565 4224 1745 4297 milliaria

198 4348 366 4423 Craeovia
382 4369 503 4421 versus
528 4346 859 4439 Wyelyczkam,
877 4365 983 4437 supra
999 4343 1140 4417 fluvium
1158 4342 1367 4416 Srzanka
1392 4344 1470 4435 sita,
1488 4345 1595 4417 habet
1612 4345 1743 4417 curiam

198 4469 363 4562 optimam
390 4468 632 4558 canonicalem,
650 4467 803 4558 pulchris
820 4442 986 4538 aediliciis
1004 4470 1040 4537 et
1057 4466 1220 4556 pomeriis
1238 4466 1420 4555 excultam,
1439 4466 1624 4537 habentem
1643 4486 1746 4555 agros

198 4588 409 4681 praediales,
436 4589 472 4661 in
498 4594 572 4661 tres
604 4606 742 4678 campos
769 4585 970 4676 distinctos,
997 4605 1085 4676 quae
1122 4584 1293 4678 quondam
1328 4590 1406 4657 erat
1441 4582 1484 4656 de
1511 4584 1678 4676 parocbia
1704 4582 1746 4653 de

198 4706 494 4800 Wyelyczka3
521 4705 583 4778 sed
610 4706 698 4777 citra
724 4724 833 4777 annos
860 4703 1119 4795 quinquaginta,
1137 4723 1200 4794 par
1218 4703 1405 4794 capitulum
1425 4699 1653 4774 Cracoviense
1669 4698 1746 4771 lun-

198 4827 281 4901 data
306 4835 361 4901 est
386 4828 422 4899 in
449 4848 492 4900 ea
517 4826 663 4898 ecelesia
688 4824 907 4917 parochialis,
934 4825 998 4897 sub
1025 4824 1127 4897 titulo
1154 4823 1347 4896 nativitatis
1374 4822 1521 4894 Sanctae
1547 4820 1693 4909 Mariae,
1710 4825 1747 4890 et

198 4944 287 5022 unu's
314 4948 434 5021 laneus
462 4946 688 5019 cmetbonalis
715 4945 765 5017 ibi
791 4944 894 5017 datus
920 4949 974 5017 est
999 4944 1034 5014 in
1062 4942 1188 5016 dotem.
1214 4942 1331 5014 Habet
1348 4940 1504 5032 praelata
1521 4940 1605 5011 villa
1623 4939 1746 5029 viginti

198 5069 285 5143 duos
312 5069 430 5142 laneos
456 5066 697 5157 cmetbonales,
724 5086 870 5157 quorum
897 5064 1042 5158 quilibet
1067 5063 1246 5135 annuatim
1264 5061 1369 5133 solvit
1388 5079 1490 5132 unam
1509 5078 1584 5129 eum
1604 5058 1746 5161 dimidia

197 5176 351 5283 mareas,
376 5195 413 5261 et
448 5189 534 5261 duos
569 5187 643 5259 dies
679 5186 714 5257 in
750 5186 961 5277 septimana,
987 5184 1131 5274 proprio
1166 5200 1269 5254 carm
1296 5184 1357 5251 aut
1383 5185 1521 5269 aratro,
1547 5198 1611 5268 per
1635 5182 1746 5249 toturn

198 5332 325 5383 anuum
358 5309 550 5404 aequaliter
583 5304 743 5397 laborat,
768 5304 925 5378 iaciendo
953 5304 1151 5392 ducturam,
1178 5320 1246 5391 quo
1272 5298 1463 5371 necessitas
1488 5297 1658 5389 postulat,
1684 5318 1747 5387 pov

199 5420 484 5502 coniunctionem
500 5429 642 5500 alterius
668 5426 760 5497 l'anei
787 5426 871 5497 alias
897 5430 1054 5518 sprauto,
1081 5420 1125 5493 ad
1152 5420 1322 5497 rationem
1346 5418 1480 5493 dicrum
1498 5408 1534 5490 in
1553 5417 1747 5508 septimana
