4050 6054
240 502 314 573 478

238 715 321 780 tunc
347 707 463 778 radice
491 684 720 778 consistentes
738 709 775 777 et
793 711 1050 796 consurgentes,
1077 707 1207 797 absque
1229 707 1458 797 restrictione,
1480 712 1516 777 et
1534 705 1791 797 specificatione

239 831 409 918 villarum,
436 833 472 898 et
489 828 554 898 sub
572 848 715 898 numero
742 826 932 919 indefinito,
960 829 1115 918 contulit,
1142 829 1321 918 inscripsit
1347 833 1384 899 et
1409 827 1561 900 donavit
1588 827 1665 916 Qua
1682 828 1791 900 dona·
1869 852 1874 857 ·

237 952 331 1023 tione
366 949 514 1039 praelati
540 954 577 1018 et
603 948 759 1020 canonici
794 948 912 1020 Sancti
946 948 1101 1021 Floriani
1134 949 1170 1020 iu
1196 950 1363 1038 temporis
1399 969 1563 1039 processu
1600 949 1789 1038 extensius,

239 1072 411 1161 copiosius
439 1075 475 1141 et
503 1091 605 1160 quarn
633 1069 770 1161 licebat,
797 1090 968 1160 quamque
995 1070 1239 1159 conveniebat,
1266 1070 1320 1141 usi
1348 1069 1391 1140 de
1418 1070 1559 1141 decimis
1586 1070 1622 1139 in
1649 1074 1791 1160 septua-

234 1194 332 1283 ginta
358 1212 465 1281 prope
492 1190 601 1280 villis,
639 1190 732 1261 nullo
759 1211 819 1261 eos
846 1191 1074 1280 impediente,
1102 1212 1139 1261 se
1166 1191 1444 1280 intromiserunt,
1472 1195 1509 1262 et
1527 1211 1596 1293 eas
1623 1191 1659 1261 in
1688 1211 1788 1263 suam

236 1318 420 1385 traxerunt
445 1311 704 1402 proprietatem,
733 1331 878 1401 quarum
905 1313 1010 1382 etiarn
1033 1312 1192 1383 villarum
1220 1312 1360 1382 nomina
1386 1311 1531 1385 inferius
1558 1311 1790 1384 subiiciemus.

237 1433 390 1525 Quorum
418 1433 677 1503 immoderatam
705 1432 884 1503 audaciam
911 1432 1150 1504 Oracoviensis
1177 1434 1360 1523 episcopus
1386 1431 1566 1504 Johannes
1594 1432 1790 1504 cohercitu-

237 1577 307 1646 rus,
335 1555 413 1625 illos
440 1575 503 1643 per
530 1574 694 1626 censuras
729 1552 983 1625 ecclesiasticas
1011 1576 1032 1624 a
1059 1554 1269 1625 decimarum
1296 1555 1475 1625 invasione
1500 1553 1690 1643 reprimere
1716 1558 1790 1625 stu·

237 1676 368 1748 diosius
404 1677 536 1766 coepit,
573 1696 641 1765 qua
677 1674 873 1746 differentia
909 1675 954 1745 ad
985 1676 1198 1747 audientiam
1234 1674 1454 1746 Casimiri
1490 1675 1657 1746 Poloniae
1692 1675 1789 1765 regis

237 1804 401 1889 tanquam
429 1797 593 1867 ecclesiae
620 1795 739 1867 Sancti
764 1794 920 1866 Floriani
948 1796 1141 1868 immediati
1168 1797 1305 1887 patroni
1342 1817 1406 1887 per
1432 1795 1684 1868 Arnoldum
1710 1816 1791 1867 cae-

236 1927 398 2009 terosque
425 1918 601 2007 praelatos
629 1922 664 1988 et
692 1918 875 1988 canonicos
902 1916 1021 1988 Sancti
1047 1917 1203 1989 Floriani
1239 1939 1268 1987 a.
1295 1917 1338 1987 D.
1369 1918 1477 1989 1343.
1505 1917 1636 1988 decimo
1663 1921 1791 1988 octavo

236 2038 452 2128 Decembris,
474 2037 630 2126 deducta,
665 2036 917 2122 Jaroslaus
955 2036 1167 2109 Gneznensis
1195 2038 1475 2129 archiepiscopus
1502 2059 1524 2108 a
1555 2035 1791 2109 Gasimiro

237 2181 319 2251 rege
346 2164 382 2230 et
408 2164 507 2249 parte
534 2164 682 2248 utraque
714 2159 880 2229 invitatus
908 2164 944 2230 et
970 2164 1132 2248 rogatuS,
1169 2158 1326 2248 advenit,
1354 2165 1390 2229 et
1418 2157 1649 2230 differentiam
1676 2158 1790 2248 ipsam

236 2281 382 2373 sopivit,
418 2280 606 2351 decernens
633 2279 807 2351 novalium
835 2279 984 2350 decimas
1013 2279 1055 2349 ad
1083 2299 1236 2350 mensam
1263 2280 1511 2369 episcopalem,
1546 2278 1789 2351 salvatamen

235 2401 478 2493 progressione
513 2401 707 2490 pertinere,
748 2400 973 2491 deputatique
1009 2406 1091 2470 tuuc
1125 2399 1266 2470 fuerunt
1301 2400 1387 2471 certi
1424 2400 1590 2490 barones,
1625 2399 1792 2472 videlicet

236 2523 529 2614 Spiczmerus
557 2522 766 2592 castellanus
794 2520 1044 2611 Cracoviensis,
1071 2522 1149 2593 lvo
1176 2522 1395 2614 praepositus
1414 2518 1627 2593 Gncznensis
1653 2524 1690 2593 et
1715 2518 1791 2592 Ot-

234 2646 314 2715 tho
342 2642 568 2714 cancellarius
594 2643 693 2733 regni
720 2642 886 2714 Poloniae
913 2649 1013 2732 parte
1040 2648 1188 2733 utraque
1215 2643 1463 2732 consentiente,
1491 2642 1550 2734 qni
1575 2642 1672 2714 iussu
1689 2642 1791 2733 regio

235 2767 270 2836 in
297 2764 487 2855 Byeczensi
514 2768 550 2834 et
576 2762 832 2853 Szmigrodensi
859 2763 1030 2854 districtu,
1056 2761 1148 2835 facto
1176 2763 1350 2853 personali
1374 2763 1552 2853 descensu,
1580 2763 1790 2835 discretione

235 2887 328 2957 inter
355 2884 455 2956 villas
482 2891 619 2956 veteres
646 2889 682 2956 et
708 2904 816 2955 novas
844 2884 1015 2974 ordinata,
1042 2883 1135 2955 facta
1158 2885 1264 2955 ctiam
1282 2883 1489 2956 discretione
1517 2890 1553 2956 et
1578 2884 1791 2957 determina-

235 3007 330 3095 tione
357 3005 399 3076 de
426 3006 518 3076 villis
544 3011 580 3076 et
601 3005 705 3095 agris,
732 3007 952 3095 progressive
979 3011 1016 3076 et
1042 3004 1236 3076 lateraliter
1263 3005 1384 3077 locatis
1404 3011 1440 3077 et
1458 3005 1652 3096 extirpatis,
1679 3005 1791 3077 eccle-

236 3128 308 3199 siae
335 3126 453 3199 Sancti
478 3126 633 3197 Floriani
660 3133 696 3196 et
723 3127 797 3199 eius
824 3127 990 3216 praelatis
1018 3131 1054 3197 et
1080 3126 1289 3219 canonicis„
1309 3127 1363 3197 ius
1391 3126 1605 3217 percipiendi
1635 3126 1790 3199 decimas

234 3248 467 3338 manipulares
495 3255 531 3318 et
557 3248 754 3337 pecuniales
781 3248 816 3318 in
844 3248 936 3319 villis
971 3269 1080 3337 prope
1107 3248 1328 3337 septuaginta
1354 3248 1591 3338 reliquerunt;
1626 3254 1787 3321 caeteras

233 3369 384 3442 decimas
410 3368 598 3440 eorundem
633 3368 854 3439 districtuum
880 3375 916 3439 et
943 3375 1060 3441 terrae
1086 3369 1249 3458 episcopo
1278 3367 1498 3441 (lracoviensi
1533 3389 1598 3459 pro
1624 3374 1783 3459 tempore

234 3495 272 3561 et
298 3511 380 3561 suae
408 3509 546 3560 mensae
573 3489 826 3581 adiudicarnnt,
851 3489 1093 3561 constituendo
1120 3490 1219 3560 iuxta
1235 3490 1455 3580 privilegium
1473 3495 1510 3561 et
1528 3487 1784 3562 ordinationem

234 3611 257 3684 J
266 3611 445 3684 aroslai
472 3608 686 3682 Gneznensis
713 3611 972 3703 archicpiscopi,
999 3618 1039 3682 ut
1065 3611 1270 3701 ubicumque
1298 3611 1424 3702 sylvae,
1452 3611 1507 3683 vel
1534 3612 1698 3701 maricae,
1726 3611 1783 3683 vel
1852 3698 1856 3703 Ι

234 3752 316 3823 pars
343 3753 463 3804 earum
490 3733 534 3803 ab
562 3733 656 3822 agris
688 3733 842 3823 antiquis
878 3732 1192 3823 progredientium,
1229 3732 1330 3803 simul
1367 3730 1421 3805 vel
1450 3731 1644 3804 successive
1678 3731 1789 3805 extir-

234 3859 371 3945 pantur,
398 3853 595 3924 huiusmodi
621 3873 785 3943 agrorum
804 3854 977 3925 novalium
995 3853 1163 3924 decimam
1190 3853 1360 3947 percipiet
1386 3853 1532 3944 quilibet
1549 3853 1787 3945 beneficiatus,

234 3975 293 4066 qui
319 3973 417 4064 prius
444 3974 659 4064 percipiebat
685 3973 728 4045 de
756 3975 927 4065 antiquis3
963 3974 1022 4045 ubi
1050 3994 1133 4046 vero
1160 3975 1361 4047 novavilla
1387 3975 1531 4064 locatur,
1559 3975 1666 4047 ctiam
1692 3975 1788 4047 intra

233 4094 341 4186 gades
368 4095 530 4185 antiquae
566 4095 747 4185 episcopus
783 4095 950 4168 (lacunam
977 4096 1165 4186 percipiet,
1201 4097 1270 4179 etsi
1295 4096 1379 4167 villa
1409 4095 1620 4168 transfertur
1646 4096 1688 4168 de
1715 4116 1787 4169 uno

233 4215 308 4288 loco
336 4216 372 4286 in
399 4216 523 4306 alium,
551 4221 587 4287 et
613 4215 721 4307 aliqui
757 4217 834 4307 agri
868 4217 949 4289 novi
976 4217 1196 4307 progressive
1232 4218 1416 4307 exstirpati
1447 4216 1578 4288 suerint
1611 4216 1706 4307 agris
1740 4217 1788 4289 ab

234 4338 395 4429 antiquis,
422 4337 591 4431 percipiet
608 4337 777 4410 decimam
795 4338 839 4409 dc
856 4338 956 4410 novis
983 4338 1223 4430 progressivis,
1251 4338 1309 4429 qui
1327 4339 1543 4430 percipiebat
1562 4336 1605 4411 dc
1624 4337 1788 4429 antiquis

665 4602 963 4708 Praepositum
997 4601 1140 4683 Sancti
1174 4601 1368 4684 Floriani.

335 4825 455 4896 Prima
480 4824 633 4916 dignitas
660 4825 696 4895 in
723 4824 869 4897 ecclesia
895 4823 928 4896 S.
946 4824 1102 4898 Floriani
1128 4829 1373 4897 extramuros
1399 4823 1655 4916 Gracovicnses,
1681 4846 1787 4918 quarn

232 4968 324 5020 nuuc
349 4946 486 5019 obtinet
510 4945 663 5019 Jacobus
690 4946 732 5018 dc
760 4944 1133 5039 Gonyeczpolyc,
1165 4947 1291 5019 nobilis
1317 4946 1361 5018 de
1387 4946 1493 5019 armis
1520 4945 1787 5041 Pobodzye,

232 5087 321 5163 quae
347 5067 493 5141 fundata
519 5074 555 5141 et
583 5067 706 5139 dotata
731 5068 901 5140 asseritur
927 5089 971 5139 ex
997 5067 1145 5140 ccclesia
1171 5069 1254 5139 olim
1280 5068 1490 5159 parochiali,
1518 5088 1611 5140 nunc
1636 5088 1787 5142 converr-

230 5188 319 5263 tuali
346 5187 389 5260 de
416 5187 591 5261 Skalka
625 5187 763 5261 eteius
790 5189 1037 5281 proventibus,
1064 5188 1155 5261 unde
1182 5195 1221 5262 et
1242 5188 1279 5261 in
1307 5190 1454 5281 signum,
1480 5188 1574 5280 quod
1599 5208 1697 5263 suam
1724 5188 1788 5264 do-

231 5310 399 5383 tationem
416 5310 461 5382 ab
478 5328 521 5381 ea
540 5309 681 5401 accepit,
709 5310 930 5402 praepositus
957 5308 990 5382 S.
1008 5310 1164 5384 Floriani
1190 5330 1254 5402 pro
1281 5315 1439 5402 tempore
1465 5308 1659 5404 praelatam
1676 5310 1788 5389 eccle

241 5429 331 5505 siam
364 5429 402 5507 iu
428 5428 619 5525 Skalka,
655 5434 842 5527 autequam
868 5431 904 5509 iu
930 5430 1193 5511 conventualem
1218 5431 1455 5530 redigeretur,
1489 5429 1699 5510 concava
1732 5430 1790 5511 Ea
