4050 6054
1063 466 1069 471 -
1699 363 1774 438 573

228 570 318 642 ltem
345 570 513 642 decimam
538 576 620 662 post
645 510 1022 677 arumnobiliszin
1048 570 1287 645 Zabelcre
1311 570 1406 645 Item
1425 570 1608 663 praedium
1632 571 1669 643 in
1696 570 1779 645 sub·

227 692 329 764 urbio
356 690 542 764 Sandecen.
578 693 671 765 circa
705 691 885 785 amicum
904 691 1037 780 ¹Sancti
1064 690 1261 764 Adalberti.
1281 690 1394 763 situm.
1437 677 1526 763 Item
1561 712 1715 764 annonas
1733 691 1778 767 ,in

228 812 417 903 Kunov,
443 811 736 903 Phalikova,
763 810 1155 903 Golamblrovice,
1182 813 1518 903 Boguszovka,
1545 811 1780 884 Ilbranto-

230 954 306 1023 va,
332 936 481 1023 umque
499 933 680 1005 Maiore
706 932 943 1006 etMinore
967 932 992 1006 J
1001 954 1260 1024 anuszova,
1285 933 1629 1022 Kvieciszowa,
1655 930 1779 1005 (ibro—

231 1054 369 1143 slice,
405 1053 665 1144 Piqtkova,
704 1040 996 1145 Roskovvice,
1032 1053 1264 1144 Chelmce,
1299 1053 1590 1126 Sviniarsko
1629 1051 1780 1125 Maior

231 1181 268 1247 et
294 1174 466 1264 Minor,
493 1174 781 1265 Dambrova,
806 1174 1023 1264 Podlcze,
1050 1174 1362 1264 Dzivkowka,
1390 1172 1573 1265 Strugi,
1600 1172 1779 1265 inquibus

234 1296 382 1386 quilibet
407 1296 552 1386 cmetho,
572 1296 704 1367 habens
723 1295 860 1368 domurn
878 1296 1064 1386 propriam,
1082 1317 1184 1367 unam
1212 1316 1342 1367 avenae
1360 1315 1555 1366 mensuram
1582 1293 1781 1406 confertam,

232 1417 439 1507 inquilinus,
463 1417 691 1511 „hortulanus
727 1417 981 1490 molendinator
1008 1422 1044 1488 et
1069 1422 1189 1506 pastor
1224 1437 1328 1488 unum
1363 1437 1522 1506 grossum
1558 1416 1691 1488 solvere
1727 1400 1782 1486 est

234 1539 419 1627 astrictus,
462 1558 550 1627 quae
587 1537 668 1609 olim
704 1537 749 1609 ad
785 1537 962 1609 ecclesiam
999 1535 1186 1609 Sandecen.
1222 1542 1259 1608 et
1293 1538 1367 1609 eius
1406 1537 1592 1628 plebanum
1628 1535 1780 1627 pertinc-

229 1638 323 1730 bant.
350 1658 437 1728 Item
465 1678 568 1728 unam
595 1659 782 1729 multuram
809 1678 1101 1748 quorumcumque
1127 1656 1379 1730 frumentorum
1406 1659 1442 1729 in
1468 1656 1675 1729 molendinis
1694 1655 1780 1728 San-

232 1778 348 1851 deeen.
384 1778 470 1849 alias
506 1779 654 1869 plebano
691 1777 900 1851 Sandecensi
936 1778 979 1849 de
1015 1780 1090 1850 inre
1127 1784 1163 1852 et
1184 1779 1365 1870 privilegio
1402 1777 1564 1850 debitam.
1607 1778 1696 1849 Item
1722 1775 1782 1849 de-

232 1901 355 1971 cimam
390 1899 641 1989 manipularem
669 1899 705 1969 in
733 1899 816 1970 villa
850 1899 1101 1990 Zarzecre,
1138 1920 1226 1990 quae
1253 1898 1449 1990 aliquando·
1465 1898 1510 1970 ad
1537 1899 1716 1971 ecclesiam
1743 1897 1780 1968 in

232 2020 556 2110 Podagrodzie
592 2025 629 2090 et
655 2020 729 2091 eius
753 2019 937 2108 plebanum
968 2021 1185 2111 pertinebat,
1222 2020 1364 2111 damna,
1400 2018 1607 2092 conferimus
1633 2025 1670 2093 et
1696 2018 1782 2091 assi-

231 2162 396 2231 gnanum,
423 2146 460 2212 et
486 2141 563 2212 illas
590 2162 709 2212 eorum
735 2142 903 2231 potestati
929 2142 1144 2215 annectimus
1171 2145 1207 2212 et
1233 2142 1512 2232 incorporamus,
1539 2132 1723 2230 volentes,
1741 2145 1782 2213 ut

231 2267 432 2351 praesentes
469 2282 641 2352 annonas,
679 2261 828 2333 decimas
864 2268 901 2333 et
932 2263 1105 2352 quoslibet
1131 2262 1299 2352 intratus,
1334 2262 1549 2352 temporibus
1584 2260 1778 2353 percipiant

232 2381 430 2472 perpetuis,
467 2381 604 2472 aequali
630 2389 724 2453 sorte
752 2382 963 2453 dividendas.
1007 2383 1095 2454 Item
1122 2382 1243 2454 damus
1278 2382 1499 2454 universitati
1524 2381 1781 2474 praedictorum

234 2502 442 2574 vicariorum
469 2502 607 2574 domurn
633 2502 815 2593 lapideam,
842 2503 945 2574 sitam
972 2504 1007 2573 in
1025 2502 1202 2575 cimeterio
1226 2481 1391 2575 ecelesiae
1409 2503 1608 2593 praedictae
1627 2508 1779 2592 nostrae,

232 2623 387 2713 pecuniis
414 2628 648 2713 comparatam
675 2629 711 2695 et
738 2624 978 2697 instructoris
1005 2624 1092 2695 bene
1109 2622 1284 2713 refectam,
1312 2644 1401 2714 quae
1427 2622 1515 2695 alias
1542 2620 1664 2695 domus
1681 2642 1781 2713 prae-

232 2743 315 2814 torii
342 2743 539 2834 vocabatur,
566 2749 607 2816 ut
633 2744 668 2813 iu
695 2764 737 2815 ea
763 2744 1015 2816 habitationem
1043 2765 1140 2815 suam
1168 2744 1316 2835 firment,
1345 2750 1381 2816 et
1399 2745 1434 2815 in
1453 2743 1509 2815 die
1536 2743 1652 2817 obitus
1670 2742 1783 2815 nostri

231 2863 377 2953 pulsatis
405 2864 562 2935 omnibus
590 2864 784 2954 campanis,
821 2872 944 2937 ornato
971 2865 1116 2956 feretro,
1152 2865 1289 2956 vigilias
1324 2886 1448 2937 novem
1484 2865 1671 2937 lectionum
1706 2884 1782 2935 cum
1862 2909 1866 2927 .

232 2984 339 3055 missa
366 2982 604 3055 defunctorum
622 2985 657 3054 in
675 2985 865 3056 remedium
893 2986 1027 3057 animae
1045 2992 1186 3058 nostrae
1212 2987 1390 3078 perpetuis
1417 2986 1632 3076 temporibus
1659 2962 1784 3057 decan-

235 3111 321 3195 tent3
349 3104 438 3176 diem
466 3106 582 3176 obitus
608 3107 720 3177 nostri
747 3112 912 3196 tanquam
938 3107 1132 3179 fundatoris
1158 3109 1195 3178 in
1212 3107 1302 3178 festo
1328 3127 1393 3197 pro
1411 3107 1527 3178 anima
1552 3105 1680 3197 populo
1698 3105 1782 3178 insi-
1862 3147 1867 3169 ι

233 3225 381 3298 uuanda.
408 3225 458 3299 Ut
484 3232 599 3297 autem
625 3226 834 3298 vicariorum
861 3218 1118 3317 praedictorum
1151 3227 1362 3299 universitas
1389 3228 1543 3299 virorum
1569 3233 1784 3298 maturarum

174 3414 178 3421 .
231 3354 269 3421 e't
295 3347 510 3419 eruditorum
545 3344 784 3437 resplendeat,
819 3348 978 3419 volumus
1010 3354 1046 3419 et
1073 3348 1290 3437 ordinamus,
1325 3355 1366 3418 ut
1393 3348 1507 3420 nullus
1542 3349 1719 3438 praelatus
1746 3355 1782 3418 et

234 3469 418 3540 canonicus
445 3468 488 3539 ad
516 3466 681 3538 vicarium
710 3487 772 3540 seu
799 3469 948 3540 vicarios
985 3468 1243 3559 quomodolibet
1270 3489 1308 3539 se
1335 3468 1486 3558 ingerat,
1523 3474 1584 3541 aut
1610 3469 1703 3539 illius
1730 3469 1784 3539 vel

235 3589 372 3661 illorum
399 3589 715 3680 praesentationem
742 3589 883 3661 senius
909 3590 1158 3680 praesentandi
1184 3590 1250 3660 sibi
1277 3589 1451 3678 vendicet,
1487 3588 1548 3661 sed
1577 3589 1784 3661 universitas

234 3711 443 3782 vicariorum
479 3709 644 3780 ecclesiae
679 3709 880 3799 praedictae
915 3709 1101 3781 Sandecen.
1139 3710 1411 3800 quotiescunque
1447 3711 1596 3801 aliquem
1632 3711 1689 3781 vel
1723 3709 1786 3780 ali-

234 3851 332 3929 quos,
359 3831 526 3903 vicarium
544 3851 606 3901 seu
623 3830 782 3918 vicarios,
809 3850 1012 3920 quocunque
1038 3832 1141 3902 modo
1159 3851 1285 3903 vocare
1313 3832 1531 3921 contingerit,
1558 3831 1785 3922 presbyteros

236 3951 379 4024 idoneos
405 3951 554 4042 psallere
582 3957 617 4022 et
649 3957 791 4023 cantare
827 3950 976 4023 scientes
1003 3952 1129 4043 eligat,
1156 3959 1194 4024 et
1222 3953 1351 4024 decano
1379 3952 1565 4024 Sandecen.
1602 3953 1787 4024 instituen-

235 4073 298 4145 dos
327 4078 543 4162 praesentet3
572 4072 617 4143 ad
644 4093 747 4162 quarn
775 4073 913 4162 quidem
932 4074 1141 4144 vicariorum
1168 4074 1432 4145 universitatem
1459 4074 1514 4145 ius
1541 4073 1786 4165 praesentandi

235 4194 383 4283 nomina,
410 4198 446 4264 et
472 4193 622 4282 eligendi
650 4214 767 4263 omnes
794 4193 942 4265 vicarios
970 4194 1128 4267 volumus
1155 4202 1192 4266 et
1219 4195 1435 4266 decern-imus
1462 4196 1646 4285 pertinere.
1686 4195 1785 4285 ltem,

235 4320 274 4384 ut
301 4335 516 4385 successores
552 4319 691 4385 nostros
727 4315 906 4403 episcopos
934 4314 1181 4387 Oracovieases
1217 4316 1358 4406 speciali
1393 4316 1650 4388 benivolentiae
1686 4335 1787 4407 prae-

234 4436 398 4525 rogativa
424 4435 460 4505 in
488 4439 666 4524 posterum
694 4433 904 4525 obligemus,
940 4436 1098 4507 volumus
1125 4443 1162 4507 et
1189 4437 1423 4527 decernimus,
1460 4443 1500 4509 ut
1527 4458 1662 4509 exnunc
1689 4434 1789 4508 etin

234 4561 412 4646 posterum
448 4555 662 4645 temporibus
698 4557 876 4646 perpetuis
912 4558 1095 4648 episcopus
1131 4555 1371 4630 Gracoviensis
1406 4565 1479 4630 tam
1514 4558 1787 4649 praepositurae,

235 4675 425 4748 decanatus
451 4683 487 4747 et
513 4676 823 4767 archidiaconatus
852 4698 954 4767 quam
981 4677 1133 4749 omnium
1160 4679 1437 4769 praebendarum
1465 4679 1631 4751 ecclesiae
1657 4679 1789 4751 Sande·
1843 4742 1846 4749 .

235 4817 308 4869 cen.
344 4796 542 4887 praedictae
584 4799 706 4869 unicus
742 4799 788 4869 sit
823 4799 970 4870 collator
1007 4805 1044 4871 et
1069 4803 1246 4889 patronus.
1292 4797 1461 4871 Custodia
1496 4800 1651 4871 ciusdem
1677 4800 1786 4873 eccle-

235 4919 307 4990 siae
344 4917 622 5009 circumscripta,
658 4920 694 4990 in
731 4940 798 5010 qua
833 4919 1031 4991 consubbus
1067 4920 1254 4992 Sandecen.
1295 4921 1427 4991 nullum
1462 4920 1713 5011 praeiudicium
1750 4923 1785 4994 in

236 5039 518 5129 iurcpatronatus
543 5040 701 5111 volumus
727 5042 898 5131 generari.
934 5041 1156 5132 Habebitque
1182 5047 1392 5131 potestatem
1419 5042 1600 5132 episcopus
1628 5041 1787 5115 Gracovi·

238 5159 331 5229 ensis
367 5180 430 5249 pro
457 5164 614 5249 tempore
650 5162 822 5250 existens,
857 5161 901 5232 ad
929 5182 1048 5233 ornnes
1083 5162 1270 5252 dignitates
1298 5169 1334 5234 et
1360 5162 1577 5252 praebendas
1613 5163 1810 5253 praefatas

237 5301 404 5375 personas
432 5280 594 5373 idoneas,
622 5282 758 5371 quoties
786 5283 877 5376 ipsas
905 5302 1029 5359 vacare
1056 5303 1119 5378 per
1146 5302 1279 5361 cessum
1305 5282 1361 5361 vel
1388 5283 1566 5360 decessum
1594 5284 1789 5376 contigerit,
