<?xml version="1.0" encoding="UTF-8"?>
<!DOCTYPE html PUBLIC "-//W3C//DTD XHTML 1.0 Transitional//EN"
    "http://www.w3.org/TR/xhtml1/DTD/xhtml1-transitional.dtd">
<html xmlns="http://www.w3.org/1999/xhtml" xml:lang="en" lang="en">
 <head>
  <title>
</title>
<meta http-equiv="Content-Type" content="text/html;charset=utf-8" />
  <meta name='ocr-system' content='tesseract 3.04.00' />
  <meta name='ocr-capabilities' content='ocr_page ocr_carea ocr_par ocr_line ocrx_word'/>
</head>
<body>
  <div class='ocr_page' id='page_1' title='image "./joannisdugoszse00dugoog_0383.png"; bbox 0 0 4050 6054; ppageno 0'>
   <div class='ocr_carea' id='block_1_1' title="bbox 301 325 374 405">
    <p class='ocr_par' dir='ltr' id='par_1_1' title="bbox 301 325 374 405">
     <span class='ocr_line' id='line_1_1' title="bbox 301 325 374 405; baseline 0 -1"><span class='ocrx_word' id='word_1_1' title='bbox 301 325 374 405; x_wconf 81' lang='lat'>354</span> 
     </span>
    </p>
   </div>
   <div class='ocr_carea' id='block_1_2' title="bbox 289 530 1869 2679">
    <p class='ocr_par' dir='ltr' id='par_1_2' title="bbox 293 530 1849 1576">
     <span class='ocr_line' id='line_1_2' title="bbox 297 530 1847 631; baseline -0.004 -20"><span class='ocrx_word' id='word_1_2' title='bbox 297 541 356 631; x_wconf 91' lang='lat' dir='ltr'>qui</span> <span class='ocrx_word' id='word_1_3' title='bbox 381 539 467 611; x_wconf 89' lang='lat' dir='ltr'>nihil</span> <span class='ocrx_word' id='word_1_4' title='bbox 504 537 642 610; x_wconf 82' lang='lat' dir='ltr'>solvens</span> <span class='ocrx_word' id='word_1_5' title='bbox 669 534 712 608; x_wconf 92' lang='lat' dir='ltr'>de</span> <span class='ocrx_word' id='word_1_6' title='bbox 739 556 853 625; x_wconf 91' lang='lat' dir='ltr'>consu,</span> <span class='ocrx_word' id='word_1_7' title='bbox 889 556 994 607; x_wconf 90' lang='lat' dir='ltr'>unum</span> <span class='ocrx_word' id='word_1_8' title='bbox 1026 532 1117 606; x_wconf 91' lang='lat' dir='ltr'>diem</span> <span class='ocrx_word' id='word_1_9' title='bbox 1143 530 1249 624; x_wconf 88' lang='lat' dir='ltr'>pedes</span> <span class='ocrx_word' id='word_1_10' title='bbox 1276 532 1312 606; x_wconf 92' lang='lat' dir='ltr'>in</span> <span class='ocrx_word' id='word_1_11' title='bbox 1339 530 1532 625; x_wconf 80' lang='lat' dir='ltr'><strong>septimana</strong></span> <span class='ocrx_word' id='word_1_12' title='bbox 1565 530 1713 607; x_wconf 85' lang='lat' dir='ltr'>laborat</span> <span class='ocrx_word' id='word_1_13' title='bbox 1754 530 1847 607; x_wconf 88' lang='lat' dir='ltr'>Item</span> 
     </span>
     <span class='ocr_line' id='line_1_3' title="bbox 296 638 1849 752; baseline -0.004 -19"><span class='ocrx_word' id='word_1_14' title='bbox 296 662 428 752; x_wconf 85' lang='lat' dir='ltr'>optima</span> <span class='ocrx_word' id='word_1_15' title='bbox 455 660 560 749; x_wconf 86' lang='lat' dir='ltr'>curia,</span> <span class='ocrx_word' id='word_1_16' title='bbox 588 657 718 729; x_wconf 90' lang='lat' dir='ltr'>habens</span> <span class='ocrx_word' id='word_1_17' title='bbox 744 638 936 747; x_wconf 85' lang='lat' dir='ltr'>pomerium</span> <span class='ocrx_word' id='word_1_18' title='bbox 963 661 998 726; x_wconf 87' lang='lat' dir='ltr'>et</span> <span class='ocrx_word' id='word_1_19' title='bbox 1025 655 1215 745; x_wconf 84' lang='lat' dir='ltr'>praedium,</span> <span class='ocrx_word' id='word_1_20' title='bbox 1242 656 1285 727; x_wconf 90' lang='lat' dir='ltr'>de</span> <span class='ocrx_word' id='word_1_21' title='bbox 1303 656 1401 728; x_wconf 87' lang='lat' dir='ltr'>cuius</span> <span class='ocrx_word' id='word_1_22' title='bbox 1427 656 1521 747; x_wconf 84' lang='lat' dir='ltr'>agris</span> <span class='ocrx_word' id='word_1_23' title='bbox 1548 654 1697 728; x_wconf 81' lang='lat' dir='ltr'>soluitur</span> <span class='ocrx_word' id='word_1_24' title='bbox 1713 654 1849 727; x_wconf 86' lang='lat' dir='ltr'>decima</span> 
     </span>
     <span class='ocr_line' id='line_1_4' title="bbox 295 774 1839 871; baseline -0.005 -18"><span class='ocrx_word' id='word_1_25' title='bbox 295 781 519 871; x_wconf 81' lang='lat' dir='ltr'>manipularis</span> <span class='ocrx_word' id='word_1_26' title='bbox 555 777 719 850; x_wconf 89' lang='lat' dir='ltr'>ecclesiae</span> <span class='ocrx_word' id='word_1_27' title='bbox 754 777 946 866; x_wconf 80' lang='lat' dir='ltr'>parochiali</span> <span class='ocrx_word' id='word_1_28' title='bbox 973 778 1009 848; x_wconf 94' lang='lat' dir='ltr'>in</span> <span class='ocrx_word' id='word_1_29' title='bbox 1035 776 1319 867; x_wconf 77' lang='lat' dir='ltr'>Wasznyow,</span> <span class='ocrx_word' id='word_1_30' title='bbox 1345 781 1383 848; x_wconf 88' lang='lat' dir='ltr'>et</span> <span class='ocrx_word' id='word_1_31' title='bbox 1408 774 1507 847; x_wconf 87' lang='lat' dir='ltr'>valor</span> <span class='ocrx_word' id='word_1_32' title='bbox 1533 777 1607 848; x_wconf 89' lang='lat' dir='ltr'>eius</span> <span class='ocrx_word' id='word_1_33' title='bbox 1633 776 1839 863; x_wconf 80' lang='lat' dir='ltr'>aestimatur</span> 
     </span>
     <span class='ocr_line' id='line_1_5' title="bbox 295 896 1846 991; baseline -0.004 -17"><span class='ocrx_word' id='word_1_34' title='bbox 295 904 339 974; x_wconf 87' lang='lat' dir='ltr'>ad</span> <span class='ocrx_word' id='word_1_35' title='bbox 367 902 453 973; x_wconf 89' lang='lat' dir='ltr'>duas</span> <span class='ocrx_word' id='word_1_36' title='bbox 480 920 623 991; x_wconf 80' lang='lat' dir='ltr'>marcas</span> <span class='ocrx_word' id='word_1_37' title='bbox 667 899 756 971; x_wconf 87' lang='lat' dir='ltr'>Item</span> <span class='ocrx_word' id='word_1_38' title='bbox 783 899 859 989; x_wconf 84' lang='lat' dir='ltr'>agri</span> <span class='ocrx_word' id='word_1_39' title='bbox 886 918 1004 970; x_wconf 90' lang='lat' dir='ltr'>omnes</span> <span class='ocrx_word' id='word_1_40' title='bbox 1031 898 1264 969; x_wconf 88' lang='lat' dir='ltr'>cmethonales</span> <span class='ocrx_word' id='word_1_41' title='bbox 1291 897 1430 969; x_wconf 87' lang='lat' dir='ltr'>solvunt</span> <span class='ocrx_word' id='word_1_42' title='bbox 1457 898 1624 970; x_wconf 85' lang='lat' dir='ltr'>decimam</span> <span class='ocrx_word' id='word_1_43' title='bbox 1648 896 1846 989; x_wconf 88' lang='lat' dir='ltr'>manipula-</span> 
     </span>
     <span class='ocr_line' id='line_1_6' title="bbox 294 1016 1844 1109; baseline -0.004 -15"><span class='ocrx_word' id='word_1_44' title='bbox 294 1045 367 1094; x_wconf 90' lang='lat' dir='ltr'>rem</span> <span class='ocrx_word' id='word_1_45' title='bbox 395 1021 513 1092; x_wconf 90' lang='lat' dir='ltr'>abbati</span> <span class='ocrx_word' id='word_1_46' title='bbox 541 1027 576 1091; x_wconf 92' lang='lat' dir='ltr'>et</span> <span class='ocrx_word' id='word_1_47' title='bbox 602 1019 811 1089; x_wconf 87' lang='lat' dir='ltr'>monasterio</span> <span class='ocrx_word' id='word_1_48' title='bbox 840 1018 882 1088; x_wconf 92' lang='lat' dir='ltr'>de</span> <span class='ocrx_word' id='word_1_49' title='bbox 910 1018 1276 1107; x_wconf 86' lang='lat' dir='ltr'>Wanchoczsko,</span> <span class='ocrx_word' id='word_1_50' title='bbox 1305 1039 1393 1109; x_wconf 87' lang='lat' dir='ltr'>quac</span> <span class='ocrx_word' id='word_1_51' title='bbox 1420 1017 1625 1090; x_wconf 86' lang='lat' dir='ltr'>aestimatur</span> <span class='ocrx_word' id='word_1_52' title='bbox 1646 1016 1691 1089; x_wconf 84' lang='lat' dir='ltr'>ad</span> <span class='ocrx_word' id='word_1_53' title='bbox 1708 1020 1844 1107; x_wconf 85' lang='lat' dir='ltr'>septem</span> 
     </span>
     <span class='ocr_line' id='line_1_7' title="bbox 294 1137 1843 1229; baseline -0.003 -16"><span class='ocrx_word' id='word_1_54' title='bbox 294 1163 437 1215; x_wconf 87' lang='lat' dir='ltr'>marcas.</span> <span class='ocrx_word' id='word_1_55' title='bbox 464 1142 552 1212; x_wconf 84' lang='lat' dir='ltr'>Item</span> <span class='ocrx_word' id='word_1_56' title='bbox 579 1147 652 1211; x_wconf 86' lang='lat' dir='ltr'>tres</span> <span class='ocrx_word' id='word_1_57' title='bbox 670 1140 822 1229; x_wconf 84' lang='lat' dir='ltr'>piscinae</span> <span class='ocrx_word' id='word_1_58' title='bbox 841 1146 877 1209; x_wconf 89' lang='lat' dir='ltr'>et</span> <span class='ocrx_word' id='word_1_59' title='bbox 894 1160 1000 1210; x_wconf 90' lang='lat' dir='ltr'>unum</span> <span class='ocrx_word' id='word_1_60' title='bbox 1019 1138 1262 1228; x_wconf 83' lang='lat' dir='ltr'>molendinum,</span> <span class='ocrx_word' id='word_1_61' title='bbox 1291 1137 1383 1229; x_wconf 86' lang='lat' dir='ltr'>quod</span> <span class='ocrx_word' id='word_1_62' title='bbox 1401 1139 1506 1210; x_wconf 88' lang='lat' dir='ltr'>solvit</span> <span class='ocrx_word' id='word_1_63' title='bbox 1531 1158 1596 1228; x_wconf 91' lang='lat' dir='ltr'>pro</span> <span class='ocrx_word' id='word_1_64' title='bbox 1615 1158 1721 1209; x_wconf 87' lang='lat' dir='ltr'>censu</span> <span class='ocrx_word' id='word_1_65' title='bbox 1737 1156 1843 1210; x_wconf 88' lang='lat' dir='ltr'>unam</span> 
     </span>
     <span class='ocr_line' id='line_1_8' title="bbox 294 1257 1843 1351; baseline -0.005 -15"><span class='ocrx_word' id='word_1_66' title='bbox 294 1284 462 1351; x_wconf 86' lang='lat' dir='ltr'>marcam;</span> <span class='ocrx_word' id='word_1_67' title='bbox 489 1263 571 1333; x_wconf 89' lang='lat' dir='ltr'>item</span> <span class='ocrx_word' id='word_1_68' title='bbox 597 1280 723 1351; x_wconf 80' lang='lat' dir='ltr'>gayum</span> <span class='ocrx_word' id='word_1_69' title='bbox 749 1261 886 1350; x_wconf 90' lang='lat' dir='ltr'>bonum,</span> <span class='ocrx_word' id='word_1_70' title='bbox 914 1261 997 1331; x_wconf 91' lang='lat' dir='ltr'>item</span> <span class='ocrx_word' id='word_1_71' title='bbox 1015 1259 1142 1331; x_wconf 84' lang='lat' dir='ltr'>limites</span> <span class='ocrx_word' id='word_1_72' title='bbox 1161 1260 1267 1331; x_wconf 87' lang='lat' dir='ltr'>habet</span> <span class='ocrx_word' id='word_1_73' title='bbox 1285 1280 1361 1329; x_wconf 91' lang='lat' dir='ltr'>cum</span> <span class='ocrx_word' id='word_1_74' title='bbox 1384 1258 1656 1350; x_wconf 80' lang='lat' dir='ltr'>Wasznyow,</span> <span class='ocrx_word' id='word_1_75' title='bbox 1681 1257 1843 1329; x_wconf 86' lang='lat' dir='ltr'>Wilcz-</span> 
     </span>
     <span class='ocr_line' id='line_1_9' title="bbox 293 1377 1841 1473; baseline -0.005 -17"><span class='ocrx_word' id='word_1_76' title='bbox 293 1385 408 1472; x_wconf 83' lang='lat' dir='ltr'>kow,</span> <span class='ocrx_word' id='word_1_77' title='bbox 435 1381 847 1473; x_wconf 83' lang='lat' dir='ltr'>Swyaszkowicze,</span> <span class='ocrx_word' id='word_1_78' title='bbox 875 1379 1094 1470; x_wconf 84' lang='lat' dir='ltr'>Boxicze,</span> <span class='ocrx_word' id='word_1_79' title='bbox 1131 1380 1361 1471; x_wconf 86' lang='lat' dir='ltr'>Szwolya,</span> <span class='ocrx_word' id='word_1_80' title='bbox 1388 1380 1537 1471; x_wconf 90' lang='lat' dir='ltr'>scopulis</span> <span class='ocrx_word' id='word_1_81' title='bbox 1564 1384 1600 1449; x_wconf 89' lang='lat' dir='ltr'>et</span> <span class='ocrx_word' id='word_1_82' title='bbox 1627 1379 1705 1449; x_wconf 91' lang='lat' dir='ltr'>aliis</span> <span class='ocrx_word' id='word_1_83' title='bbox 1731 1377 1841 1469; x_wconf 77' lang='lat' dir='ltr'>signis</span> 
     </span>
     <span class='ocr_line' id='line_1_10' title="bbox 293 1491 707 1576; baseline -0.017 0"><span class='ocrx_word' id='word_1_84' title='bbox 293 1505 484 1576; x_wconf 89' lang='lat' dir='ltr'>distinctos.</span> <span class='ocrx_word' id='word_1_85' title='bbox 697 1491 707 1501; x_wconf 78' lang='grc'><em>’</em></span> 
     </span>
    </p>

    <p class='ocr_par' dir='ltr' id='par_1_3' title="bbox 289 1618 1869 2679">
     <span class='ocr_line' id='line_1_11' title="bbox 397 1618 1869 1713; baseline -0.002 -19"><span class='ocrx_word' id='word_1_86' title='bbox 397 1624 732 1713; x_wconf 76' lang='lat' dir='ltr'>Pauszrsowrozn,</span> <span class='ocrx_word' id='word_1_87' title='bbox 759 1622 842 1695; x_wconf 88' lang='lat' dir='ltr'>villa</span> <span class='ocrx_word' id='word_1_88' title='bbox 868 1622 932 1694; x_wconf 91' lang='lat' dir='ltr'>sub</span> <span class='ocrx_word' id='word_1_89' title='bbox 950 1622 1116 1712; x_wconf 88' lang='lat' dir='ltr'>parochia</span> <span class='ocrx_word' id='word_1_90' title='bbox 1142 1621 1307 1694; x_wconf 89' lang='lat' dir='ltr'>ecclesiae</span> <span class='ocrx_word' id='word_1_91' title='bbox 1335 1621 1378 1693; x_wconf 90' lang='lat' dir='ltr'>de</span> <span class='ocrx_word' id='word_1_92' title='bbox 1403 1618 1671 1713; x_wconf 75' lang='lat' dir='ltr'>Wasznyow</span> <span class='ocrx_word' id='word_1_93' title='bbox 1697 1618 1775 1709; x_wconf 84' lang='lat' dir='ltr'>sita,</span> <span class='ocrx_word' id='word_1_94' title='bbox 1803 1618 1839 1691; x_wconf 90' lang='lat' dir='ltr'>in</span> <span class='ocrx_word' id='word_1_95' title='bbox 1866 1634 1869 1639; x_wconf 89' lang='grc'><em>·</em></span> 
     </span>
     <span class='ocr_line' id='line_1_12' title="bbox 293 1738 1839 1837; baseline -0.003 -20"><span class='ocrx_word' id='word_1_96' title='bbox 293 1767 361 1837; x_wconf 90' lang='lat' dir='ltr'>qua</span> <span class='ocrx_word' id='word_1_97' title='bbox 387 1745 585 1835; x_wconf 90' lang='lat' dir='ltr'>praebenda</span> <span class='ocrx_word' id='word_1_98' title='bbox 602 1744 904 1835; x_wconf 78' lang='lat' dir='ltr'>Zayanczkowska</span> <span class='ocrx_word' id='word_1_99' title='bbox 922 1742 1210 1815; x_wconf 86' lang='lat' dir='ltr'>Sandomiriensis</span> <span class='ocrx_word' id='word_1_100' title='bbox 1236 1742 1343 1813; x_wconf 87' lang='lat' dir='ltr'>habet</span> <span class='ocrx_word' id='word_1_101' title='bbox 1369 1748 1519 1832; x_wconf 86' lang='lat' dir='ltr'>quatuor</span> <span class='ocrx_word' id='word_1_102' title='bbox 1543 1741 1663 1813; x_wconf 89' lang='lat' dir='ltr'>laneos</span> <span class='ocrx_word' id='word_1_103' title='bbox 1685 1738 1839 1813; x_wconf 80' lang='lat' dir='ltr'>emetha-</span> 
     </span>
     <span class='ocr_line' id='line_1_13' title="bbox 292 1856 1839 1956; baseline -0.003 -20"><span class='ocrx_word' id='word_1_104' title='bbox 292 1867 396 1955; x_wconf 78' lang='lat' dir='ltr'>naleS,</span> <span class='ocrx_word' id='word_1_105' title='bbox 424 1872 460 1937; x_wconf 89' lang='lat' dir='ltr'>et</span> <span class='ocrx_word' id='word_1_106' title='bbox 486 1866 630 1956; x_wconf 86' lang='lat' dir='ltr'>quilibet</span> <span class='ocrx_word' id='word_1_107' title='bbox 658 1865 761 1936; x_wconf 81' lang='lat' dir='ltr'>solvit</span> <span class='ocrx_word' id='word_1_108' title='bbox 779 1886 842 1955; x_wconf 89' lang='lat' dir='ltr'>pro</span> <span class='ocrx_word' id='word_1_109' title='bbox 863 1885 966 1936; x_wconf 90' lang='lat' dir='ltr'>censu</span> <span class='ocrx_word' id='word_1_110' title='bbox 984 1884 1099 1936; x_wconf 90' lang='lat' dir='ltr'>annuo</span> <span class='ocrx_word' id='word_1_111' title='bbox 1118 1865 1205 1935; x_wconf 88' lang='lat' dir='ltr'>duas</span> <span class='ocrx_word' id='word_1_112' title='bbox 1230 1883 1376 1953; x_wconf 88' lang='lat' dir='ltr'>marcas,</span> <span class='ocrx_word' id='word_1_113' title='bbox 1403 1856 1489 1935; x_wconf 84' lang='lat' dir='ltr'>duos&#39;</span> <span class='ocrx_word' id='word_1_114' title='bbox 1516 1882 1674 1953; x_wconf 87' lang='lat' dir='ltr'>capones,</span> <span class='ocrx_word' id='word_1_115' title='bbox 1692 1859 1839 1952; x_wconf 84' lang='lat' dir='ltr'>triginta</span> 
     </span>
     <span class='ocr_line' id='line_1_14' title="bbox 292 1981 1839 2076; baseline -0.003 -20"><span class='ocrx_word' id='word_1_116' title='bbox 292 2008 366 2076; x_wconf 88' lang='lat' dir='ltr'>ova,</span> <span class='ocrx_word' id='word_1_117' title='bbox 393 2009 461 2058; x_wconf 90' lang='lat' dir='ltr'>non</span> <span class='ocrx_word' id='word_1_118' title='bbox 488 1986 650 2058; x_wconf 89' lang='lat' dir='ltr'>laborant</span> <span class='ocrx_word' id='word_1_119' title='bbox 677 1986 760 2075; x_wconf 90' lang='lat' dir='ltr'>dies,</span> <span class='ocrx_word' id='word_1_120' title='bbox 788 1986 849 2056; x_wconf 90' lang='lat' dir='ltr'>sod</span> <span class='ocrx_word' id='word_1_121' title='bbox 876 1986 1041 2056; x_wconf 86' lang='lat' dir='ltr'>ducturas</span> <span class='ocrx_word' id='word_1_122' title='bbox 1067 1984 1200 2057; x_wconf 86' lang='lat' dir='ltr'>faciunt</span> <span class='ocrx_word' id='word_1_123' title='bbox 1226 1983 1465 2056; x_wconf 88' lang='lat' dir='ltr'>tantummodo</span> <span class='ocrx_word' id='word_1_124' title='bbox 1492 1983 1538 2055; x_wconf 89' lang='lat' dir='ltr'>ad</span> <span class='ocrx_word' id='word_1_125' title='bbox 1564 1983 1714 2073; x_wconf 87' lang='lat' dir='ltr'>spatium</span> <span class='ocrx_word' id='word_1_126' title='bbox 1731 1981 1839 2053; x_wconf 89' lang='lat' dir='ltr'>trium</span> 
     </span>
     <span class='ocr_line' id='line_1_15' title="bbox 290 2103 1839 2199; baseline -0.003 -22"><span class='ocrx_word' id='word_1_127' title='bbox 290 2108 476 2177; x_wconf 89' lang='lat' dir='ltr'>miliarium</span> <span class='ocrx_word' id='word_1_128' title='bbox 504 2128 525 2176; x_wconf 89' lang='lat' dir='ltr'>a</span> <span class='ocrx_word' id='word_1_129' title='bbox 552 2107 666 2197; x_wconf 88' lang='lat' dir='ltr'>domo,</span> <span class='ocrx_word' id='word_1_130' title='bbox 703 2106 747 2176; x_wconf 91' lang='lat' dir='ltr'>ad</span> <span class='ocrx_word' id='word_1_131' title='bbox 774 2106 860 2176; x_wconf 90' lang='lat' dir='ltr'>duas</span> <span class='ocrx_word' id='word_1_132' title='bbox 887 2105 970 2176; x_wconf 89' lang='lat' dir='ltr'>item</span> <span class='ocrx_word' id='word_1_133' title='bbox 990 2103 1170 2199; x_wconf 71' lang='lat' dir='ltr'>premebas,</span> <span class='ocrx_word' id='word_1_134' title='bbox 1206 2105 1366 2176; x_wconf 85' lang='lat' dir='ltr'>uidelicet</span> <span class='ocrx_word' id='word_1_135' title='bbox 1393 2105 1437 2175; x_wconf 90' lang='lat' dir='ltr'>ad</span> <span class='ocrx_word' id='word_1_136' title='bbox 1464 2125 1568 2176; x_wconf 89' lang='lat' dir='ltr'>unam</span> <span class='ocrx_word' id='word_1_137' title='bbox 1593 2125 1657 2195; x_wconf 91' lang='lat' dir='ltr'>pro</span> <span class='ocrx_word' id='word_1_138' title='bbox 1683 2104 1775 2192; x_wconf 79' lang='lat' dir='ltr'>rere,</span> <span class='ocrx_word' id='word_1_139' title='bbox 1802 2107 1839 2174; x_wconf 89' lang='lat' dir='ltr'>et</span> 
     </span>
     <span class='ocr_line' id='line_1_16' title="bbox 289 2220 1838 2318; baseline -0.004 -20"><span class='ocrx_word' id='word_1_140' title='bbox 289 2228 334 2299; x_wconf 88' lang='lat' dir='ltr'>ad</span> <span class='ocrx_word' id='word_1_141' title='bbox 361 2228 506 2298; x_wconf 87' lang='lat' dir='ltr'>alteram</span> <span class='ocrx_word' id='word_1_142' title='bbox 532 2247 596 2316; x_wconf 90' lang='lat' dir='ltr'>pro</span> <span class='ocrx_word' id='word_1_143' title='bbox 623 2227 755 2318; x_wconf 88' lang='lat' dir='ltr'>hyeme.</span> <span class='ocrx_word' id='word_1_144' title='bbox 799 2226 888 2296; x_wconf 88' lang='lat' dir='ltr'>Item</span> <span class='ocrx_word' id='word_1_145' title='bbox 914 2247 1019 2296; x_wconf 91' lang='lat' dir='ltr'>unum</span> <span class='ocrx_word' id='word_1_146' title='bbox 1047 2226 1137 2297; x_wconf 89' lang='lat' dir='ltr'>diem</span> <span class='ocrx_word' id='word_1_147' title='bbox 1164 2233 1267 2316; x_wconf 89' lang='lat' dir='ltr'>prata</span> <span class='ocrx_word' id='word_1_148' title='bbox 1301 2225 1504 2297; x_wconf 86' lang='lat' dir='ltr'>falcastrare</span> <span class='ocrx_word' id='word_1_149' title='bbox 1529 2220 1712 2313; x_wconf 89' lang='lat' dir='ltr'>tenentur,</span> <span class='ocrx_word' id='word_1_150' title='bbox 1738 2229 1774 2294; x_wconf 93' lang='lat' dir='ltr'>et</span> <span class='ocrx_word' id='word_1_151' title='bbox 1800 2221 1838 2293; x_wconf 93' lang='lat' dir='ltr'>id</span> 
     </span>
     <span class='ocr_line' id='line_1_17' title="bbox 291 2342 1838 2439; baseline -0.003 -20"><span class='ocrx_word' id='word_1_152' title='bbox 291 2349 382 2439; x_wconf 92' lang='lat' dir='ltr'>quod</span> <span class='ocrx_word' id='word_1_153' title='bbox 409 2347 688 2418; x_wconf 86' lang='lat' dir='ltr'>falcastrarorint</span> <span class='ocrx_word' id='word_1_154' title='bbox 714 2351 878 2416; x_wconf 89' lang='lat' dir='ltr'>tenentur</span> <span class='ocrx_word' id='word_1_155' title='bbox 895 2354 1059 2436; x_wconf 88' lang='lat' dir='ltr'>rastrare,</span> <span class='ocrx_word' id='word_1_156' title='bbox 1087 2347 1249 2436; x_wconf 84' lang='lat' dir='ltr'>colligere</span> <span class='ocrx_word' id='word_1_157' title='bbox 1268 2352 1303 2417; x_wconf 87' lang='lat' dir='ltr'>et</span> <span class='ocrx_word' id='word_1_158' title='bbox 1320 2347 1356 2417; x_wconf 93' lang='lat' dir='ltr'>in</span> <span class='ocrx_word' id='word_1_159' title='bbox 1373 2347 1537 2418; x_wconf 91' lang='lat' dir='ltr'>horreum</span> <span class='ocrx_word' id='word_1_160' title='bbox 1563 2343 1719 2418; x_wconf 84' lang='lat' dir='ltr'>canonici</span> <span class='ocrx_word' id='word_1_161' title='bbox 1736 2342 1838 2416; x_wconf 92' lang='lat' dir='ltr'>indu·</span> 
     </span>
     <span class='ocr_line' id='line_1_18' title="bbox 290 2465 1837 2557; baseline -0.003 -18"><span class='ocrx_word' id='word_1_162' title='bbox 290 2489 379 2557; x_wconf 80' lang='lat' dir='ltr'>cer03</span> <span class='ocrx_word' id='word_1_163' title='bbox 407 2469 489 2538; x_wconf 88' lang='lat' dir='ltr'>item</span> <span class='ocrx_word' id='word_1_164' title='bbox 516 2468 607 2537; x_wconf 87' lang='lat' dir='ltr'>lanei</span> <span class='ocrx_word' id='word_1_165' title='bbox 635 2473 783 2557; x_wconf 90' lang='lat' dir='ltr'>quatuor</span> <span class='ocrx_word' id='word_1_166' title='bbox 801 2467 1034 2538; x_wconf 85' lang='lat' dir='ltr'>cmethonales</span> <span class='ocrx_word' id='word_1_167' title='bbox 1052 2466 1199 2557; x_wconf 84' lang='lat' dir='ltr'>praefati</span> <span class='ocrx_word' id='word_1_168' title='bbox 1226 2467 1364 2538; x_wconf 88' lang='lat' dir='ltr'>solvunt</span> <span class='ocrx_word' id='word_1_169' title='bbox 1392 2467 1559 2538; x_wconf 89' lang='lat' dir='ltr'>decimam</span> <span class='ocrx_word' id='word_1_170' title='bbox 1586 2465 1837 2556; x_wconf 87' lang='lat' dir='ltr'>manipularem</span> 
     </span>
     <span class='ocr_line' id='line_1_19' title="bbox 290 2583 1838 2679; baseline -0.001 -22"><span class='ocrx_word' id='word_1_171' title='bbox 290 2588 454 2658; x_wconf 88' lang='lat' dir='ltr'>ecclesiae</span> <span class='ocrx_word' id='word_1_172' title='bbox 477 2588 667 2679; x_wconf 84' lang='lat' dir='ltr'>parochiali</span> <span class='ocrx_word' id='word_1_173' title='bbox 694 2587 736 2658; x_wconf 91' lang='lat' dir='ltr'>de</span> <span class='ocrx_word' id='word_1_174' title='bbox 763 2586 923 2679; x_wconf 85' lang='lat' dir='ltr'>Wolya</span> <span class='ocrx_word' id='word_1_175' title='bbox 948 2587 1191 2658; x_wconf 87' lang='lat' dir='ltr'>Koninska</span> <span class='ocrx_word' id='word_1_176' title='bbox 1217 2588 1253 2658; x_wconf 92' lang='lat' dir='ltr'>in</span> <span class='ocrx_word' id='word_1_177' title='bbox 1271 2593 1367 2658; x_wconf 88' lang='lat' dir='ltr'>terra</span> <span class='ocrx_word' id='word_1_178' title='bbox 1384 2587 1597 2678; x_wconf 89' lang='lat' dir='ltr'>Lublinensi‚</span> <span class='ocrx_word' id='word_1_179' title='bbox 1624 2587 1721 2659; x_wconf 87' lang='lat' dir='ltr'>cuius</span> <span class='ocrx_word' id='word_1_180' title='bbox 1738 2583 1838 2657; x_wconf 82' lang='lat' dir='ltr'>valor</span> 
     </span>
    </p>
   </div>
   <div class='ocr_carea' id='block_1_3' title="bbox 176 2688 1835 2798">
    <p class='ocr_par' dir='ltr' id='par_1_4' title="bbox 176 2688 1835 2798">
     <span class='ocr_line' id='line_1_20' title="bbox 176 2688 1835 2798; baseline -0.001 -20"><span class='ocrx_word' id='word_1_181' title='bbox 176 2688 185 2699; x_wconf 44' lang='lat'>&#39;¹</span> <span class='ocrx_word' id='word_1_182' title='bbox 288 2709 490 2778; x_wconf 86' lang='lat' dir='ltr'>aestimatur</span> <span class='ocrx_word' id='word_1_183' title='bbox 508 2708 552 2777; x_wconf 89' lang='lat' dir='ltr'>ad</span> <span class='ocrx_word' id='word_1_184' title='bbox 571 2715 719 2798; x_wconf 90' lang='lat' dir='ltr'>quatuor</span> <span class='ocrx_word' id='word_1_185' title='bbox 737 2728 883 2797; x_wconf 74' lang='lat' dir='ltr'>marcas,</span> <span class='ocrx_word' id='word_1_186' title='bbox 910 2708 992 2778; x_wconf 89' lang='lat' dir='ltr'>item</span> <span class='ocrx_word' id='word_1_187' title='bbox 1011 2708 1205 2778; x_wconf 88' lang='lat' dir='ltr'>nonhabet</span> <span class='ocrx_word' id='word_1_188' title='bbox 1231 2708 1280 2778; x_wconf 94' lang='lat' dir='ltr'>ibi</span> <span class='ocrx_word' id='word_1_189' title='bbox 1298 2708 1481 2778; x_wconf 90' lang='lat' dir='ltr'>canonicus</span> <span class='ocrx_word' id='word_1_190' title='bbox 1506 2707 1695 2796; x_wconf 88' lang='lat' dir='ltr'>tabernam,</span> <span class='ocrx_word' id='word_1_191' title='bbox 1722 2724 1835 2796; x_wconf 86' lang='lat' dir='ltr'>neque</span> 
     </span>
    </p>
   </div>
   <div class='ocr_carea' id='block_1_4' title="bbox 282 2810 1890 3885">
    <p class='ocr_par' dir='ltr' id='par_1_5' title="bbox 282 2810 1890 3885">
     <span class='ocr_line' id='line_1_21' title="bbox 288 2810 1835 2919; baseline 0 -23"><span class='ocrx_word' id='word_1_192' title='bbox 288 2827 521 2899; x_wconf 81' lang='lat' dir='ltr'>hortulaniarn</span> <span class='ocrx_word' id='word_1_193' title='bbox 547 2848 658 2919; x_wconf 87' lang='lat' dir='ltr'>neque</span> <span class='ocrx_word' id='word_1_194' title='bbox 685 2828 884 2917; x_wconf 74' lang='lat' dir='ltr'>praedium,</span> <span class='ocrx_word' id='word_1_195' title='bbox 910 2829 994 2899; x_wconf 88' lang='lat' dir='ltr'>item</span> <span class='ocrx_word' id='word_1_196' title='bbox 1021 2829 1156 2918; x_wconf 90' lang='lat' dir='ltr'>reliqua</span> <span class='ocrx_word' id='word_1_197' title='bbox 1182 2849 1263 2918; x_wconf 89' lang='lat' dir='ltr'>pars</span> <span class='ocrx_word' id='word_1_198' title='bbox 1281 2810 1385 2900; x_wconf 80' lang='lat' dir='ltr'>villae</span> <span class='ocrx_word' id='word_1_199' title='bbox 1407 2826 1584 2918; x_wconf 83' lang='lat' dir='ltr'>praelatae</span> <span class='ocrx_word' id='word_1_200' title='bbox 1611 2827 1763 2917; x_wconf 85' lang='lat' dir='ltr'>pertinet</span> <span class='ocrx_word' id='word_1_201' title='bbox 1788 2825 1835 2896; x_wconf 88' lang='lat' dir='ltr'>ad</span> 
     </span>
     <span class='ocr_line' id='line_1_22' title="bbox 287 2947 1721 3036; baseline 0.001 -19"><span class='ocrx_word' id='word_1_202' title='bbox 287 2948 537 3036; x_wconf 86' lang='lat' dir='ltr'>proprietatem</span> <span class='ocrx_word' id='word_1_203' title='bbox 564 2955 600 3019; x_wconf 86' lang='lat' dir='ltr'>ot</span> <span class='ocrx_word' id='word_1_204' title='bbox 625 2948 816 3020; x_wconf 90' lang='lat' dir='ltr'>dominium</span> <span class='ocrx_word' id='word_1_205' title='bbox 843 2948 980 3020; x_wconf 88' lang='lat' dir='ltr'>abbatis</span> <span class='ocrx_word' id='word_1_206' title='bbox 1007 2955 1043 3020; x_wconf 89' lang='lat' dir='ltr'>ot</span> <span class='ocrx_word' id='word_1_207' title='bbox 1070 2949 1271 3020; x_wconf 89' lang='lat' dir='ltr'>monasterii</span> <span class='ocrx_word' id='word_1_208' title='bbox 1298 2949 1341 3020; x_wconf 87' lang='lat' dir='ltr'>de</span> <span class='ocrx_word' id='word_1_209' title='bbox 1367 2947 1721 3021; x_wconf 86' lang='lat' dir='ltr'>Wanchoczsko.</span> 
     </span>
     <span class='ocr_line' id='line_1_23' title="bbox 390 3066 1833 3161; baseline 0.001 -24"><span class='ocrx_word' id='word_1_210' title='bbox 390 3067 578 3159; x_wconf 81' lang='lat' dir='ltr'>Pononra,</span> <span class='ocrx_word' id='word_1_211' title='bbox 605 3069 688 3140; x_wconf 91' lang='lat' dir='ltr'>villa</span> <span class='ocrx_word' id='word_1_212' title='bbox 714 3068 778 3140; x_wconf 91' lang='lat' dir='ltr'>sub</span> <span class='ocrx_word' id='word_1_213' title='bbox 804 3069 971 3159; x_wconf 89' lang='lat' dir='ltr'>parochia</span> <span class='ocrx_word' id='word_1_214' title='bbox 996 3069 1162 3141; x_wconf 86' lang='lat' dir='ltr'>ecclesiae</span> <span class='ocrx_word' id='word_1_215' title='bbox 1189 3069 1233 3140; x_wconf 91' lang='lat' dir='ltr'>de</span> <span class='ocrx_word' id='word_1_216' title='bbox 1250 3068 1516 3161; x_wconf 86' lang='lat' dir='ltr'>Wasznyow</span> <span class='ocrx_word' id='word_1_217' title='bbox 1542 3076 1578 3140; x_wconf 90' lang='lat' dir='ltr'>et</span> <span class='ocrx_word' id='word_1_218' title='bbox 1603 3069 1641 3139; x_wconf 91' lang='lat' dir='ltr'>in</span> <span class='ocrx_word' id='word_1_219' title='bbox 1666 3066 1833 3140; x_wconf 85' lang='lat' dir='ltr'>suburbio</span> 
     </span>
     <span class='ocr_line' id='line_1_24' title="bbox 287 3188 1832 3281; baseline 0.001 -22"><span class='ocrx_word' id='word_1_220' title='bbox 287 3189 439 3259; x_wconf 90' lang='lat' dir='ltr'>eiusdem</span> <span class='ocrx_word' id='word_1_221' title='bbox 468 3190 585 3279; x_wconf 91' lang='lat' dir='ltr'>oppidi</span> <span class='ocrx_word' id='word_1_222' title='bbox 612 3188 876 3280; x_wconf 77' lang='lat' dir='ltr'>Wasznyow</span> <span class='ocrx_word' id='word_1_223' title='bbox 903 3191 978 3281; x_wconf 86' lang='lat' dir='ltr'>sita,</span> <span class='ocrx_word' id='word_1_224' title='bbox 1005 3192 1040 3260; x_wconf 93' lang='lat' dir='ltr'>in</span> <span class='ocrx_word' id='word_1_225' title='bbox 1068 3211 1136 3281; x_wconf 87' lang='lat' dir='ltr'>qna</span> <span class='ocrx_word' id='word_1_226' title='bbox 1163 3196 1246 3262; x_wconf 86' lang='lat' dir='ltr'>sunt</span> <span class='ocrx_word' id='word_1_227' title='bbox 1270 3195 1342 3262; x_wconf 89' lang='lat' dir='ltr'>tres</span> <span class='ocrx_word' id='word_1_228' title='bbox 1359 3191 1452 3262; x_wconf 91' lang='lat' dir='ltr'>lanei</span> <span class='ocrx_word' id='word_1_229' title='bbox 1479 3188 1720 3280; x_wconf 86' lang='lat' dir='ltr'>cmothonales,</span> <span class='ocrx_word' id='word_1_230' title='bbox 1746 3206 1832 3280; x_wconf 85' lang='lat' dir='ltr'>quo·</span> 
     </span>
     <span class='ocr_line' id='line_1_25' title="bbox 285 3290 1833 3400; baseline 0.003 -23"><span class='ocrx_word' id='word_1_231' title='bbox 285 3330 361 3379; x_wconf 91' lang='lat' dir='ltr'>rum</span> <span class='ocrx_word' id='word_1_232' title='bbox 389 3308 533 3398; x_wconf 87' lang='lat' dir='ltr'>quilibet</span> <span class='ocrx_word' id='word_1_233' title='bbox 561 3310 665 3381; x_wconf 82' lang='lat' dir='ltr'>solvit</span> <span class='ocrx_word' id='word_1_234' title='bbox 690 3331 754 3400; x_wconf 94' lang='lat' dir='ltr'>pro</span> <span class='ocrx_word' id='word_1_235' title='bbox 782 3297 895 3381; x_wconf 87' lang='lat' dir='ltr'>annuo</span> <span class='ocrx_word' id='word_1_236' title='bbox 923 3331 1028 3382; x_wconf 89' lang='lat' dir='ltr'>censu</span> <span class='ocrx_word' id='word_1_237' title='bbox 1054 3331 1159 3382; x_wconf 89' lang='lat' dir='ltr'>unam</span> <span class='ocrx_word' id='word_1_238' title='bbox 1185 3331 1346 3400; x_wconf 89' lang='lat' dir='ltr'>marcam,</span> <span class='ocrx_word' id='word_1_239' title='bbox 1373 3311 1457 3382; x_wconf 87' lang='lat' dir='ltr'>item</span> <span class='ocrx_word' id='word_1_240' title='bbox 1484 3333 1553 3382; x_wconf 91' lang='lat' dir='ltr'>non</span> <span class='ocrx_word' id='word_1_241' title='bbox 1578 3310 1741 3383; x_wconf 84' lang='lat' dir='ltr'>laborant</span> <span class='ocrx_word' id='word_1_242' title='bbox 1751 3290 1833 3381; x_wconf 76' lang='lat' dir='ltr'>&#39;dies</span> 
     </span>
     <span class='ocr_line' id='line_1_26' title="bbox 285 3429 1890 3522; baseline 0.001 -24"><span class='ocrx_word' id='word_1_243' title='bbox 285 3429 319 3498; x_wconf 90' lang='lat' dir='ltr'>in</span> <span class='ocrx_word' id='word_1_244' title='bbox 348 3430 549 3520; x_wconf 87' lang='lat' dir='ltr'>septimana,</span> <span class='ocrx_word' id='word_1_245' title='bbox 576 3452 687 3520; x_wconf 87' lang='lat' dir='ltr'>neque</span> <span class='ocrx_word' id='word_1_246' title='bbox 714 3431 879 3501; x_wconf 87' lang='lat' dir='ltr'>ducturas</span> <span class='ocrx_word' id='word_1_247' title='bbox 905 3430 1044 3520; x_wconf 85' lang='lat' dir='ltr'>faciunt,</span> <span class='ocrx_word' id='word_1_248' title='bbox 1072 3431 1155 3502; x_wconf 89' lang='lat' dir='ltr'>item</span> <span class='ocrx_word' id='word_1_249' title='bbox 1184 3452 1252 3502; x_wconf 90' lang='lat' dir='ltr'>non</span> <span class='ocrx_word' id='word_1_250' title='bbox 1279 3431 1418 3503; x_wconf 82' lang='lat' dir='ltr'>solvunt</span> <span class='ocrx_word' id='word_1_251' title='bbox 1446 3453 1522 3522; x_wconf 87' lang='lat' dir='ltr'>ova,</span> <span class='ocrx_word' id='word_1_252' title='bbox 1549 3450 1660 3521; x_wconf 86' lang='lat' dir='ltr'>neque</span> <span class='ocrx_word' id='word_1_253' title='bbox 1677 3448 1833 3519; x_wconf 85' lang='lat' dir='ltr'>avenam,</span> <span class='ocrx_word' id='word_1_254' title='bbox 1886 3432 1890 3436; x_wconf 78' lang='grc'><strong>’</strong></span> 
     </span>
     <span class='ocr_line' id='line_1_27' title="bbox 283 3550 1832 3642; baseline 0.002 -23"><span class='ocrx_word' id='word_1_255' title='bbox 283 3570 393 3640; x_wconf 88' lang='lat' dir='ltr'>noque</span> <span class='ocrx_word' id='word_1_256' title='bbox 421 3550 542 3641; x_wconf 82' lang='lat' dir='ltr'>gallae,</span> <span class='ocrx_word' id='word_1_257' title='bbox 569 3572 679 3642; x_wconf 91' lang='lat' dir='ltr'>neque</span> <span class='ocrx_word' id='word_1_258' title='bbox 707 3572 844 3639; x_wconf 88' lang='lat' dir='ltr'>cascos;</span> <span class='ocrx_word' id='word_1_259' title='bbox 880 3552 963 3622; x_wconf 90' lang='lat' dir='ltr'>item</span> <span class='ocrx_word' id='word_1_260' title='bbox 990 3558 1043 3623; x_wconf 88' lang='lat' dir='ltr'>cst</span> <span class='ocrx_word' id='word_1_261' title='bbox 1071 3553 1106 3622; x_wconf 93' lang='lat' dir='ltr'>in</span> <span class='ocrx_word' id='word_1_262' title='bbox 1133 3552 1254 3623; x_wconf 89' lang='lat' dir='ltr'>eadem</span> <span class='ocrx_word' id='word_1_263' title='bbox 1281 3552 1364 3623; x_wconf 88' lang='lat' dir='ltr'>villa</span> <span class='ocrx_word' id='word_1_264' title='bbox 1389 3558 1528 3642; x_wconf 85' lang='lat' dir='ltr'>pratum</span> <span class='ocrx_word' id='word_1_265' title='bbox 1555 3552 1696 3640; x_wconf 88' lang='lat' dir='ltr'>boumn,</span> <span class='ocrx_word' id='word_1_266' title='bbox 1723 3551 1832 3641; x_wconf 89' lang='lat' dir='ltr'>perti-</span> 
     </span>
     <span class='ocr_line' id='line_1_28' title="bbox 282 3650 1832 3762; baseline 0.003 -23"><span class='ocrx_word' id='word_1_267' title='bbox 282 3690 368 3741; x_wconf 88' lang='lat' dir='ltr'>nens</span> <span class='ocrx_word' id='word_1_268' title='bbox 394 3672 438 3743; x_wconf 86' lang='lat' dir='ltr'>ad</span> <span class='ocrx_word' id='word_1_269' title='bbox 466 3673 594 3742; x_wconf 89' lang='lat' dir='ltr'>curiam</span> <span class='ocrx_word' id='word_1_270' title='bbox 622 3680 657 3741; x_wconf 89' lang='lat' dir='ltr'>et</span> <span class='ocrx_word' id='word_1_271' title='bbox 684 3671 863 3760; x_wconf 84' lang='lat' dir='ltr'>praedium</span> <span class='ocrx_word' id='word_1_272' title='bbox 889 3673 925 3741; x_wconf 92' lang='lat' dir='ltr'>iu</span> <span class='ocrx_word' id='word_1_273' title='bbox 952 3650 1381 3762; x_wconf 83' lang='lat' dir='ltr'>Zaianczkowiczo,</span> <span class='ocrx_word' id='word_1_274' title='bbox 1418 3675 1501 3744; x_wconf 92' lang='lat' dir='ltr'>item</span> <span class='ocrx_word' id='word_1_275' title='bbox 1528 3672 1694 3743; x_wconf 86' lang='lat' dir='ltr'>decimam</span> <span class='ocrx_word' id='word_1_276' title='bbox 1721 3671 1832 3743; x_wconf 88' lang='lat' dir='ltr'>rnaui·</span> 
     </span>
     <span class='ocr_line' id='line_1_29' title="bbox 282 3791 1674 3885; baseline 0.002 -25"><span class='ocrx_word' id='word_1_277' title='bbox 282 3792 437 3880; x_wconf 91' lang='lat' dir='ltr'>pularem</span> <span class='ocrx_word' id='word_1_278' title='bbox 464 3799 544 3882; x_wconf 85' lang='lat' dir='ltr'>post</span> <span class='ocrx_word' id='word_1_279' title='bbox 571 3791 747 3882; x_wconf 86' lang='lat' dir='ltr'>praefatos</span> <span class='ocrx_word' id='word_1_280' title='bbox 774 3798 846 3863; x_wconf 86' lang='lat' dir='ltr'>tres</span> <span class='ocrx_word' id='word_1_281' title='bbox 875 3792 993 3865; x_wconf 84' lang='lat' dir='ltr'>laneos</span> <span class='ocrx_word' id='word_1_282' title='bbox 1020 3795 1056 3863; x_wconf 92' lang='lat' dir='ltr'>in</span> <span class='ocrx_word' id='word_1_283' title='bbox 1083 3792 1288 3885; x_wconf 80' lang='lat' dir='ltr'>Podolye</span> <span class='ocrx_word' id='word_1_284' title='bbox 1324 3795 1417 3865; x_wconf 90' lang='lat' dir='ltr'>tollit</span> <span class='ocrx_word' id='word_1_285' title='bbox 1443 3801 1479 3865; x_wconf 91' lang='lat' dir='ltr'>ot</span> <span class='ocrx_word' id='word_1_286' title='bbox 1506 3847 1674 3864; x_wconf 87' lang='grc'><strong>.......</strong></span> 
     </span>
    </p>
   </div>
   <div class='ocr_carea' id='block_1_5' title="bbox 380 4052 1736 4164">
    <p class='ocr_par' dir='ltr' id='par_1_6' title="bbox 380 4052 1736 4164">
     <span class='ocr_line' id='line_1_30' title="bbox 380 4052 1736 4164; baseline 0.004 -31"><span class='ocrx_word' id='word_1_287' title='bbox 380 4052 552 4135; x_wconf 82' lang='lat' dir='ltr'>Decima</span> <span class='ocrx_word' id='word_1_288' title='bbox 586 4055 855 4160; x_wconf 82' lang='lat' dir='ltr'>manipularis</span> <span class='ocrx_word' id='word_1_289' title='bbox 888 4059 1009 4138; x_wconf 86' lang='lat' dir='ltr'>unice</span> <span class='ocrx_word' id='word_1_290' title='bbox 1044 4057 1314 4162; x_wconf 83' lang='lat' dir='ltr'>praebendae</span> <span class='ocrx_word' id='word_1_291' title='bbox 1346 4057 1736 4164; x_wconf 82' lang='lat' dir='ltr'>leyenczkowske.</span> 
     </span>
    </p>
   </div>
   <div class='ocr_carea' id='block_1_6' title="bbox 276 4272 1828 5337">
    <p class='ocr_par' dir='ltr' id='par_1_7' title="bbox 276 4272 1828 5337">
     <span class='ocr_line' id='line_1_31' title="bbox 384 4272 1828 4371; baseline 0.002 -25"><span class='ocrx_word' id='word_1_292' title='bbox 384 4272 603 4365; x_wconf 83' lang='lat' dir='ltr'>Souronow,</span> <span class='ocrx_word' id='word_1_293' title='bbox 631 4275 794 4366; x_wconf 89' lang='lat' dir='ltr'>oppidum</span> <span class='ocrx_word' id='word_1_294' title='bbox 820 4277 855 4348; x_wconf 92' lang='lat' dir='ltr'>in</span> <span class='ocrx_word' id='word_1_295' title='bbox 884 4283 981 4349; x_wconf 85' lang='lat' dir='ltr'>terra</span> <span class='ocrx_word' id='word_1_296' title='bbox 1007 4276 1277 4350; x_wconf 88' lang='lat' dir='ltr'>Sandomiriensi</span> <span class='ocrx_word' id='word_1_297' title='bbox 1313 4279 1434 4368; x_wconf 89' lang='lat' dir='ltr'>situm,</span> <span class='ocrx_word' id='word_1_298' title='bbox 1462 4279 1498 4351; x_wconf 91' lang='lat' dir='ltr'>in</span> <span class='ocrx_word' id='word_1_299' title='bbox 1525 4300 1593 4369; x_wconf 93' lang='lat' dir='ltr'>quo</span> <span class='ocrx_word' id='word_1_300' title='bbox 1620 4276 1828 4371; x_wconf 85' lang='lat' dir='ltr'>parochialis</span> 
     </span>
     <span class='ocr_line' id='line_1_32' title="bbox 280 4394 1828 4489; baseline 0.004 -24"><span class='ocrx_word' id='word_1_301' title='bbox 280 4394 427 4466; x_wconf 87' lang='lat' dir='ltr'>ccclesia</span> <span class='ocrx_word' id='word_1_302' title='bbox 446 4396 477 4466; x_wconf 78' lang='lat' dir='ltr'>S.</span> <span class='ocrx_word' id='word_1_303' title='bbox 496 4395 676 4468; x_wconf 83' lang='lat' dir='ltr'>Vladislao</span> <span class='ocrx_word' id='word_1_304' title='bbox 696 4398 769 4488; x_wconf 85' lang='lat' dir='ltr'>regi</span> <span class='ocrx_word' id='word_1_305' title='bbox 788 4404 824 4468; x_wconf 88' lang='lat' dir='ltr'>et</span> <span class='ocrx_word' id='word_1_306' title='bbox 842 4397 1030 4469; x_wconf 84' lang='lat' dir='ltr'>confessori</span> <span class='ocrx_word' id='word_1_307' title='bbox 1048 4399 1170 4488; x_wconf 85' lang='lat' dir='ltr'>dicata,</span> <span class='ocrx_word' id='word_1_308' title='bbox 1189 4420 1252 4489; x_wconf 92' lang='lat' dir='ltr'>per</span> <span class='ocrx_word' id='word_1_309' title='bbox 1270 4398 1547 4471; x_wconf 82' lang='lat' dir='ltr'>Gasimirum</span> <span class='ocrx_word' id='word_1_310' title='bbox 1565 4397 1828 4489; x_wconf 88' lang='lat' dir='ltr'>Secundum,</span> 
     </span>
     <span class='ocr_line' id='line_1_33' title="bbox 279 4515 1827 4612; baseline 0.004 -27"><span class='ocrx_word' id='word_1_311' title='bbox 279 4515 443 4587; x_wconf 87' lang='lat' dir='ltr'>Polonlao</span> <span class='ocrx_word' id='word_1_312' title='bbox 472 4538 597 4607; x_wconf 82' lang='lat' dir='ltr'>rogem,</span> <span class='ocrx_word' id='word_1_313' title='bbox 623 4539 722 4589; x_wconf 93' lang='lat' dir='ltr'>muro</span> <span class='ocrx_word' id='word_1_314' title='bbox 749 4517 927 4608; x_wconf 84' lang='lat' dir='ltr'>fabricata,</span> <span class='ocrx_word' id='word_1_315' title='bbox 954 4518 1000 4590; x_wconf 90' lang='lat' dir='ltr'>ad</span> <span class='ocrx_word' id='word_1_316' title='bbox 1017 4519 1288 4591; x_wconf 90' lang='lat' dir='ltr'>illustrissimum</span> <span class='ocrx_word' id='word_1_317' title='bbox 1306 4519 1471 4591; x_wconf 86' lang='lat' dir='ltr'>Poloniae</span> <span class='ocrx_word' id='word_1_318' title='bbox 1497 4540 1615 4612; x_wconf 86' lang='lat' dir='ltr'>regem</span> <span class='ocrx_word' id='word_1_319' title='bbox 1640 4520 1827 4611; x_wconf 89' lang='lat' dir='ltr'>pertinens,</span> 
     </span>
     <span class='ocr_line' id='line_1_34' title="bbox 278 4637 1827 4733; baseline 0.004 -26"><span class='ocrx_word' id='word_1_320' title='bbox 278 4637 313 4707; x_wconf 91' lang='lat' dir='ltr'>in</span> <span class='ocrx_word' id='word_1_321' title='bbox 341 4659 408 4727; x_wconf 89' lang='lat' dir='ltr'>quo</span> <span class='ocrx_word' id='word_1_322' title='bbox 436 4644 518 4708; x_wconf 89' lang='lat' dir='ltr'>sunt</span> <span class='ocrx_word' id='word_1_323' title='bbox 544 4644 681 4709; x_wconf 88' lang='lat' dir='ltr'>centum</span> <span class='ocrx_word' id='word_1_324' title='bbox 707 4638 799 4710; x_wconf 91' lang='lat' dir='ltr'>lanei</span> <span class='ocrx_word' id='word_1_325' title='bbox 827 4638 1086 4730; x_wconf 89' lang='lat' dir='ltr'>oppidanorum,</span> <span class='ocrx_word' id='word_1_326' title='bbox 1114 4638 1157 4710; x_wconf 94' lang='lat' dir='ltr'>de</span> <span class='ocrx_word' id='word_1_327' title='bbox 1184 4641 1309 4731; x_wconf 90' lang='lat' dir='ltr'>quibus</span> <span class='ocrx_word' id='word_1_328' title='bbox 1336 4641 1494 4714; x_wconf 88' lang='lat' dir='ltr'>omnibus</span> <span class='ocrx_word' id='word_1_329' title='bbox 1521 4641 1653 4733; x_wconf 88' lang='lat' dir='ltr'>absque</span> <span class='ocrx_word' id='word_1_330' title='bbox 1679 4641 1827 4713; x_wconf 89' lang='lat' dir='ltr'>diminu-</span> 
     </span>
     <span class='ocr_line' id='line_1_35' title="bbox 278 4759 1827 4854; baseline 0.003 -26"><span class='ocrx_word' id='word_1_331' title='bbox 278 4759 371 4830; x_wconf 90' lang='lat' dir='ltr'>tiono</span> <span class='ocrx_word' id='word_1_332' title='bbox 398 4759 545 4832; x_wconf 88' lang='lat' dir='ltr'>solvitur</span> <span class='ocrx_word' id='word_1_333' title='bbox 580 4760 712 4831; x_wconf 86' lang='lat' dir='ltr'>decima</span> <span class='ocrx_word' id='word_1_334' title='bbox 748 4760 973 4852; x_wconf 87' lang='lat' dir='ltr'>manipularis</span> <span class='ocrx_word' id='word_1_335' title='bbox 1009 4761 1227 4852; x_wconf 86' lang='lat' dir='ltr'>praebendae</span> <span class='ocrx_word' id='word_1_336' title='bbox 1253 4762 1571 4854; x_wconf 86' lang='lat' dir='ltr'>Zayanczkowska,</span> <span class='ocrx_word' id='word_1_337' title='bbox 1600 4770 1636 4834; x_wconf 88' lang='lat' dir='ltr'>et</span> <span class='ocrx_word' id='word_1_338' title='bbox 1660 4768 1827 4835; x_wconf 86' lang='lat' dir='ltr'>tenentur</span> 
     </span>
     <span class='ocr_line' id='line_1_36' title="bbox 279 4879 1824 4977; baseline 0.005 -29"><span class='ocrx_word' id='word_1_339' title='bbox 279 4879 370 4950; x_wconf 90' lang='lat' dir='ltr'>illam</span> <span class='ocrx_word' id='word_1_340' title='bbox 407 4880 571 4970; x_wconf 90' lang='lat' dir='ltr'>oppidani</span> <span class='ocrx_word' id='word_1_341' title='bbox 606 4879 881 4953; x_wconf 85' lang='lat' dir='ltr'>Schidlcvienses</span> <span class='ocrx_word' id='word_1_342' title='bbox 916 4883 1066 4972; x_wconf 90' lang='lat' dir='ltr'>propriis</span> <span class='ocrx_word' id='word_1_343' title='bbox 1103 4883 1262 4955; x_wconf 87' lang='lat' dir='ltr'>curribus</span> <span class='ocrx_word' id='word_1_344' title='bbox 1299 4882 1341 4955; x_wconf 89' lang='lat' dir='ltr'>de</span> <span class='ocrx_word' id='word_1_345' title='bbox 1369 4904 1431 4955; x_wconf 91' lang='lat' dir='ltr'>suo</span> <span class='ocrx_word' id='word_1_346' title='bbox 1469 4884 1703 4976; x_wconf 88' lang='lat' dir='ltr'>unusquisque</span> <span class='ocrx_word' id='word_1_347' title='bbox 1738 4904 1824 4977; x_wconf 74' lang='lat' dir='ltr'>agro</span> 
     </span>
     <span class='ocr_line' id='line_1_37' title="bbox 281 5000 1825 5096; baseline 0.005 -28"><span class='ocrx_word' id='word_1_348' title='bbox 281 5000 406 5071; x_wconf 88' lang='lat' dir='ltr'>ducere</span> <span class='ocrx_word' id='word_1_349' title='bbox 434 5001 468 5071; x_wconf 89' lang='lat' dir='ltr'>in</span> <span class='ocrx_word' id='word_1_350' title='bbox 495 5001 658 5071; x_wconf 85' lang='lat' dir='ltr'>horreum</span> <span class='ocrx_word' id='word_1_351' title='bbox 686 5021 708 5070; x_wconf 87' lang='lat' dir='ltr'>a</span> <span class='ocrx_word' id='word_1_352' title='bbox 734 5002 897 5072; x_wconf 90' lang='lat' dir='ltr'>canonico</span> <span class='ocrx_word' id='word_1_353' title='bbox 925 5002 1125 5092; x_wconf 86' lang='lat' dir='ltr'>locandum,</span> <span class='ocrx_word' id='word_1_354' title='bbox 1153 5009 1190 5074; x_wconf 92' lang='lat' dir='ltr'>et</span> <span class='ocrx_word' id='word_1_355' title='bbox 1216 5003 1314 5095; x_wconf 73' lang='lat' dir='ltr'>palor</span> <span class='ocrx_word' id='word_1_356' title='bbox 1340 5003 1413 5075; x_wconf 89' lang='lat' dir='ltr'>eius</span> <span class='ocrx_word' id='word_1_357' title='bbox 1438 5005 1643 5076; x_wconf 87' lang='lat' dir='ltr'>aestimatur</span> <span class='ocrx_word' id='word_1_358' title='bbox 1669 5003 1714 5076; x_wconf 89' lang='lat' dir='ltr'>ad</span> <span class='ocrx_word' id='word_1_359' title='bbox 1740 5016 1825 5096; x_wconf 75' lang='lat' dir='ltr'>qub-</span> 
     </span>
     <span class='ocr_line' id='line_1_38' title="bbox 276 5118 1822 5212; baseline 0.005 -24"><span class='ocrx_word' id='word_1_360' title='bbox 276 5118 446 5209; x_wconf 81' lang='lat' dir='ltr'>draginta,</span> <span class='ocrx_word' id='word_1_361' title='bbox 475 5122 648 5193; x_wconf 90' lang='lat' dir='ltr'>interdum</span> <span class='ocrx_word' id='word_1_362' title='bbox 675 5120 718 5191; x_wconf 91' lang='lat' dir='ltr'>ad</span> <span class='ocrx_word' id='word_1_363' title='bbox 747 5122 999 5212; x_wconf 81' lang='lat' dir='ltr'>quinquaginta</span> <span class='ocrx_word' id='word_1_364' title='bbox 1025 5143 1169 5194; x_wconf 88' lang='lat' dir='ltr'>marcas.</span> <span class='ocrx_word' id='word_1_365' title='bbox 1204 5124 1293 5195; x_wconf 92' lang='lat' dir='ltr'>Item</span> <span class='ocrx_word' id='word_1_366' title='bbox 1320 5123 1363 5194; x_wconf 92' lang='lat' dir='ltr'>de</span> <span class='ocrx_word' id='word_1_367' title='bbox 1390 5124 1520 5195; x_wconf 90' lang='lat' dir='ltr'>eisdem</span> <span class='ocrx_word' id='word_1_368' title='bbox 1548 5131 1687 5196; x_wconf 89' lang='lat' dir='ltr'>centum</span> <span class='ocrx_word' id='word_1_369' title='bbox 1712 5123 1822 5197; x_wconf 85' lang='lat' dir='ltr'>laneis</span> 
     </span>
     <span class='ocr_line' id='line_1_39' title="bbox 276 5240 1824 5337; baseline 0.006 -30"><span class='ocrx_word' id='word_1_370' title='bbox 276 5259 344 5309; x_wconf 92' lang='lat' dir='ltr'>nou</span> <span class='ocrx_word' id='word_1_371' title='bbox 363 5240 501 5311; x_wconf 88' lang='lat' dir='ltr'>solrunt</span> <span class='ocrx_word' id='word_1_372' title='bbox 520 5241 683 5330; x_wconf 90' lang='lat' dir='ltr'>oppidani</span> <span class='ocrx_word' id='word_1_373' title='bbox 702 5241 869 5313; x_wconf 85' lang='lat' dir='ltr'>decimam</span> <span class='ocrx_word' id='word_1_374' title='bbox 887 5243 1097 5333; x_wconf 78' lang='lat' dir='ltr'>canapalem,</span> <span class='ocrx_word' id='word_1_375' title='bbox 1120 5244 1204 5315; x_wconf 90' lang='lat' dir='ltr'>item</span> <span class='ocrx_word' id='word_1_376' title='bbox 1222 5245 1328 5315; x_wconf 89' lang='lat' dir='ltr'>estin</span> <span class='ocrx_word' id='word_1_377' title='bbox 1347 5244 1467 5317; x_wconf 89' lang='lat' dir='ltr'>eodem</span> <span class='ocrx_word' id='word_1_378' title='bbox 1485 5244 1613 5336; x_wconf 89' lang='lat' dir='ltr'>oppido</span> <span class='ocrx_word' id='word_1_379' title='bbox 1632 5243 1824 5337; x_wconf 81' lang='lat' dir='ltr'>advocatia,</span> 
     </span>
    </p>
   </div>
   <div class='ocr_carea' id='block_1_7' title="bbox 0 0 2030 6054">
    <p class='ocr_par' dir='ltr' id='par_1_8' title="bbox 0 0 2030 6054">
     <span class='ocr_line' id='line_1_40' title="bbox 0 0 2030 6054; baseline 0 6"><span class='ocrx_word' id='word_1_380' title='bbox 0 0 2030 6054; x_wconf 95' lang='lat' dir='ltr'> </span> 
     </span>
    </p>
   </div>
  </div>
 </body>
</html>
