4050 6054
238 515 315 589 414

237 740 357 794 versus
384 718 633 791 Vislioiam
668 720 817 811 percipit
843 718 939 790 illam
974 722 1096 791 cantor
1123 717 1358 809 Visliciensis,
1393 722 1430 789 et
1454 702 1804 790 valor'aestimatnr

237 841 311 913 eius
338 839 383 912 ad
409 839 556 913 sedecim
583 860 735 928 marcaa3
770 840 853 912 item
880 838 1013 911 decima
1039 839 1161 930 canapi
1195 860 1259 930 per
1286 844 1435 929 quatuor
1460 838 1605 929 ierngas
1632 836 1800 925 solvitnr;

229 960 458 1033 (hortulaniae
476 981 545 1033 non
563 964 652 1032 sunt.
691 960 781 1034 Item
799 960 848 1033 ibi
865 979 974 1050 prope
992 980 1133 1050 campus
1150 958 1488 1051 Wisznyowka,
1506 957 1550 1031 de
1569 978 1641 1050 quo
1662 956 1800 1031 decim

236 1080 462 1171 manipularis
489 1079 593 1153 datur
618 1081 817 1174 praeposita
843 1079 1050 1153 Visliciensi.

339 1200 517 1291 Lemow,
552 1201 637 1273 villa
672 1202 736 1274 sub
766 1201 932 1291 parochia
966 1200 1130 1272 ecclesiae
1165 1199 1208 1273 de
1242 1198 1534 1273 Dobrowoda
1568 1199 1660 1290 sita,
1699 1198 1798 1271 cuius

236 1321 359 1393 haeres
385 1321 584 1412 Mscmrgius
610 1322 911 1413 Lganowslry‚
938 1320 1064 1394 nobilis
1082 1319 1244 1392 dedomo
1271 1319 1537 1411 Pobodzye‚
1562 1321 1601 1393 iri
1619 1339 1695 1412 qua
1713 1325 1797 1391 sunt

177 1496 180 1501 .
237 1462 298 1514 sex
324 1441 416 1513 lanei
443 1442 694 1532 cmethonalea,
721 1442 803 1514 item
830 1463 900 1513 nna
926 1442 1075 1513 taberna
1100 1441 1233 1513 habens
1260 1461 1379 1532 agros,
1407 1440 1450 1511 de
1478 1440 1603 1533 quibus
1630 1422 1803 1512 omnibus

237 1562 543 1635 solvitnrdecima
569 1561 793 1654 manipularis
830 1562 1006 1633 cantoriae
1033 1561 1232 1633 Visliciensi
1262 1567 1299 1634 et
1322 1566 1387 1652 ‘per
1414 1560 1612 1632 cmethones
1636 1559 1797 1651 propriis

237 1682 400 1754 curribus
422 1681 562 1754 ducitur
588 1683 624 1753 in
641 1683 804 1757 horreum
832 1685 1012 1753 acantore
1037 1680 1230 1771 locandum,
1258 1686 1295 1753 et
1313 1681 1454 1753 solvunt
1481 1679 1650 1752 decimam
1668 1680 1798 1770 canapi

237 1822 300 1892 per
326 1808 477 1894 quatuor
502 1802 642 1893 ierugas
669 1808 705 1876 et
731 1802 829 1876 valor
855 1800 1010 1873 decimae
1045 1803 1249 1874 aestimatur
1284 1801 1330 1873 ad
1353 1806 1486 1892 septem
1522 1819 1668 1872 marcas.
1706 1798 1798 1872 Item

236 1928 292 1995 est
316 1923 353 1994 In
379 1923 499 1995 eadem
534 1923 617 1994 villa
642 1944 747 1995 unum
773 1921 1012 1995 tantummodo
1042 1922 1222 2014 praedium
1248 1921 1418 2010 militare,
1445 1920 1538 2012 quod
1564 1919 1673 1993 solvit
1701 1919 1797 1993 deci·

237 2063 327 2114 mem
361 2043 610 2135 manipularem
646 2043 811 2116 ecclesiae
845 2043 1037 2135 parochiali
1072 2046 1108 2114 et
1133 2042 1279 2134 plebano
1316 2042 1352 2113 in
1379 2038 1566 2131 chobel,
1597 2041 1685 2113 item
1713 2046 1800 2141 sunt

236 2164 304 2238 duo
330 2165 506 2236 hortulani
532 2166 701 2236 habentes
720 2185 822 2255 agros
850 2184 892 2235 ex
911 2163 1054 2254 praedio
1072 2163 1236 2254 largitos,
1265 2163 1324 2254 qui
1341 2162 1447 2235 etiam
1465 2161 1604 2235 solvunt
1623 2160 1799 2235 decimam

236 2285 485 2375 manipularem
513 2284 678 2357 ecclesiae
704 2285 741 2356 in
768 2284 944 2357 Ghotel.

340 2405 682 2495 Bnnnzrscurczn‚
700 2405 784 2476 villa
797 2404 861 2477 sub
880 2405 1044 2495 parochia
1062 2404 1228 2476 ecclesiae
1246 2403 1289 2476 de
1307 2402 1564 2476 Szokolina
1580 2401 1667 2494 sita,
1695 2402 1800 2477 cuius

236 2525 370 2615 haeres,
397 2525 524 2597 nobilis
551 2524 713 2598 dedomo
741 2578 925 2615 ........
952 2526 987 2596 in
1015 2531 1183 2616 quaeunt
1208 2525 1300 2596 lanei
1327 2523 1580 2614 cmethouales,
1606 2523 1696 2619 item
1725 2544 1800 2597 uua

237 2644 384 2716 taberna
409 2645 542 2718 habens
568 2665 689 2735 agros,
724 2647 821 2717 cuius
848 2645 1024 2736 perceptio
1051 2645 1204 2717 decimae
1240 2643 1514 2733 diversificatum
1549 2662 1631 2716 nam
1658 2642 1706 2716 de
1734 2664 1800 2717 sex

236 2766 347 2837 laneis
384 2772 420 2837 et
446 2766 592 2838 taberna
617 2766 710 2839 tollit
735 2787 854 2839 mensa
881 2766 1034 2858 episcopi
1061 2764 1316 2855 ermonense,
1343 2764 1386 2837 dc
1412 2765 1527 2837 tribus
1554 2768 1673 2837 autem
1699 2764 1801 2838 tollit

238 2886 394 2958 cantoria
427 2885 662 2978 Visliciensis,
696 2893 732 2961 et
759 2887 925 2959 decimam
961 2887 1083 2979 canapi
1118 2887 1258 2959 solvunt
1292 2906 1356 2979 per
1392 2890 1542 2978 quatuor
1567 2885 1731 2977 ierugus,
1760 2892 1800 2959 et

238 3007 437 3079 valarsius
463 3008 669 3081 aestimatur
695 3009 740 3080 ad
766 3014 839 3081 tres
864 3028 1008 3080 marcas.

341 3127 638 3220 Gouraczmosrr,
664 3129 748 3201 villa
774 3129 837 3201 sub
855 3128 1021 3220 parochia
1048 3128 1213 3200 ecclesiae
1242 3127 1444 3218 collegiatae
1471 3127 1557 3217 sita,
1584 3125 1685 3200 cuius
1710 3148 1800 3220 pro-

237 3248 369 3340 prietas
404 3248 450 3320 ad
475 3248 746 3321 illustrissimum
772 3248 937 3322 Poloniae
963 3269 1082 3341 regem
1107 3248 1279 3340 pertinet,
1314 3248 1350 3319 in
1378 3268 1447 3340 qua
1473 3251 1554 3320 sunt
1579 3246 1674 3320 lanei
1700 3268 1798 3351 cme3

237 3369 415 3460 thonales,
441 3370 484 3442 de
511 3371 637 3462 quibus
664 3371 822 3443 omnibus
850 3370 998 3443 solvitur
1024 3369 1156 3440 decima
1182 3369 1409 3459 manipularis
1435 3388 1576 3440 mensae
1600 3368 1801 3461 episcopali

238 3490 468 3563 Gracoriensi.
507 3491 596 3564 Item
622 3497 704 3564 sunt
738 3468 792 3563 ibi¹
812 3491 1032 3563 hortulaniae
1068 3490 1237 3562 habentes
1268 3510 1390 3580 agros,
1426 3488 1622 3579 dequibus
1655 3487 1799 3579 decima

237 3612 463 3703 manipularis
489 3612 638 3685 solvitur
664 3612 840 3684 cantoriae
867 3611 1081 3702 Visliciensi,
1108 3618 1144 3683 et
1162 3611 1259 3683 valor
1287 3611 1361 3684 eius
1389 3610 1595 3682 aestimatur
1619 3608 1796 3715 mmm

236 3753 403 3822 marcam3
427 3733 511 3805 item
538 3740 593 3805 est
618 3733 667 3805 ibi
694 3732 875 3823 praedium
901 3733 1036 3824 regale,
1063 3732 1106 3804 de
1125 3733 1222 3805 cuius
1248 3732 1343 3824 agris
1368 3730 1463 3803 tollit
1488 3730 1797 3825 decimamfmani·

236 3853 394 3945 pularem
411 3854 557 3927 ecclesia
573 3854 781 3946 paroehIshs
798 3854 835 3926 in
854 3853 1017 3944 Sidlow‚
1049 3854 1146 3925 euius
1164 3852 1262 3926 valor
1279 3854 1324 3925 ad
1342 3873 1403 3925 sex
1421 3870 1557 3924 marcas
1574 3850 1795 3937 aestimatur.

341 3972 636 4048 Wswaowrczrc
670 3975 760 4048 Item
795 3976 952 4048 centoria
987 3973 1204 4047 Visliciensis
1238 3974 1346 4049 habet
1380 3973 1578 4064 habereque
1611 3974 1798 4048 consuevit

94 4184 100 4199 Ι
238 4094 404 4168 vicariam
430 4101 635 4188 perpetuam
659 4096 697 4168 in
720 4097 866 4170 ecclesia
883 4096 1097 4187 Visliciensi,
1125 4097 1221 4168 cuius
1247 4095 1367 4168 unicus
1394 4100 1449 4169 est
1474 4099 1644 4185 patronus
1669 4098 1797 4169 cantor

238 4214 456 4289 Visliciensis
481 4237 546 4309 pro
569 4222 744 4309 tempore,
771 4239 873 4310 qnam
900 4237 991 4289 nunc
1017 4221 1115 4289 tenet
1140 4216 1335 4290 StanIslaus
1361 4216 1405 4290 de
1422 4212 1797 4307 Dzerzkowicae,

238 4358 325 4431 qnae
357 4358 422 4430 pro
450 4358 513 4410 sua
547 4338 630 4412 dote
656 4339 763 4412 habet
798 4338 964 4412 decimam
999 4336 1249 4430 manipularem
1276 4338 1313 4409 in
1344 4337 1429 4409 villa
1453 4334 1795 4429 Wawrowicze,

238 4459 303 4532 sub
321 4459 490 4550 parochia
515 4460 682 4533 ecclesiae
705 4460 921 4533 Visliciensis
944 4461 1026 4551 sita,
1053 4464 1133 4552 post
1150 4467 1223 4532 tres
1249 4479 1325 4530 cum
1352 4456 1466 4531 medio
1493 4457 1613 4530 laneos
1638 4456 1796 4531 cmetho-

237 4581 354 4671 nales,
382 4580 440 4672 qui
467 4587 635 4653 vocantur
661 4580 914 4672 Zeduszni,
942 4586 978 4654 et
1005 4602 1151 4673 quorum
1177 4580 1375 4673 proprietas
1401 4579 1446 4652 ad
1472 4579 1680 4653 decanatum
1704 4576 1794 4653 sm-

237 4701 480 4775 domiriensem
507 4703 679 4793 pertinet,
706 4708 743 4775 et
770 4702 899 4776 ducunt
924 4703 1019 4774 illam
1046 4704 1246 4775 emethones
1272 4703 1309 4773 ln
1335 4702 1500 4774 horreum
1525 4721 1548 4773 a
1573 4699 1795 4779 mcecantera

237 4822 422 4897 locandum
448 4827 485 4895 et
503 4823 643 4897 solvunt
670 4823 839 4897 decimam
862 4824 986 4915 canapi
1012 4844 1075 4916 per
1093 4829 1243 4916 quatuor
1261 4823 1409 4915 lenigare,
1425 4821 1621 4895 aestimata
1645 4818 1691 4894 ad
1707 4838 1794 4912 qua·

236 4951 319 5018 tuor
345 4964 489 5016 marcas.
527 4944 617 5016 Item
645 4951 726 5016 sunt
751 4945 801 5017 ibi
828 4945 888 5017 alii
914 4945 1072 5017 undecim
1100 4945 1315 5035 cmethones‚
1342 4962 1488 5035 quorum
1513 4942 1638 5015 haeres
1665 4939 1795 5017 Petam

236 5064 510 5158 Stawiszlry,
536 5065 664 5139 nobilis
690 5065 734 5138 de
761 5064 862 5139 domo
889 5065 1200 5156 Accipitrum3
1235 5066 1319 5138 item
1347 5064 1493 5138 taberna
1518 5063 1651 5136 habeus
1676 5082 1795 5155 agros,

237 5186 281 5258 de
308 5186 432 5278 quibus
459 5186 592 5259 decima
617 5187 844 5280 manipularis
879 5187 1026 5261 solvitur
1059 5187 1260 5260 scolastriae
1287 5183 1504 5275 Visliciensi,
1537 5184 1721 5261 aestimata
1746 5184 1796 5259 ad

237 5307 417 5380 duodecim
444 5330 597 5399 marcas,
629 5310 712 5382 item
743 5309 923 5402 praedium
951 5309 1000 5381 ibi
1026 5329 1133 5381 unum
1159 5309 1325 5399 militare,
1357 5305 1450 5419 quod
1482 5306 1589 5380 solvit
1623 5304 1795 5381 decimam

238 5428 486 5523 manipularem
512 5431 678 5507 ecclesiae
705 5432 742 5505 in
767 5430 1038 5528 Slyanczxn.
1073 5431 1162 5506 Item
1189 5431 1346 5506 matoria
1380 5422 1540 5525 praefata
1570 5428 1677 5506 babet
1703 5426 1795 5506 duaa
