4050 6054
1631 449 1705 521 503

157 646 357 743 Synodiensi
392 656 428 724 et
453 649 630 743 magistris
665 646 881 723 beneficiatis
915 648 1081 723 ecclesiae
1108 648 1141 722 S.
1168 648 1342 741 Floriani,
1377 656 1413 724 et
1438 648 1606 725 inducunt
1632 673 1708 726 eam

156 772 355 844 emethones
389 772 541 863 propriis
576 772 736 844 curribus
761 772 798 843 in
831 771 996 844 horreum
1033 792 1055 844 a
1089 771 1265 860 magistris
1299 772 1500 862 locandum,
1540 776 1578 845 et
1611 773 1709 847 valor

154 892 452 969 aestimatumcius
469 891 514 962 ad
533 897 681 982 quatuor
698 912 846 982 marcas,
874 891 1059 982 aliquando
1076 891 1122 962 ad
1140 912 1216 981 sex,
1233 891 1419 980 aliquando
1438 890 1484 962 ad
1502 898 1581 964 octo
1587 915 1597 983 ;
1623 892 1709 967 item

156 1011 324 1083 decimam
351 1013 550 1102 canapalem
577 1011 718 1083 solvunt
743 1032 807 1103 per
828 1017 902 1083 tres
919 1012 1097 1101 ligaturas.
1141 1010 1230 1082 Item
1256 1031 1325 1082 non
1343 1018 1398 1083 est
1423 1012 1459 1082 in
1478 1012 1598 1083 eadem
1625 1012 1708 1083 villa

156 1133 349 1222 praedium,
376 1152 444 1203 non
472 1138 526 1203 est
552 1131 769 1219 hortulania,
796 1152 908 1221 nequo
935 1132 1090 1203 taberna
1129 1132 1217 1203 Item
1244 1137 1298 1203 est
1316 1131 1365 1202 ibi
1391 1131 1550 1204 scoltetia
1575 1132 1707 1204 habens

157 1257 234 1323 octo
261 1253 397 1343 laneos,
433 1252 476 1323 de
504 1252 628 1347 quibus
654 1252 801 1323 solvitur
832 1251 966 1323 decima
999 1251 1226 1342 manipularis
1261 1251 1426 1323 ecclesiae
1453 1252 1489 1322 in
1518 1251 1707 1323 Brzesz-

157 1391 317 1462 nyeza;
343 1373 428 1443 item
454 1378 536 1444 sunt
561 1373 629 1445 duo
656 1372 748 1443 lanei
774 1372 913 1462 plebani
939 1373 975 1442 in
1001 1372 1332 1462 Brzesznicza,
1364 1373 1423 1461 qui
1450 1372 1589 1443 solvrmt
1615 1372 1707 1442 deci-

156 1512 247 1563 mam
273 1492 522 1583 manipularem
548 1514 612 1582 pro
639 1492 845 1565 cancellaria
871 1497 907 1564 et
933 1492 1116 1583 magistris.

260 1611 652 1703 Dwonzrsenouuczn,
687 1612 788 1702 silla,
815 1612 946 1683 habens
974 1613 1009 1682 in
1044 1631 1082 1684 se
1108 1611 1287 1684 ecclesiam
1324 1610 1573 1703 parochialem,
1608 1612 1706 1686 cuius

156 1732 352 1822 proprietas
378 1732 424 1804 ad
450 1732 707 1804 serenissimum
736 1751 855 1823 regem
881 1731 1046 1804 Poloniae
1072 1732 1241 1822 pertinet,
1274 1732 1311 1803 in
1338 1753 1406 1822 qua
1433 1738 1514 1804 sunt
1541 1739 1706 1826 quatuor-

157 1851 267 1922 decim
301 1851 395 1922 lanei
430 1852 683 1945 emethonales,
720 1851 915 1942 dequibus
951 1851 1108 1923 omnibus
1144 1852 1290 1924 solvitur
1321 1851 1454 1922 decima
1480 1852 1706 1943 manipularis

156 1972 332 2062 magistris
367 1972 583 2043 beneficiatis
619 1971 782 2044 ecclesiae
818 1970 850 2042 S.
877 1970 1049 2061 Floriani,
1079 1976 1115 2042 et
1141 1971 1271 2042 ducunt
1296 1990 1372 2043 eam
1399 1973 1598 2044 cmothones
1624 1992 1705 2062 pro-

155 2093 242 2181 priis
268 2093 427 2164 curribus
461 2092 497 2162 in
524 2092 687 2163 horreum
722 2112 744 2162 a
768 2091 946 2181 magistris
972 2090 1170 2180 locandum,
1206 2097 1242 2162 et
1267 2091 1365 2164 valor
1401 2091 1604 2165 aestimatur
1631 2092 1705 2165 eius

156 2212 201 2283 ad
218 2232 289 2302 sex,
316 2212 501 2303 aliquando
521 2212 656 2302 decem,
682 2211 868 2302 aliquando
891 2211 1072 2285 duodecim
1097 2232 1251 2309 maroas3
1278 2212 1362 2284 item
1380 2211 1513 2284 decima
1530 2213 1705 2302 canapalis

157 2332 303 2404 soluitur
328 2352 392 2422 per
409 2338 481 2403 tres
507 2332 691 2423 ligaturas3
718 2332 800 2402 item
818 2332 996 2422 praedium
1023 2352 1091 2402 non
1110 2337 1173 2403 est.
1211 2331 1301 2403 Item
1328 2331 1527 2405 omethones
1553 2332 1706 2405 missalia

158 2453 296 2525 solvunt
320 2453 469 2542 plebano
495 2453 532 2523 in
566 2451 1041 2543 Duorzyschowicze,
1067 2451 1151 2524 item
1178 2452 1342 2542 taberna,
1377 2452 1460 2523 item
1487 2452 1705 2524 hortulaniae

158 2572 263 2662 duae,
290 2573 374 2643 item
401 2571 560 2644 scoltetia
586 2577 641 2643 est
666 2572 732 2662 ibi,
759 2572 891 2643 habens
918 2592 979 2643 sex
1004 2570 1141 2662 laneos,
1177 2572 1220 2643 de
1248 2571 1373 2662 quibus
1400 2571 1548 2645 solvitur
1574 2572 1707 2643 decima
1793 2652 1802 2663 ,

157 2693 381 2783 manipularis
408 2692 573 2765 ecclesiae
599 2689 726 2765 ibidem
755 2692 791 2762 in
817 2691 1270 2764 Dworzischowicze.

261 2809 529 2903 Garaezrcza,
555 2811 639 2884 villa
666 2812 730 2884 sub
756 2813 924 2902 parochia
951 2811 1115 2884 ecclesiae
1143 2812 1185 2883 de
1208 2810 1466 2884 Makowiska
1493 2811 1577 2902 sita,
1610 2811 1707 2887 cuius

156 2933 353 3024 proprietas
380 2932 425 3004 ad
451 2932 708 3005 serenissimum
735 2933 911 3004 dominum
938 2932 1102 3006 Poloniae
1128 2951 1246 3022 regem
1271 2933 1439 3022 pertinet,
1464 2931 1503 3005 in
1530 2952 1599 3022 qua
1623 2938 1706 3005 sunt

157 3052 304 3145 triginta
338 3052 407 3125 duo
433 3052 524 3125 lanei
550 3053 802 3144 emethonales,
835 3053 919 3125 item
946 3058 1000 3125 est
1033 3053 1083 3124 ibi
1109 3053 1276 3125 scoltetus
1310 3052 1442 3123 habens
1475 3051 1562 3125 duos
1588 3052 1706 3124 laneos

156 3174 387 3262 scoltetiales3
422 3193 492 3262 una
516 3174 663 3246 taberna
688 3174 819 3246 habens
846 3194 968 3264 agros,
1003 3172 1046 3244 de
1082 3173 1208 3264 quibus
1241 3172 1401 3243 omnibus
1435 3171 1538 3244 datur
1574 3171 1707 3244 decima

156 3293 380 3385 manipularis
406 3313 471 3384 pro
497 3293 702 3366 macellaria
736 3292 937 3385 Syradiensi
963 3298 999 3364 et
1025 3312 1088 3384 pro
1115 3292 1292 3385 magistris
1326 3290 1538 3363 beneficiatis
1564 3290 1598 3362 S.
1624 3292 1704 3364 Flo·

157 3415 262 3505 riam,
289 3419 325 3489 et
341 3415 508 3487 inducunt
533 3434 609 3485 eam
636 3414 834 3485 cmethones
869 3414 1020 3504 propriis
1046 3413 1204 3486 curribus
1230 3413 1267 3483 in
1293 3413 1456 3484 horreum
1483 3431 1506 3482 a
1530 3412 1707 3501 magistris

155 3534 354 3625 locandum,
382 3541 418 3606 et
435 3535 533 3606 valor
558 3533 763 3604 aestimatur
789 3532 863 3603 eius
890 3532 935 3604 ad
952 3534 1070 3606 decem
1096 3537 1133 3605 et
1158 3539 1237 3605 octo
1254 3551 1407 3620 marcas;
1434 3532 1517 3603 item
1535 3531 1702 3603 decimam

158 3655 281 3746 canapi
306 3654 447 3727 solvunt
471 3674 534 3744 per
560 3658 634 3726 tres
659 3652 837 3743 ligaturas.
872 3653 961 3726 Item
988 3653 1155 3725 tabernae
1182 3653 1270 3723 duae
1297 3652 1466 3723 habentos
1492 3670 1610 3741 agros,
1636 3670 1707 3721 una

158 3774 263 3847 solvit
289 3774 456 3847 decimam
481 3773 732 3864 manipularem
758 3793 822 3863 pro
850 3773 1055 3844 cancellaria
1081 3778 1118 3844 et
1143 3771 1339 3862 magistris,
1375 3770 1444 3866 alia
1469 3790 1533 3861 pro
1560 3770 1706 3843 ecclesia

158 3894 195 3965 in
221 3891 554 3986 Gayanccicze.

238 4014 545 4105 Tnamanezow,
573 4013 665 4105 villa,
683 4012 868 4086 habenam
887 4032 924 4084 se
943 4013 1122 4085 ecclesiam
1141 4013 1375 4103 parochialem
1395 4016 1581 4103 muratam,
1608 4010 1705 4085 cuius

157 4135 354 4226 proprietas
389 4140 425 4206 et
409 4134 649 4206 tdominium
681 4134 726 4204 ad
762 4133 911 4206 nobilem
948 4132 1134 4225 Hyucza
1179 4133 1222 4205 de
1256 4132 1424 4223 Rogow
1458 4133 1502 4205 de
1537 4133 1638 4205 domo
1671 4136 1724 4223 et,

156 4253 287 4326 familia
311 4254 597 4327 Dzialoseha
623 4254 793 4345 pertine,
820 4254 856 4325 in
875 4275 942 4346 qua
965 4259 1047 4326 sunt
1073 4253 1305 4344 quadraginta
1331 4258 1479 4343 quatuor
1505 4254 1597 4325 lanei
1615 4272 1705 4324 ome·

157 4375 336 4467 thonales,
362 4375 553 4465 dequibus
580 4374 739 4447 omnibus
764 4373 913 4447 soluitur
939 4374 1073 4447 decima
1098 4373 1324 4464 manipularis
1350 4373 1575 4445 cancellariae
1601 4371 1705 4464 Syra·

158 4494 269 4569 diensi
286 4501 323 4568 et
339 4495 515 4586 magistris
532 4495 568 4565 in
587 4494 732 4566 ecclesia
748 4492 779 4569 S.
798 4493 954 4566 Floriani
970 4493 1193 4585 beneficiatis,
1212 4498 1248 4565 et
1265 4494 1395 4566 ducunt
1412 4512 1488 4564 eam
1507 4494 1705 4565 cmethones

157 4617 309 4708 propriis
335 4616 494 4688 curribus
529 4616 565 4686 in
591 4614 755 4688 horreum
781 4615 825 4687 ab
851 4613 921 4686 illis
946 4614 1148 4706 locandum,
1182 4613 1281 4686 cuius
1306 4615 1405 4687 valor
1430 4615 1635 4687 aestimatur
1662 4612 1707 4685 ad

157 4736 337 4809 duodecim
363 4754 514 4827 marcas,
541 4735 702 4827 aliquado
729 4735 773 4806 ad
792 4734 958 4825 sedecim,
986 4734 1172 4826 aliquando
1199 4735 1244 4807 ad
1261 4735 1404 4825 viginti3
1429 4734 1514 4806 item
1538 4734 1704 4805 decimam

94 4853 98 4862 ’
158 4857 356 4948 canapalem
392 4856 531 4929 solvunt
564 4876 628 4947 per
662 4860 736 4929 tres
770 4855 948 4946 ligaturas.
987 4855 1076 4928 Item
1111 4860 1164 4927 est
1189 4855 1226 4926 in
1252 4854 1373 4927 eodem
1407 4854 1491 4929 villa
1525 4853 1705 4947 pragdium

157 4978 295 5051 unicum
312 4976 479 5067 militare,
506 4976 549 5047 de
567 4976 663 5049 ouius
690 4976 785 5067 agris
803 4976 950 5048 solvitur
977 4976 1110 5047 decima
1135 4974 1361 5064 manipularis
1387 4974 1515 5047 ibidem
1541 4972 1705 5047 ecclesiae

157 5097 350 5187 parochiali
376 5098 412 5168 in
438 5096 775 5186 Trambaozow,
810 5097 894 5168 item
921 5100 1002 5169 sunt
1028 5096 1077 5167 ibi
1103 5101 1177 5167 tres
1207 5095 1372 5167 tabernae
1398 5095 1567 5167 habentes
1593 5115 1708 5186 agros,

158 5216 201 5288 de
220 5217 345 5307 quibus
364 5216 511 5289 solvitur
529 5216 662 5288 decima
678 5216 901 5306 manipularis
920 5216 1086 5287 ecclcsiae
1103 5214 1295 5311 parochiali
1321 5215 1356 5285 in
1375 5215 1706 5287 Trambaczow.

261 5336 523 5427 ScurnouncZ,
559 5337 642 5408 villa
668 5338 731 5408 sub
757 5336 924 5425 parochia
959 5336 1125 5407 ecclesiae
1160 5335 1202 5405 de
1229 5334 1473 5425 Payaczno
1499 5336 1583 5430 sita,
1610 5336 1707 5413 cuius
