<?xml version="1.0" encoding="UTF-8"?>
<!DOCTYPE html PUBLIC "-//W3C//DTD XHTML 1.0 Transitional//EN"
    "http://www.w3.org/TR/xhtml1/DTD/xhtml1-transitional.dtd">
<html xmlns="http://www.w3.org/1999/xhtml" xml:lang="en" lang="en">
 <head>
  <title>
</title>
<meta http-equiv="Content-Type" content="text/html;charset=utf-8" />
  <meta name='ocr-system' content='tesseract 3.04.00' />
  <meta name='ocr-capabilities' content='ocr_page ocr_carea ocr_par ocr_line ocrx_word'/>
</head>
<body>
  <div class='ocr_page' id='page_1' title='image "./joannisdugoszse00dugoog_0347.png"; bbox 0 0 4050 6054; ppageno 0'>
   <div class='ocr_carea' id='block_1_1' title="bbox 197 476 433 585">
    <p class='ocr_par' dir='ltr' id='par_1_1' title="bbox 197 476 433 585">
     <span class='ocr_line' id='line_1_1' title="bbox 197 476 433 585; baseline 0.004 -37"><span class='ocrx_word' id='word_1_1' title='bbox 197 476 307 585; x_wconf 70' lang='lat' dir='ltr'>aaa</span> <span class='ocrx_word' id='word_1_2' title='bbox 431 481 433 485; x_wconf 47' lang='lat'><strong><em>¹</em></strong></span> 
     </span>
    </p>
   </div>
   <div class='ocr_carea' id='block_1_2' title="bbox 144 679 1852 5138">
    <p class='ocr_par' dir='ltr' id='par_1_2' title="bbox 230 679 1786 1255">
     <span class='ocr_line' id='line_1_2' title="bbox 231 679 1786 761; baseline -0.001 -6"><span class='ocrx_word' id='word_1_3' title='bbox 231 682 277 755; x_wconf 88' lang='lat' dir='ltr'>ab</span> <span class='ocrx_word' id='word_1_4' title='bbox 303 681 547 754; x_wconf 90' lang='lat' dir='ltr'>archidiacono</span> <span class='ocrx_word' id='word_1_5' title='bbox 582 679 765 753; x_wconf 90' lang='lat' dir='ltr'>locandum</span> <span class='ocrx_word' id='word_1_6' title='bbox 792 689 829 753; x_wconf 91' lang='lat' dir='ltr'>et</span> <span class='ocrx_word' id='word_1_7' title='bbox 855 681 954 752; x_wconf 87' lang='lat' dir='ltr'>valor</span> <span class='ocrx_word' id='word_1_8' title='bbox 990 681 1065 753; x_wconf 91' lang='lat' dir='ltr'>eius</span> <span class='ocrx_word' id='word_1_9' title='bbox 1100 680 1305 753; x_wconf 83' lang='lat' dir='ltr'>aestimatur</span> <span class='ocrx_word' id='word_1_10' title='bbox 1332 679 1377 751; x_wconf 91' lang='lat' dir='ltr'>ad</span> <span class='ocrx_word' id='word_1_11' title='bbox 1404 699 1466 751; x_wconf 85' lang='lat' dir='ltr'>sex</span> <span class='ocrx_word' id='word_1_12' title='bbox 1502 700 1646 753; x_wconf 86' lang='lat' dir='ltr'>marcas</span> <span class='ocrx_word' id='word_1_13' title='bbox 1690 679 1786 761; x_wconf 86' lang='lat' dir='ltr'>Item</span> 
     </span>
     <span class='ocr_line' id='line_1_3' title="bbox 230 801 1786 893; baseline -0.001 -19"><span class='ocrx_word' id='word_1_14' title='bbox 230 804 337 875; x_wconf 88' lang='lat' dir='ltr'>habet</span> <span class='ocrx_word' id='word_1_15' title='bbox 363 804 412 874; x_wconf 94' lang='lat' dir='ltr'>ibi</span> <span class='ocrx_word' id='word_1_16' title='bbox 440 803 622 893; x_wconf 90' lang='lat' dir='ltr'>episcopus</span> <span class='ocrx_word' id='word_1_17' title='bbox 648 802 863 875; x_wconf 82' lang='lat' dir='ltr'>Lubucensis</span> <span class='ocrx_word' id='word_1_18' title='bbox 890 822 951 873; x_wconf 84' lang='lat' dir='ltr'>sex</span> <span class='ocrx_word' id='word_1_19' title='bbox 978 822 1116 875; x_wconf 90' lang='lat' dir='ltr'>mansos</span> <span class='ocrx_word' id='word_1_20' title='bbox 1144 802 1286 892; x_wconf 74' lang='lat' dir='ltr'>amplos</span> <span class='ocrx_word' id='word_1_21' title='bbox 1313 801 1356 872; x_wconf 88' lang='lat' dir='ltr'>de</span> <span class='ocrx_word' id='word_1_22' title='bbox 1384 801 1510 891; x_wconf 86' lang='lat' dir='ltr'>quihus</span> <span class='ocrx_word' id='word_1_23' title='bbox 1535 802 1684 892; x_wconf 78' lang='lat' dir='ltr'>percipit</span> <span class='ocrx_word' id='word_1_24' title='bbox 1700 820 1786 875; x_wconf 86' lang='lat' dir='ltr'>cen-</span> 
     </span>
     <span class='ocr_line' id='line_1_4' title="bbox 231 922 1785 1014; baseline 0 -19"><span class='ocrx_word' id='word_1_25' title='bbox 231 945 306 996; x_wconf 89' lang='lat' dir='ltr'>sum</span> <span class='ocrx_word' id='word_1_26' title='bbox 334 929 370 994; x_wconf 89' lang='lat' dir='ltr'>et</span> <span class='ocrx_word' id='word_1_27' title='bbox 396 923 562 995; x_wconf 84' lang='lat' dir='ltr'><strong>decimam</strong></span> <span class='ocrx_word' id='word_1_28' title='bbox 590 923 840 1014; x_wconf 80' lang='lat' dir='ltr'>manipularem</span> <span class='ocrx_word' id='word_1_29' title='bbox 868 922 911 993; x_wconf 93' lang='lat' dir='ltr'>de</span> <span class='ocrx_word' id='word_1_30' title='bbox 937 923 1057 993; x_wconf 87' lang='lat' dir='ltr'>valore</span> <span class='ocrx_word' id='word_1_31' title='bbox 1084 943 1145 994; x_wconf 85' lang='lat' dir='ltr'>sex</span> <span class='ocrx_word' id='word_1_32' title='bbox 1171 941 1379 1012; x_wconf 89' lang='lat' dir='ltr'>marcarum,</span> <span class='ocrx_word' id='word_1_33' title='bbox 1406 923 1492 993; x_wconf 88' lang='lat' dir='ltr'>item</span> <span class='ocrx_word' id='word_1_34' title='bbox 1517 923 1684 994; x_wconf 84' lang='lat' dir='ltr'>tabernae</span> <span class='ocrx_word' id='word_1_35' title='bbox 1709 942 1785 995; x_wconf 84' lang='lat' dir='ltr'>nou</span> 
     </span>
     <span class='ocr_line' id='line_1_5' title="bbox 231 1042 1785 1134; baseline -0.001 -17"><span class='ocrx_word' id='word_1_36' title='bbox 231 1050 322 1130; x_wconf 84' lang='lat' dir='ltr'>sunt,</span> <span class='ocrx_word' id='word_1_37' title='bbox 349 1045 433 1115; x_wconf 90' lang='lat' dir='ltr'>item</span> <span class='ocrx_word' id='word_1_38' title='bbox 461 1044 681 1117; x_wconf 91' lang='lat' dir='ltr'>hortulaniae</span> <span class='ocrx_word' id='word_1_39' title='bbox 708 1064 777 1114; x_wconf 94' lang='lat' dir='ltr'>non</span> <span class='ocrx_word' id='word_1_40' title='bbox 804 1048 894 1131; x_wconf 89' lang='lat' dir='ltr'>sunt;</span> <span class='ocrx_word' id='word_1_41' title='bbox 921 1043 1005 1114; x_wconf 87' lang='lat' dir='ltr'>item</span> <span class='ocrx_word' id='word_1_42' title='bbox 1031 1042 1212 1133; x_wconf 82' lang='lat' dir='ltr'>praedium</span> <span class='ocrx_word' id='word_1_43' title='bbox 1244 1043 1292 1114; x_wconf 90' lang='lat' dir='ltr'>ibi</span> <span class='ocrx_word' id='word_1_44' title='bbox 1318 1043 1457 1114; x_wconf 90' lang='lat' dir='ltr'>unicum</span> <span class='ocrx_word' id='word_1_45' title='bbox 1483 1043 1654 1133; x_wconf 82' lang='lat' dir='ltr'>militare,</span> <span class='ocrx_word' id='word_1_46' title='bbox 1689 1042 1785 1134; x_wconf 89' lang='lat' dir='ltr'>quod</span> 
     </span>
     <span class='ocr_line' id='line_1_6' title="bbox 234 1162 1436 1255; baseline -0.003 -18"><span class='ocrx_word' id='word_1_47' title='bbox 234 1163 401 1237; x_wconf 84' lang='lat' dir='ltr'>decimam</span> <span class='ocrx_word' id='word_1_48' title='bbox 428 1165 679 1254; x_wconf 86' lang='lat' dir='ltr'>manipularem</span> <span class='ocrx_word' id='word_1_49' title='bbox 705 1164 809 1236; x_wconf 89' lang='lat' dir='ltr'>solvit</span> <span class='ocrx_word' id='word_1_50' title='bbox 835 1164 1086 1255; x_wconf 88' lang='lat' dir='ltr'>praebendario</span> <span class='ocrx_word' id='word_1_51' title='bbox 1114 1164 1150 1234; x_wconf 91' lang='lat' dir='ltr'>in</span> <span class='ocrx_word' id='word_1_52' title='bbox 1176 1162 1436 1236; x_wconf 89' lang='lat' dir='ltr'>Mokrzsko.</span> 
     </span>
    </p>

    <p class='ocr_par' dir='ltr' id='par_1_3' title="bbox 144 1283 1852 2226">
     <span class='ocr_line' id='line_1_7' title="bbox 336 1283 1784 1376; baseline 0 -19"><span class='ocrx_word' id='word_1_53' title='bbox 336 1285 530 1357; x_wconf 70' lang='lat' dir='ltr'>donnana</span> <span class='ocrx_word' id='word_1_54' title='bbox 556 1284 706 1375; x_wconf 79' lang='lat' dir='ltr'>Maron,</span> <span class='ocrx_word' id='word_1_55' title='bbox 741 1284 825 1356; x_wconf 88' lang='lat' dir='ltr'>villa</span> <span class='ocrx_word' id='word_1_56' title='bbox 852 1286 915 1357; x_wconf 91' lang='lat' dir='ltr'>sub</span> <span class='ocrx_word' id='word_1_57' title='bbox 942 1285 1109 1376; x_wconf 89' lang='lat' dir='ltr'>parochia</span> <span class='ocrx_word' id='word_1_58' title='bbox 1136 1284 1179 1356; x_wconf 92' lang='lat' dir='ltr'>de</span> <span class='ocrx_word' id='word_1_59' title='bbox 1215 1283 1585 1356; x_wconf 82' lang='lat' dir='ltr'>Strzeszowicze</span> <span class='ocrx_word' id='word_1_60' title='bbox 1620 1285 1709 1375; x_wconf 86' lang='lat' dir='ltr'>sita,</span> <span class='ocrx_word' id='word_1_61' title='bbox 1744 1285 1784 1357; x_wconf 90' lang='lat' dir='ltr'>in</span> 
     </span>
     <span class='ocr_line' id='line_1_8' title="bbox 233 1404 1783 1497; baseline -0.001 -19"><span class='ocrx_word' id='word_1_62' title='bbox 233 1427 301 1497; x_wconf 91' lang='lat' dir='ltr'>qua</span> <span class='ocrx_word' id='word_1_63' title='bbox 328 1412 410 1478; x_wconf 90' lang='lat' dir='ltr'>sunt</span> <span class='ocrx_word' id='word_1_64' title='bbox 437 1406 618 1477; x_wconf 89' lang='lat' dir='ltr'>duodecim</span> <span class='ocrx_word' id='word_1_65' title='bbox 644 1406 735 1477; x_wconf 89' lang='lat' dir='ltr'>lanei</span> <span class='ocrx_word' id='word_1_66' title='bbox 762 1405 996 1477; x_wconf 89' lang='lat' dir='ltr'>cmethonales</span> <span class='ocrx_word' id='word_1_67' title='bbox 1024 1413 1060 1477; x_wconf 91' lang='lat' dir='ltr'>et</span> <span class='ocrx_word' id='word_1_68' title='bbox 1086 1405 1175 1476; x_wconf 85' lang='lat' dir='ltr'>duae</span> <span class='ocrx_word' id='word_1_69' title='bbox 1201 1406 1368 1476; x_wconf 89' lang='lat' dir='ltr'>tabernae</span> <span class='ocrx_word' id='word_1_70' title='bbox 1395 1404 1564 1477; x_wconf 87' lang='lat' dir='ltr'>habentes</span> <span class='ocrx_word' id='word_1_71' title='bbox 1591 1414 1710 1496; x_wconf 82' lang='lat' dir='ltr'>agros&#39;,</span> <span class='ocrx_word' id='word_1_72' title='bbox 1736 1405 1783 1477; x_wconf 90' lang='lat' dir='ltr'>de</span> 
     </span>
     <span class='ocr_line' id='line_1_9' title="bbox 232 1514 1784 1618; baseline 0.001 -20"><span class='ocrx_word' id='word_1_73' title='bbox 232 1529 356 1618; x_wconf 90' lang='lat' dir='ltr'>quihus</span> <span class='ocrx_word' id='word_1_74' title='bbox 385 1527 544 1600; x_wconf 91' lang='lat' dir='ltr'>omnihus</span> <span class='ocrx_word' id='word_1_75' title='bbox 571 1527 676 1598; x_wconf 91' lang='lat' dir='ltr'>datur</span> <span class='ocrx_word' id='word_1_76' title='bbox 702 1526 835 1598; x_wconf 89' lang='lat' dir='ltr'>decima</span> <span class='ocrx_word' id='word_1_77' title='bbox 861 1527 1085 1617; x_wconf 87' lang='lat' dir='ltr'>manipularis</span> <span class='ocrx_word' id='word_1_78' title='bbox 1112 1532 1148 1598; x_wconf 93' lang='lat' dir='ltr'>et</span> <span class='ocrx_word' id='word_1_79' title='bbox 1174 1547 1238 1616; x_wconf 91' lang='lat' dir='ltr'>per</span> <span class='ocrx_word' id='word_1_80' title='bbox 1265 1532 1413 1617; x_wconf 88' lang='lat' dir='ltr'>quatuor</span> <span class='ocrx_word' id='word_1_81' title='bbox 1440 1527 1582 1618; x_wconf 82' lang='lat' dir='ltr'>ierugas</span> <span class='ocrx_word' id='word_1_82' title='bbox 1606 1514 1784 1618; x_wconf 75' lang='lat' dir='ltr'>campalis</span> 
     </span>
     <span class='ocr_line' id='line_1_10' title="bbox 232 1629 1784 1738; baseline 0.001 -19"><span class='ocrx_word' id='word_1_83' title='bbox 232 1649 530 1722; x_wconf 90' lang='lat' dir='ltr'>archidiaconatui</span> <span class='ocrx_word' id='word_1_84' title='bbox 566 1648 855 1738; x_wconf 87' lang='lat' dir='ltr'>Sandomiriensi,</span> <span class='ocrx_word' id='word_1_85' title='bbox 892 1654 929 1719; x_wconf 89' lang='lat' dir='ltr'>et</span> <span class='ocrx_word' id='word_1_86' title='bbox 955 1647 1085 1720; x_wconf 89' lang='lat' dir='ltr'>ducunt</span> <span class='ocrx_word' id='word_1_87' title='bbox 1103 1629 1196 1718; x_wconf 81' lang='lat' dir='ltr'>¹eam</span> <span class='ocrx_word' id='word_1_88' title='bbox 1232 1647 1429 1719; x_wconf 87' lang='lat' dir='ltr'>cmethones</span> <span class='ocrx_word' id='word_1_89' title='bbox 1465 1648 1502 1719; x_wconf 92' lang='lat' dir='ltr'>in</span> <span class='ocrx_word' id='word_1_90' title='bbox 1536 1647 1702 1721; x_wconf 85' lang='lat' dir='ltr'>horreum</span> <span class='ocrx_word' id='word_1_91' title='bbox 1737 1648 1784 1721; x_wconf 85' lang='lat' dir='ltr'>ab</span> 
     </span>
     <span class='ocr_line' id='line_1_11' title="bbox 232 1768 1784 1871; baseline 0.002 -31"><span class='ocrx_word' id='word_1_92' title='bbox 232 1771 475 1842; x_wconf 90' lang='lat' dir='ltr'>archidiacono</span> <span class='ocrx_word' id='word_1_93' title='bbox 511 1770 695 1842; x_wconf 91' lang='lat' dir='ltr'>locandum</span> <span class='ocrx_word' id='word_1_94' title='bbox 728 1775 764 1842; x_wconf 92' lang='lat' dir='ltr'>et</span> <span class='ocrx_word' id='word_1_95' title='bbox 795 1769 894 1841; x_wconf 90' lang='lat' dir='ltr'>valor</span> <span class='ocrx_word' id='word_1_96' title='bbox 928 1769 1081 1871; x_wconf 88' lang='lat' dir='ltr'>decimae</span> <span class='ocrx_word' id='word_1_97' title='bbox 1117 1769 1321 1841; x_wconf 88' lang='lat' dir='ltr'>aestimatur</span> <span class='ocrx_word' id='word_1_98' title='bbox 1357 1769 1402 1839; x_wconf 92' lang='lat' dir='ltr'>ad</span> <span class='ocrx_word' id='word_1_99' title='bbox 1436 1768 1605 1841; x_wconf 83' lang='lat' dir='ltr'>tredecim</span> <span class='ocrx_word' id='word_1_100' title='bbox 1638 1788 1784 1843; x_wconf 79' lang='lat' dir='ltr'>marcas</span> 
     </span>
     <span class='ocr_line' id='line_1_12' title="bbox 144 1889 1785 1983; baseline -0.001 -19"><span class='ocrx_word' id='word_1_101' title='bbox 144 1912 147 1921; x_wconf 89' lang='lat'>·</span> <span class='ocrx_word' id='word_1_102' title='bbox 192 1918 200 1927; x_wconf 91' lang='lat'><strong>·</strong></span> <span class='ocrx_word' id='word_1_103' title='bbox 232 1892 322 1965; x_wconf 87' lang='lat' dir='ltr'>Item</span> <span class='ocrx_word' id='word_1_104' title='bbox 357 1892 578 1964; x_wconf 88' lang='lat' dir='ltr'>hortulaniae</span> <span class='ocrx_word' id='word_1_105' title='bbox 614 1911 684 1962; x_wconf 92' lang='lat' dir='ltr'>non</span> <span class='ocrx_word' id='word_1_106' title='bbox 711 1897 811 1981; x_wconf 87' lang='lat' dir='ltr'>sunt,</span> <span class='ocrx_word' id='word_1_107' title='bbox 847 1891 929 1961; x_wconf 89' lang='lat' dir='ltr'>item</span> <span class='ocrx_word' id='word_1_108' title='bbox 956 1912 1062 1962; x_wconf 91' lang='lat' dir='ltr'>unum</span> <span class='ocrx_word' id='word_1_109' title='bbox 1088 1890 1269 1981; x_wconf 88' lang='lat' dir='ltr'>praedium</span> <span class='ocrx_word' id='word_1_110' title='bbox 1296 1891 1332 1960; x_wconf 94' lang='lat' dir='ltr'>in</span> <span class='ocrx_word' id='word_1_111' title='bbox 1359 1890 1479 1962; x_wconf 90' lang='lat' dir='ltr'>eadem</span> <span class='ocrx_word' id='word_1_112' title='bbox 1505 1889 1589 1983; x_wconf 81' lang='lat' dir='ltr'>villa</span> <span class='ocrx_word' id='word_1_113' title='bbox 1613 1890 1785 1981; x_wconf 86' lang='lat' dir='ltr'>militare,</span> 
     </span>
     <span class='ocr_line' id='line_1_13' title="bbox 233 2010 1785 2104; baseline -0.001 -19"><span class='ocrx_word' id='word_1_114' title='bbox 233 2014 277 2085; x_wconf 94' lang='lat' dir='ltr'>de</span> <span class='ocrx_word' id='word_1_115' title='bbox 304 2034 371 2104; x_wconf 92' lang='lat' dir='ltr'>quo</span> <span class='ocrx_word' id='word_1_116' title='bbox 399 2013 503 2085; x_wconf 89' lang='lat' dir='ltr'>datur</span> <span class='ocrx_word' id='word_1_117' title='bbox 531 2012 663 2084; x_wconf 89' lang='lat' dir='ltr'>decima</span> <span class='ocrx_word' id='word_1_118' title='bbox 680 2011 907 2103; x_wconf 88' lang='lat' dir='ltr'>manipularis</span> <span class='ocrx_word' id='word_1_119' title='bbox 931 2011 1095 2083; x_wconf 89' lang='lat' dir='ltr'>ecclesiae</span> <span class='ocrx_word' id='word_1_120' title='bbox 1121 2012 1158 2081; x_wconf 90' lang='lat' dir='ltr'>in</span> <span class='ocrx_word' id='word_1_121' title='bbox 1185 2010 1576 2102; x_wconf 76' lang='lat' dir='ltr'>Strzeszowicze,</span> <span class='ocrx_word' id='word_1_122' title='bbox 1598 2012 1681 2083; x_wconf 88' lang='lat' dir='ltr'>item</span> <span class='ocrx_word' id='word_1_123' title='bbox 1698 2011 1785 2083; x_wconf 88' lang='lat' dir='ltr'>hae·</span> 
     </span>
     <span class='ocr_line' id='line_1_14' title="bbox 232 2130 1852 2226; baseline -0.003 -19"><span class='ocrx_word' id='word_1_124' title='bbox 232 2134 334 2207; x_wconf 88' lang='lat' dir='ltr'>redes</span> <span class='ocrx_word' id='word_1_125' title='bbox 361 2134 539 2226; x_wconf 85' lang='lat' dir='ltr'>praefatae</span> <span class='ocrx_word' id='word_1_126' title='bbox 566 2134 670 2205; x_wconf 84' lang='lat' dir='ltr'>villae</span> <span class='ocrx_word' id='word_1_127' title='bbox 697 2132 970 2207; x_wconf 85' lang='lat' dir='ltr'>Stanislaus</span> <span class='ocrx_word' id='word_1_128' title='bbox 997 2138 1034 2205; x_wconf 91' lang='lat' dir='ltr'>et</span> <span class='ocrx_word' id='word_1_129' title='bbox 1059 2132 1262 2204; x_wconf 88' lang='lat' dir='ltr'>Jacobus</span> <span class='ocrx_word' id='word_1_130' title='bbox 1288 2131 1332 2203; x_wconf 93' lang='lat' dir='ltr'>de</span> <span class='ocrx_word' id='word_1_131' title='bbox 1358 2133 1465 2203; x_wconf 89' lang='lat' dir='ltr'>armis</span> <span class='ocrx_word' id='word_1_132' title='bbox 1491 2130 1680 2225; x_wconf 88' lang='lat' dir='ltr'>Ostoya.</span> <span class='ocrx_word' id='word_1_133' title='bbox 1849 2221 1852 2225; x_wconf 8' lang='grc' dir='ltr'><em>ι</em></span> 
     </span>
    </p>

    <p class='ocr_par' dir='ltr' id='par_1_4' title="bbox 182 2252 1789 3195">
     <span class='ocr_line' id='line_1_15' title="bbox 338 2252 1785 2345; baseline -0.001 -18"><span class='ocrx_word' id='word_1_134' title='bbox 338 2255 531 2328; x_wconf 55' lang='lat' dir='ltr'>&amp;smnus</span> <span class='ocrx_word' id='word_1_135' title='bbox 558 2255 705 2345; x_wconf 82' lang='lat' dir='ltr'>Mmon‚</span> <span class='ocrx_word' id='word_1_136' title='bbox 740 2255 824 2325; x_wconf 83' lang='lat' dir='ltr'>villa</span> <span class='ocrx_word' id='word_1_137' title='bbox 851 2255 915 2326; x_wconf 91' lang='lat' dir='ltr'>sub</span> <span class='ocrx_word' id='word_1_138' title='bbox 942 2254 1109 2345; x_wconf 89' lang='lat' dir='ltr'>parochia</span> <span class='ocrx_word' id='word_1_139' title='bbox 1135 2253 1301 2325; x_wconf 90' lang='lat' dir='ltr'>ecclesiae</span> <span class='ocrx_word' id='word_1_140' title='bbox 1336 2253 1380 2324; x_wconf 91' lang='lat' dir='ltr'>de</span> <span class='ocrx_word' id='word_1_141' title='bbox 1415 2252 1785 2327; x_wconf 80' lang='lat' dir='ltr'>Strzeszowicze</span> 
     </span>
     <span class='ocr_line' id='line_1_16' title="bbox 236 2374 1785 2468; baseline -0.002 -18"><span class='ocrx_word' id='word_1_142' title='bbox 236 2380 315 2468; x_wconf 89' lang='lat' dir='ltr'>sita,</span> <span class='ocrx_word' id='word_1_143' title='bbox 342 2377 439 2449; x_wconf 92' lang='lat' dir='ltr'>cuius</span> <span class='ocrx_word' id='word_1_144' title='bbox 465 2376 634 2448; x_wconf 90' lang='lat' dir='ltr'>haeredes</span> <span class='ocrx_word' id='word_1_145' title='bbox 661 2374 873 2447; x_wconf 79' lang='lat' dir='ltr'>Clemens</span> <span class='ocrx_word' id='word_1_146' title='bbox 900 2380 936 2447; x_wconf 91' lang='lat' dir='ltr'>et</span> <span class='ocrx_word' id='word_1_147' title='bbox 961 2374 1226 2447; x_wconf 88' lang='lat' dir='ltr'>Vilhelmus</span> <span class='ocrx_word' id='word_1_148' title='bbox 1254 2374 1297 2445; x_wconf 92' lang='lat' dir='ltr'>de</span> <span class='ocrx_word' id='word_1_149' title='bbox 1324 2374 1579 2464; x_wconf 88' lang='lat' dir='ltr'>Brzeszko‚</span> <span class='ocrx_word' id='word_1_150' title='bbox 1606 2374 1649 2447; x_wconf 92' lang='lat' dir='ltr'>de</span> <span class='ocrx_word' id='word_1_151' title='bbox 1676 2374 1785 2447; x_wconf 87' lang='lat' dir='ltr'>armis</span> 
     </span>
     <span class='ocr_line' id='line_1_17' title="bbox 233 2495 1788 2594; baseline -0.002 -22"><span class='ocrx_word' id='word_1_152' title='bbox 233 2497 344 2589; x_wconf 80' lang='lat' dir='ltr'>Ora,</span> <span class='ocrx_word' id='word_1_153' title='bbox 376 2499 412 2568; x_wconf 91' lang='lat' dir='ltr'>in</span> <span class='ocrx_word' id='word_1_154' title='bbox 440 2519 509 2589; x_wconf 87' lang='lat' dir='ltr'>qua</span> <span class='ocrx_word' id='word_1_155' title='bbox 535 2503 616 2570; x_wconf 91' lang='lat' dir='ltr'>sunt</span> <span class='ocrx_word' id='word_1_156' title='bbox 643 2497 794 2594; x_wconf 90' lang='lat' dir='ltr'>quinque</span> <span class='ocrx_word' id='word_1_157' title='bbox 819 2497 912 2568; x_wconf 91' lang='lat' dir='ltr'>lanei</span> <span class='ocrx_word' id='word_1_158' title='bbox 939 2496 1192 2586; x_wconf 88' lang='lat' dir='ltr'>cmethonales,</span> <span class='ocrx_word' id='word_1_159' title='bbox 1228 2496 1271 2568; x_wconf 91' lang='lat' dir='ltr'>de</span> <span class='ocrx_word' id='word_1_160' title='bbox 1299 2495 1424 2587; x_wconf 89' lang='lat' dir='ltr'>quibus</span> <span class='ocrx_word' id='word_1_161' title='bbox 1452 2497 1610 2569; x_wconf 89' lang='lat' dir='ltr'>omnibus</span> <span class='ocrx_word' id='word_1_162' title='bbox 1637 2496 1788 2580; x_wconf 82' lang='lat' dir='ltr'>solvitur</span> 
     </span>
     <span class='ocr_line' id='line_1_18' title="bbox 234 2616 1787 2710; baseline -0.001 -18"><span class='ocrx_word' id='word_1_163' title='bbox 234 2620 459 2710; x_wconf 87' lang='lat' dir='ltr'>manipularis</span> <span class='ocrx_word' id='word_1_164' title='bbox 495 2618 628 2690; x_wconf 89' lang='lat' dir='ltr'>decima</span> <span class='ocrx_word' id='word_1_165' title='bbox 654 2624 690 2690; x_wconf 90' lang='lat' dir='ltr'>et</span> <span class='ocrx_word' id='word_1_166' title='bbox 716 2618 889 2709; x_wconf 90' lang='lat' dir='ltr'>canapalis</span> <span class='ocrx_word' id='word_1_167' title='bbox 916 2638 980 2708; x_wconf 92' lang='lat' dir='ltr'>per</span> <span class='ocrx_word' id='word_1_168' title='bbox 1007 2623 1156 2709; x_wconf 92' lang='lat' dir='ltr'>quatuor</span> <span class='ocrx_word' id='word_1_169' title='bbox 1181 2618 1339 2707; x_wconf 83' lang='lat' dir='ltr'>ierugas,</span> <span class='ocrx_word' id='word_1_170' title='bbox 1371 2622 1407 2688; x_wconf 91' lang='lat' dir='ltr'>et</span> <span class='ocrx_word' id='word_1_171' title='bbox 1433 2616 1564 2690; x_wconf 89' lang='lat' dir='ltr'>ducunt</span> <span class='ocrx_word' id='word_1_172' title='bbox 1590 2636 1667 2690; x_wconf 87' lang='lat' dir='ltr'>eam</span> <span class='ocrx_word' id='word_1_173' title='bbox 1693 2637 1787 2690; x_wconf 88' lang='lat' dir='ltr'>cme-</span> 
     </span>
     <span class='ocr_line' id='line_1_19' title="bbox 234 2738 1787 2828; baseline -0.002 -14"><span class='ocrx_word' id='word_1_174' title='bbox 234 2742 359 2814; x_wconf 88' lang='lat' dir='ltr'>thones</span> <span class='ocrx_word' id='word_1_175' title='bbox 386 2742 423 2811; x_wconf 94' lang='lat' dir='ltr'>in</span> <span class='ocrx_word' id='word_1_176' title='bbox 445 2740 609 2811; x_wconf 90' lang='lat' dir='ltr'>horreum</span> <span class='ocrx_word' id='word_1_177' title='bbox 636 2740 679 2811; x_wconf 88' lang='lat' dir='ltr'>ab</span> <span class='ocrx_word' id='word_1_178' title='bbox 706 2739 949 2812; x_wconf 91' lang='lat' dir='ltr'>archidiacono</span> <span class='ocrx_word' id='word_1_179' title='bbox 976 2739 1168 2828; x_wconf 88' lang='lat' dir='ltr'>locandum,</span> <span class='ocrx_word' id='word_1_180' title='bbox 1196 2739 1294 2811; x_wconf 89' lang='lat' dir='ltr'>cuius</span> <span class='ocrx_word' id='word_1_181' title='bbox 1312 2739 1410 2812; x_wconf 80' lang='lat' dir='ltr'>valor</span> <span class='ocrx_word' id='word_1_182' title='bbox 1436 2738 1642 2811; x_wconf 89' lang='lat' dir='ltr'>aestimatur</span> <span class='ocrx_word' id='word_1_183' title='bbox 1659 2738 1705 2811; x_wconf 91' lang='lat' dir='ltr'>ad</span> <span class='ocrx_word' id='word_1_184' title='bbox 1722 2758 1787 2811; x_wconf 85' lang='lat' dir='ltr'>sex</span> 
     </span>
     <span class='ocr_line' id='line_1_20' title="bbox 235 2858 1788 2950; baseline -0.003 -15"><span class='ocrx_word' id='word_1_185' title='bbox 235 2881 379 2935; x_wconf 91' lang='lat' dir='ltr'>marcas.</span> <span class='ocrx_word' id='word_1_186' title='bbox 407 2860 495 2932; x_wconf 85' lang='lat' dir='ltr'>Item</span> <span class='ocrx_word' id='word_1_187' title='bbox 521 2861 688 2933; x_wconf 88' lang='lat' dir='ltr'>tabernae</span> <span class='ocrx_word' id='word_1_188' title='bbox 715 2880 786 2932; x_wconf 92' lang='lat' dir='ltr'>non</span> <span class='ocrx_word' id='word_1_189' title='bbox 812 2865 894 2932; x_wconf 90' lang='lat' dir='ltr'>sunt</span> <span class='ocrx_word' id='word_1_190' title='bbox 919 2860 956 2931; x_wconf 92' lang='lat' dir='ltr'>in</span> <span class='ocrx_word' id='word_1_191' title='bbox 975 2860 1094 2931; x_wconf 92' lang='lat' dir='ltr'>eadem</span> <span class='ocrx_word' id='word_1_192' title='bbox 1121 2858 1213 2950; x_wconf 88' lang='lat' dir='ltr'>villa,</span> <span class='ocrx_word' id='word_1_193' title='bbox 1240 2860 1325 2932; x_wconf 91' lang='lat' dir='ltr'>item</span> <span class='ocrx_word' id='word_1_194' title='bbox 1351 2859 1571 2931; x_wconf 88' lang='lat' dir='ltr'>hortulaniae</span> <span class='ocrx_word' id='word_1_195' title='bbox 1597 2879 1667 2930; x_wconf 91' lang='lat' dir='ltr'>non</span> <span class='ocrx_word' id='word_1_196' title='bbox 1693 2864 1788 2950; x_wconf 88' lang='lat' dir='ltr'>sunt,</span> 
     </span>
     <span class='ocr_line' id='line_1_21' title="bbox 235 2978 1789 3072; baseline -0.001 -19"><span class='ocrx_word' id='word_1_197' title='bbox 235 2982 321 3054; x_wconf 86' lang='lat' dir='ltr'>item</span> <span class='ocrx_word' id='word_1_198' title='bbox 347 2981 415 3054; x_wconf 93' lang='lat' dir='ltr'>duo</span> <span class='ocrx_word' id='word_1_199' title='bbox 442 2980 586 3072; x_wconf 88' lang='lat' dir='ltr'>praedia</span> <span class='ocrx_word' id='word_1_200' title='bbox 621 2981 788 3054; x_wconf 83' lang='lat' dir='ltr'>militaria</span> <span class='ocrx_word' id='word_1_201' title='bbox 813 2980 851 3051; x_wconf 93' lang='lat' dir='ltr'>in</span> <span class='ocrx_word' id='word_1_202' title='bbox 877 2979 997 3052; x_wconf 88' lang='lat' dir='ltr'>eadem</span> <span class='ocrx_word' id='word_1_203' title='bbox 1024 2979 1123 3071; x_wconf 88' lang='lat' dir='ltr'>villa,</span> <span class='ocrx_word' id='word_1_204' title='bbox 1160 2979 1203 3050; x_wconf 93' lang='lat' dir='ltr'>de</span> <span class='ocrx_word' id='word_1_205' title='bbox 1231 2979 1355 3070; x_wconf 90' lang='lat' dir='ltr'>quibus</span> <span class='ocrx_word' id='word_1_206' title='bbox 1382 2978 1487 3052; x_wconf 92' lang='lat' dir='ltr'>datur</span> <span class='ocrx_word' id='word_1_207' title='bbox 1518 2980 1651 3052; x_wconf 89' lang='lat' dir='ltr'>decima</span> <span class='ocrx_word' id='word_1_208' title='bbox 1676 2978 1789 3053; x_wconf 91' lang='lat' dir='ltr'>maui-</span> 
     </span>
     <span class='ocr_line' id='line_1_22' title="bbox 182 3100 861 3195; baseline -0.006 -20"><span class='ocrx_word' id='word_1_209' title='bbox 182 3146 189 3153; x_wconf 92' lang='lat'>-</span> <span class='ocrx_word' id='word_1_210' title='bbox 235 3103 367 3195; x_wconf 83' lang='lat' dir='ltr'>pulcris</span> <span class='ocrx_word' id='word_1_211' title='bbox 395 3102 559 3174; x_wconf 89' lang='lat' dir='ltr'>ecclesiae</span> <span class='ocrx_word' id='word_1_212' title='bbox 586 3102 623 3173; x_wconf 94' lang='lat' dir='ltr'>in</span> <span class='ocrx_word' id='word_1_213' title='bbox 651 3100 861 3174; x_wconf 85' lang='lat' dir='ltr'>Ghotcza.</span> 
     </span>
    </p>

    <p class='ocr_par' dir='ltr' id='par_1_5' title="bbox 234 3220 1813 4305">
     <span class='ocr_line' id='line_1_23' title="bbox 339 3220 1785 3314; baseline 0.001 -20"><span class='ocrx_word' id='word_1_214' title='bbox 339 3224 513 3314; x_wconf 67' lang='lat' dir='ltr'>Borion,</span> <span class='ocrx_word' id='word_1_215' title='bbox 541 3223 624 3295; x_wconf 83' lang='lat' dir='ltr'>villa</span> <span class='ocrx_word' id='word_1_216' title='bbox 650 3222 899 3313; x_wconf 87' lang='lat' dir='ltr'>subparochia</span> <span class='ocrx_word' id='word_1_217' title='bbox 925 3221 1091 3294; x_wconf 88' lang='lat' dir='ltr'>ecclesiae</span> <span class='ocrx_word' id='word_1_218' title='bbox 1118 3222 1153 3294; x_wconf 93' lang='lat' dir='ltr'>in</span> <span class='ocrx_word' id='word_1_219' title='bbox 1180 3220 1369 3294; x_wconf 87' lang='lat' dir='ltr'>Midlow</span> <span class='ocrx_word' id='word_1_220' title='bbox 1396 3221 1473 3312; x_wconf 80' lang='lat' dir='ltr'>sita,</span> <span class='ocrx_word' id='word_1_221' title='bbox 1501 3221 1597 3294; x_wconf 91' lang='lat' dir='ltr'>cuius</span> <span class='ocrx_word' id='word_1_222' title='bbox 1615 3220 1785 3295; x_wconf 88' lang='lat' dir='ltr'>haeredes</span> 
     </span>
     <span class='ocr_line' id='line_1_24' title="bbox 234 3341 1787 3436; baseline -0.003 -16"><span class='ocrx_word' id='word_1_223' title='bbox 234 3345 413 3420; x_wconf 80' lang='lat' dir='ltr'>lohannes</span> <span class='ocrx_word' id='word_1_224' title='bbox 438 3345 668 3436; x_wconf 88' lang='lat' dir='ltr'>Kutarda,</span> <span class='ocrx_word' id='word_1_225' title='bbox 695 3345 738 3416; x_wconf 94' lang='lat' dir='ltr'>de</span> <span class='ocrx_word' id='word_1_226' title='bbox 757 3345 863 3416; x_wconf 90' lang='lat' dir='ltr'>armis</span> <span class='ocrx_word' id='word_1_227' title='bbox 882 3397 1151 3434; x_wconf 85' lang='lat'><strong>...........</strong></span> <span class='ocrx_word' id='word_1_228' title='bbox 1178 3342 1356 3415; x_wconf 84' lang='lat' dir='ltr'>lohannes</span> <span class='ocrx_word' id='word_1_229' title='bbox 1390 3341 1713 3434; x_wconf 87' lang='lat' dir='ltr'>Klymiontek‚</span> <span class='ocrx_word' id='word_1_230' title='bbox 1740 3342 1787 3415; x_wconf 92' lang='lat' dir='ltr'>de</span> 
     </span>
     <span class='ocr_line' id='line_1_25' title="bbox 234 3464 1789 3558; baseline -0.002 -18"><span class='ocrx_word' id='word_1_231' title='bbox 234 3469 341 3541; x_wconf 89' lang='lat' dir='ltr'>armis</span> <span class='ocrx_word' id='word_1_232' title='bbox 359 3521 554 3558; x_wconf 89' lang='grc'><strong>........</strong></span> <span class='ocrx_word' id='word_1_233' title='bbox 581 3466 775 3539; x_wconf 87' lang='lat' dir='ltr'>Stanislaus</span> <span class='ocrx_word' id='word_1_234' title='bbox 802 3465 830 3536; x_wconf 95' lang='lat' dir='ltr'>Z</span> <span class='ocrx_word' id='word_1_235' title='bbox 839 3465 1118 3558; x_wconf 87' lang='lat' dir='ltr'>yebroniek,</span> <span class='ocrx_word' id='word_1_236' title='bbox 1146 3464 1188 3537; x_wconf 92' lang='lat' dir='ltr'>de</span> <span class='ocrx_word' id='word_1_237' title='bbox 1216 3464 1321 3536; x_wconf 87' lang='lat' dir='ltr'>armis</span> <span class='ocrx_word' id='word_1_238' title='bbox 1341 3517 1535 3554; x_wconf 89' lang='grc'><strong>........</strong></span> <span class='ocrx_word' id='word_1_239' title='bbox 1562 3464 1599 3535; x_wconf 89' lang='lat' dir='ltr'>in</span> <span class='ocrx_word' id='word_1_240' title='bbox 1617 3482 1688 3556; x_wconf 87' lang='lat' dir='ltr'>qua</span> <span class='ocrx_word' id='word_1_241' title='bbox 1704 3471 1789 3538; x_wconf 86' lang='lat' dir='ltr'>sunt</span> 
     </span>
     <span class='ocr_line' id='line_1_26' title="bbox 234 3584 1789 3676; baseline -0.002 -16"><span class='ocrx_word' id='word_1_242' title='bbox 234 3596 307 3662; x_wconf 90' lang='lat' dir='ltr'>tres</span> <span class='ocrx_word' id='word_1_243' title='bbox 333 3589 426 3663; x_wconf 87' lang='lat' dir='ltr'>lanei</span> <span class='ocrx_word' id='word_1_244' title='bbox 452 3588 685 3662; x_wconf 88' lang='lat' dir='ltr'>cmethonales</span> <span class='ocrx_word' id='word_1_245' title='bbox 712 3592 747 3659; x_wconf 85' lang='lat' dir='ltr'>et</span> <span class='ocrx_word' id='word_1_246' title='bbox 773 3593 845 3658; x_wconf 89' lang='lat' dir='ltr'>tres</span> <span class='ocrx_word' id='word_1_247' title='bbox 871 3586 1091 3659; x_wconf 90' lang='lat' dir='ltr'>hortulaniae</span> <span class='ocrx_word' id='word_1_248' title='bbox 1118 3586 1287 3658; x_wconf 87' lang='lat' dir='ltr'>habentes</span> <span class='ocrx_word' id='word_1_249' title='bbox 1314 3605 1436 3676; x_wconf 83' lang='lat' dir='ltr'>agros,</span> <span class='ocrx_word' id='word_1_250' title='bbox 1463 3585 1507 3659; x_wconf 91' lang='lat' dir='ltr'>de</span> <span class='ocrx_word' id='word_1_251' title='bbox 1536 3585 1661 3676; x_wconf 90' lang='lat' dir='ltr'>quibus</span> <span class='ocrx_word' id='word_1_252' title='bbox 1678 3584 1789 3657; x_wconf 86' lang='lat' dir='ltr'>omui-</span> 
     </span>
     <span class='ocr_line' id='line_1_27' title="bbox 234 3688 1813 3802; baseline -0.003 -18"><span class='ocrx_word' id='word_1_253' title='bbox 234 3713 300 3785; x_wconf 89' lang='lat' dir='ltr'>bus</span> <span class='ocrx_word' id='word_1_254' title='bbox 327 3710 432 3783; x_wconf 90' lang='lat' dir='ltr'>datur</span> <span class='ocrx_word' id='word_1_255' title='bbox 459 3711 593 3782; x_wconf 88' lang='lat' dir='ltr'>decima</span> <span class='ocrx_word' id='word_1_256' title='bbox 618 3708 845 3802; x_wconf 90' lang='lat' dir='ltr'>manipularis</span> <span class='ocrx_word' id='word_1_257' title='bbox 872 3714 909 3780; x_wconf 91' lang='lat' dir='ltr'>et</span> <span class='ocrx_word' id='word_1_258' title='bbox 936 3707 1111 3799; x_wconf 88' lang='lat' dir='ltr'>canapalis</span> <span class='ocrx_word' id='word_1_259' title='bbox 1141 3727 1206 3797; x_wconf 90' lang='lat' dir='ltr'>per</span> <span class='ocrx_word' id='word_1_260' title='bbox 1232 3712 1381 3797; x_wconf 89' lang='lat' dir='ltr'>quatuor</span> <span class='ocrx_word' id='word_1_261' title='bbox 1407 3706 1547 3797; x_wconf 81' lang='lat' dir='ltr'>ierugas</span> <span class='ocrx_word' id='word_1_262' title='bbox 1574 3688 1813 3779; x_wconf 64' lang='lat' dir='ltr'>inuidiam</span> 
     </span>
     <span class='ocr_line' id='line_1_28' title="bbox 234 3826 1787 3922; baseline -0.003 -19"><span class='ocrx_word' id='word_1_263' title='bbox 234 3833 332 3903; x_wconf 91' lang='lat' dir='ltr'>natui</span> <span class='ocrx_word' id='word_1_264' title='bbox 359 3832 642 3922; x_wconf 83' lang='lat' dir='ltr'>Sandomiriensi,</span> <span class='ocrx_word' id='word_1_265' title='bbox 669 3837 706 3903; x_wconf 91' lang='lat' dir='ltr'>et</span> <span class='ocrx_word' id='word_1_266' title='bbox 732 3830 863 3901; x_wconf 87' lang='lat' dir='ltr'>ducunt</span> <span class='ocrx_word' id='word_1_267' title='bbox 888 3849 964 3901; x_wconf 91' lang='lat' dir='ltr'>eam</span> <span class='ocrx_word' id='word_1_268' title='bbox 992 3829 1192 3900; x_wconf 85' lang='lat' dir='ltr'>cmethones</span> <span class='ocrx_word' id='word_1_269' title='bbox 1218 3828 1255 3898; x_wconf 93' lang='lat' dir='ltr'>in</span> <span class='ocrx_word' id='word_1_270' title='bbox 1281 3828 1445 3901; x_wconf 91' lang='lat' dir='ltr'>horreum</span> <span class='ocrx_word' id='word_1_271' title='bbox 1473 3829 1516 3900; x_wconf 90' lang='lat' dir='ltr'>ab</span> <span class='ocrx_word' id='word_1_272' title='bbox 1544 3826 1787 3900; x_wconf 83' lang='lat' dir='ltr'>archidiacono</span> 
     </span>
     <span class='ocr_line' id='line_1_29' title="bbox 234 3949 1788 4053; baseline -0.001 -31"><span class='ocrx_word' id='word_1_273' title='bbox 234 3953 416 4026; x_wconf 91' lang='lat' dir='ltr'>locandum</span> <span class='ocrx_word' id='word_1_274' title='bbox 443 3959 480 4025; x_wconf 87' lang='lat' dir='ltr'>et</span> <span class='ocrx_word' id='word_1_275' title='bbox 506 3954 605 4025; x_wconf 88' lang='lat' dir='ltr'>valor</span> <span class='ocrx_word' id='word_1_276' title='bbox 632 3952 706 4027; x_wconf 88' lang='lat' dir='ltr'>eius</span> <span class='ocrx_word' id='word_1_277' title='bbox 734 3951 938 4023; x_wconf 90' lang='lat' dir='ltr'>aestimatur</span> <span class='ocrx_word' id='word_1_278' title='bbox 965 3950 1011 4021; x_wconf 90' lang='lat' dir='ltr'>ad</span> <span class='ocrx_word' id='word_1_279' title='bbox 1038 3954 1187 4045; x_wconf 90' lang='lat' dir='ltr'>quatuor</span> <span class='ocrx_word' id='word_1_280' title='bbox 1213 3970 1357 4023; x_wconf 90' lang='lat' dir='ltr'>marcas.</span> <span class='ocrx_word' id='word_1_281' title='bbox 1383 3949 1472 4022; x_wconf 85' lang='lat' dir='ltr'>Item</span> <span class='ocrx_word' id='word_1_282' title='bbox 1498 3950 1677 4040; x_wconf 87' lang='lat' dir='ltr'>tabernae,</span> <span class='ocrx_word' id='word_1_283' title='bbox 1702 3949 1788 4053; x_wconf 86' lang='lat' dir='ltr'>item</span> 
     </span>
     <span class='ocr_line' id='line_1_30' title="bbox 238 4069 1789 4164; baseline -0.003 -17"><span class='ocrx_word' id='word_1_284' title='bbox 238 4079 320 4147; x_wconf 91' lang='lat' dir='ltr'>sunt</span> <span class='ocrx_word' id='word_1_285' title='bbox 344 4074 395 4145; x_wconf 90' lang='lat' dir='ltr'>ibi</span> <span class='ocrx_word' id='word_1_286' title='bbox 421 4075 491 4146; x_wconf 90' lang='lat' dir='ltr'>tria</span> <span class='ocrx_word' id='word_1_287' title='bbox 517 4074 661 4164; x_wconf 89' lang='lat' dir='ltr'>praedia</span> <span class='ocrx_word' id='word_1_288' title='bbox 686 4072 862 4162; x_wconf 90' lang='lat' dir='ltr'>militaria,</span> <span class='ocrx_word' id='word_1_289' title='bbox 889 4072 932 4143; x_wconf 94' lang='lat' dir='ltr'>de</span> <span class='ocrx_word' id='word_1_290' title='bbox 960 4072 1084 4163; x_wconf 87' lang='lat' dir='ltr'>quibus</span> <span class='ocrx_word' id='word_1_291' title='bbox 1102 4071 1328 4161; x_wconf 88' lang='lat' dir='ltr'>manipularis</span> <span class='ocrx_word' id='word_1_292' title='bbox 1355 4070 1489 4144; x_wconf 89' lang='lat' dir='ltr'>decima</span> <span class='ocrx_word' id='word_1_293' title='bbox 1515 4071 1663 4144; x_wconf 88' lang='lat' dir='ltr'>solvitur</span> <span class='ocrx_word' id='word_1_294' title='bbox 1680 4069 1789 4145; x_wconf 84' lang='lat' dir='ltr'>eccle-</span> 
     </span>
     <span class='ocr_line' id='line_1_31' title="bbox 237 4193 1038 4305; baseline -0.002 -37"><span class='ocrx_word' id='word_1_295' title='bbox 237 4194 310 4268; x_wconf 87' lang='lat' dir='ltr'>siae</span> <span class='ocrx_word' id='word_1_296' title='bbox 336 4195 527 4285; x_wconf 87' lang='lat' dir='ltr'>parochiali</span> <span class='ocrx_word' id='word_1_297' title='bbox 554 4196 591 4267; x_wconf 93' lang='lat' dir='ltr'>in</span> <span class='ocrx_word' id='word_1_298' title='bbox 616 4193 815 4267; x_wconf 88' lang='lat' dir='ltr'>Midlow.</span> <span class='ocrx_word' id='word_1_299' title='bbox 1026 4284 1038 4305; x_wconf 89' lang='lat'><strong>.</strong></span> 
     </span>
    </p>

    <p class='ocr_par' dir='ltr' id='par_1_6' title="bbox 235 4312 1791 5138">
     <span class='ocr_line' id='line_1_32' title="bbox 242 4312 1788 4408; baseline -0.001 -17"><span class='ocrx_word' id='word_1_300' title='bbox 242 4382 246 4391; x_wconf 92' lang='grc'>,</span> <span class='ocrx_word' id='word_1_301' title='bbox 339 4314 539 4389; x_wconf 79' lang='lat' dir='ltr'>Wrssosrn</span> <span class='ocrx_word' id='word_1_302' title='bbox 565 4317 692 4408; x_wconf 86' lang='lat' dir='ltr'>prima,</span> <span class='ocrx_word' id='word_1_303' title='bbox 719 4315 803 4388; x_wconf 89' lang='lat' dir='ltr'>villa</span> <span class='ocrx_word' id='word_1_304' title='bbox 820 4314 884 4389; x_wconf 91' lang='lat' dir='ltr'>sub</span> <span class='ocrx_word' id='word_1_305' title='bbox 911 4313 1076 4404; x_wconf 90' lang='lat' dir='ltr'>parochia</span> <span class='ocrx_word' id='word_1_306' title='bbox 1103 4313 1147 4387; x_wconf 88' lang='lat' dir='ltr'>de</span> <span class='ocrx_word' id='word_1_307' title='bbox 1173 4312 1445 4404; x_wconf 85' lang='lat' dir='ltr'>Sozeglicze</span> <span class='ocrx_word' id='word_1_308' title='bbox 1472 4313 1550 4404; x_wconf 72' lang='lat' dir='ltr'>sita,</span> <span class='ocrx_word' id='word_1_309' title='bbox 1577 4313 1679 4387; x_wconf 86' lang='lat' dir='ltr'>cuius</span> <span class='ocrx_word' id='word_1_310' title='bbox 1704 4313 1788 4389; x_wconf 84' lang='lat' dir='ltr'>hao-</span> 
     </span>
     <span class='ocr_line' id='line_1_33' title="bbox 235 4433 1788 4529; baseline -0.002 -18"><span class='ocrx_word' id='word_1_311' title='bbox 235 4438 337 4511; x_wconf 90' lang='lat' dir='ltr'>redes</span> <span class='ocrx_word' id='word_1_312' title='bbox 354 4436 505 4510; x_wconf 79' lang='lat' dir='ltr'>lacobus</span> <span class='ocrx_word' id='word_1_313' title='bbox 531 4437 678 4529; x_wconf 88' lang='lat' dir='ltr'>Rolya</span> <span class='ocrx_word' id='word_1_314' title='bbox 704 4435 747 4508; x_wconf 91' lang='lat' dir='ltr'>do</span> <span class='ocrx_word' id='word_1_315' title='bbox 766 4435 1053 4528; x_wconf 88' lang='lat' dir='ltr'>armisRolya‚</span> <span class='ocrx_word' id='word_1_316' title='bbox 1081 4440 1117 4506; x_wconf 91' lang='lat' dir='ltr'>et</span> <span class='ocrx_word' id='word_1_317' title='bbox 1133 4433 1285 4507; x_wconf 84' lang='lat' dir='ltr'>lacobus</span> <span class='ocrx_word' id='word_1_318' title='bbox 1311 4434 1601 4525; x_wconf 84' lang='lat' dir='ltr'>Lipniczshy</span> <span class='ocrx_word' id='word_1_319' title='bbox 1619 4433 1662 4508; x_wconf 91' lang='lat' dir='ltr'>de</span> <span class='ocrx_word' id='word_1_320' title='bbox 1680 4434 1788 4509; x_wconf 89' lang='lat' dir='ltr'>armis</span> 
     </span>
     <span class='ocr_line' id='line_1_34' title="bbox 236 4555 1788 4649; baseline 0 -20"><span class='ocrx_word' id='word_1_321' title='bbox 236 4556 410 4648; x_wconf 88' lang='lat' dir='ltr'>Olobek‚</span> <span class='ocrx_word' id='word_1_322' title='bbox 441 4558 476 4628; x_wconf 89' lang='lat' dir='ltr'>in</span> <span class='ocrx_word' id='word_1_323' title='bbox 504 4579 572 4649; x_wconf 91' lang='lat' dir='ltr'>qua</span> <span class='ocrx_word' id='word_1_324' title='bbox 598 4564 679 4630; x_wconf 91' lang='lat' dir='ltr'>sunt</span> <span class='ocrx_word' id='word_1_325' title='bbox 706 4562 856 4648; x_wconf 91' lang='lat' dir='ltr'>quatuor</span> <span class='ocrx_word' id='word_1_326' title='bbox 882 4556 974 4628; x_wconf 90' lang='lat' dir='ltr'>lanei</span> <span class='ocrx_word' id='word_1_327' title='bbox 1005 4555 1240 4628; x_wconf 85' lang='lat' dir='ltr'>cmethonales</span> <span class='ocrx_word' id='word_1_328' title='bbox 1268 4562 1304 4627; x_wconf 91' lang='lat' dir='ltr'>et</span> <span class='ocrx_word' id='word_1_329' title='bbox 1329 4576 1399 4628; x_wconf 89' lang='lat' dir='ltr'>una</span> <span class='ocrx_word' id='word_1_330' title='bbox 1425 4555 1626 4629; x_wconf 79' lang='lat' dir='ltr'>hortulanis</span> <span class='ocrx_word' id='word_1_331' title='bbox 1653 4555 1788 4629; x_wconf 83' lang='lat' dir='ltr'>hahens</span> 
     </span>
     <span class='ocr_line' id='line_1_35' title="bbox 237 4676 1789 4771; baseline -0.002 -19"><span class='ocrx_word' id='word_1_332' title='bbox 237 4700 355 4771; x_wconf 82' lang='lat' dir='ltr'>agros,</span> <span class='ocrx_word' id='word_1_333' title='bbox 382 4679 425 4751; x_wconf 91' lang='lat' dir='ltr'>de</span> <span class='ocrx_word' id='word_1_334' title='bbox 452 4676 576 4770; x_wconf 88' lang='lat' dir='ltr'>quibus</span> <span class='ocrx_word' id='word_1_335' title='bbox 603 4680 761 4752; x_wconf 89' lang='lat' dir='ltr'>omnihus</span> <span class='ocrx_word' id='word_1_336' title='bbox 788 4677 892 4750; x_wconf 90' lang='lat' dir='ltr'>datur</span> <span class='ocrx_word' id='word_1_337' title='bbox 919 4677 1052 4749; x_wconf 92' lang='lat' dir='ltr'>decima</span> <span class='ocrx_word' id='word_1_338' title='bbox 1078 4676 1304 4768; x_wconf 90' lang='lat' dir='ltr'>manipularis</span> <span class='ocrx_word' id='word_1_339' title='bbox 1331 4682 1368 4750; x_wconf 90' lang='lat' dir='ltr'>et</span> <span class='ocrx_word' id='word_1_340' title='bbox 1384 4696 1448 4768; x_wconf 93' lang='lat' dir='ltr'>per</span> <span class='ocrx_word' id='word_1_341' title='bbox 1475 4683 1625 4769; x_wconf 90' lang='lat' dir='ltr'>quatuor</span> <span class='ocrx_word' id='word_1_342' title='bbox 1650 4677 1789 4768; x_wconf 80' lang='lat' dir='ltr'>ierugas</span> 
     </span>
     <span class='ocr_line' id='line_1_36' title="bbox 237 4797 1790 4892; baseline 0 -20"><span class='ocrx_word' id='word_1_343' title='bbox 237 4800 432 4892; x_wconf 88' lang='lat' dir='ltr'>canapalis,</span> <span class='ocrx_word' id='word_1_344' title='bbox 468 4806 504 4873; x_wconf 91' lang='lat' dir='ltr'>et</span> <span class='ocrx_word' id='word_1_345' title='bbox 529 4821 593 4891; x_wconf 91' lang='lat' dir='ltr'>per</span> <span class='ocrx_word' id='word_1_346' title='bbox 619 4800 819 4873; x_wconf 88' lang='lat' dir='ltr'>cmethones</span> <span class='ocrx_word' id='word_1_347' title='bbox 846 4798 986 4873; x_wconf 87' lang='lat' dir='ltr'>ducitur</span> <span class='ocrx_word' id='word_1_348' title='bbox 1012 4800 1048 4871; x_wconf 91' lang='lat' dir='ltr'>in</span> <span class='ocrx_word' id='word_1_349' title='bbox 1074 4799 1239 4871; x_wconf 92' lang='lat' dir='ltr'>horreum</span> <span class='ocrx_word' id='word_1_350' title='bbox 1266 4800 1310 4872; x_wconf 87' lang='lat' dir='ltr'>ab</span> <span class='ocrx_word' id='word_1_351' title='bbox 1337 4798 1581 4873; x_wconf 90' lang='lat' dir='ltr'>archidiacono</span> <span class='ocrx_word' id='word_1_352' title='bbox 1607 4797 1790 4877; x_wconf 88' lang='lat' dir='ltr'>locandum</span> 
     </span>
     <span class='ocr_line' id='line_1_37' title="bbox 236 4919 1789 5013; baseline -0.002 -16"><span class='ocrx_word' id='word_1_353' title='bbox 236 4928 274 4997; x_wconf 87' lang='lat' dir='ltr'>et</span> <span class='ocrx_word' id='word_1_354' title='bbox 286 4922 384 4994; x_wconf 86' lang='lat' dir='ltr'>valor</span> <span class='ocrx_word' id='word_1_355' title='bbox 401 4922 475 4995; x_wconf 89' lang='lat' dir='ltr'>eius</span> <span class='ocrx_word' id='word_1_356' title='bbox 493 4922 699 4996; x_wconf 88' lang='lat' dir='ltr'>aestimatur</span> <span class='ocrx_word' id='word_1_357' title='bbox 715 4921 760 4994; x_wconf 89' lang='lat' dir='ltr'>ad</span> <span class='ocrx_word' id='word_1_358' title='bbox 778 4925 929 5013; x_wconf 88' lang='lat' dir='ltr'>quatuor</span> <span class='ocrx_word' id='word_1_359' title='bbox 944 4941 1089 4994; x_wconf 89' lang='lat' dir='ltr'>marcas.</span> <span class='ocrx_word' id='word_1_360' title='bbox 1121 4920 1395 4993; x_wconf 79' lang='lat' dir='ltr'>Item-tabernae</span> <span class='ocrx_word' id='word_1_361' title='bbox 1414 4920 1502 4995; x_wconf 89' lang='lat' dir='ltr'>duae</span> <span class='ocrx_word' id='word_1_362' title='bbox 1519 4924 1601 4995; x_wconf 87' lang='lat' dir='ltr'>sunt</span> <span class='ocrx_word' id='word_1_363' title='bbox 1619 4919 1789 4994; x_wconf 82' lang='lat' dir='ltr'>habentes</span> 
     </span>
     <span class='ocr_line' id='line_1_38' title="bbox 237 5037 1791 5138; baseline -0.001 -22"><span class='ocrx_word' id='word_1_364' title='bbox 237 5063 342 5135; x_wconf 80' lang='lat' dir='ltr'>agros</span> <span class='ocrx_word' id='word_1_365' title='bbox 360 5047 395 5116; x_wconf 89' lang='lat' dir='ltr'>et</span> <span class='ocrx_word' id='word_1_366' title='bbox 413 5042 553 5131; x_wconf 85' lang='lat' dir='ltr'>solvunt</span> <span class='ocrx_word' id='word_1_367' title='bbox 570 5041 738 5115; x_wconf 87' lang='lat' dir='ltr'>decimam</span> <span class='ocrx_word' id='word_1_368' title='bbox 755 5041 1006 5134; x_wconf 88' lang='lat' dir='ltr'>manipularem</span> <span class='ocrx_word' id='word_1_369' title='bbox 1029 5062 1093 5132; x_wconf 90' lang='lat' dir='ltr'>pro</span> <span class='ocrx_word' id='word_1_370' title='bbox 1112 5040 1396 5116; x_wconf 83' lang='lat' dir='ltr'>archidiaconatu</span> <span class='ocrx_word' id='word_1_371' title='bbox 1412 5043 1449 5114; x_wconf 94' lang='lat' dir='ltr'>in</span> <span class='ocrx_word' id='word_1_372' title='bbox 1464 5037 1688 5138; x_wconf 69' lang='lat' dir='ltr'>pocillatorem,</span> <span class='ocrx_word' id='word_1_373' title='bbox 1706 5041 1791 5115; x_wconf 84' lang='lat' dir='ltr'>item</span> 
     </span>
    </p>
   </div>
   <div class='ocr_carea' id='block_1_3' title="bbox 136 5161 1791 5257">
    <p class='ocr_par' dir='ltr' id='par_1_7' title="bbox 136 5161 1791 5257">
     <span class='ocr_line' id='line_1_39' title="bbox 136 5161 1791 5257; baseline 0 -21"><span class='ocrx_word' id='word_1_374' title='bbox 136 5213 142 5225; x_wconf 80' lang='lat'>-</span> <span class='ocrx_word' id='word_1_375' title='bbox 237 5164 418 5257; x_wconf 84' lang='lat' dir='ltr'>praedium</span> <span class='ocrx_word' id='word_1_376' title='bbox 444 5163 493 5237; x_wconf 91' lang='lat' dir='ltr'>ibi</span> <span class='ocrx_word' id='word_1_377' title='bbox 519 5164 659 5236; x_wconf 90' lang='lat' dir='ltr'>unicum</span> <span class='ocrx_word' id='word_1_378' title='bbox 684 5162 847 5255; x_wconf 87' lang='lat' dir='ltr'>militare,</span> <span class='ocrx_word' id='word_1_379' title='bbox 874 5162 918 5237; x_wconf 94' lang='lat' dir='ltr'>de</span> <span class='ocrx_word' id='word_1_380' title='bbox 945 5183 1013 5254; x_wconf 91' lang='lat' dir='ltr'>quo</span> <span class='ocrx_word' id='word_1_381' title='bbox 1040 5163 1173 5236; x_wconf 91' lang='lat' dir='ltr'>decima</span> <span class='ocrx_word' id='word_1_382' title='bbox 1198 5161 1424 5254; x_wconf 87' lang='lat' dir='ltr'>manipularis</span> <span class='ocrx_word' id='word_1_383' title='bbox 1451 5161 1599 5237; x_wconf 85' lang='lat' dir='ltr'>solvitur</span> <span class='ocrx_word' id='word_1_384' title='bbox 1624 5161 1791 5237; x_wconf 75' lang='lat' dir='ltr'>emlesiae</span> 
     </span>
    </p>
   </div>
   <div class='ocr_carea' id='block_1_4' title="bbox 236 5282 1870 5517">
    <p class='ocr_par' dir='ltr' id='par_1_8' title="bbox 236 5282 1870 5517">
     <span class='ocr_line' id='line_1_40' title="bbox 236 5282 1790 5393; baseline -0.001 -35"><span class='ocrx_word' id='word_1_385' title='bbox 236 5285 428 5377; x_wconf 86' lang='lat' dir='ltr'>parochiali</span> <span class='ocrx_word' id='word_1_386' title='bbox 453 5286 490 5357; x_wconf 91' lang='lat' dir='ltr'>in</span> <span class='ocrx_word' id='word_1_387' title='bbox 508 5283 756 5375; x_wconf 80' lang='lat' dir='ltr'>Sczeglicze,</span> <span class='ocrx_word' id='word_1_388' title='bbox 784 5284 875 5376; x_wconf 89' lang='lat' dir='ltr'>quod</span> <span class='ocrx_word' id='word_1_389' title='bbox 896 5284 1076 5376; x_wconf 89' lang='lat' dir='ltr'>praedium</span> <span class='ocrx_word' id='word_1_390' title='bbox 1093 5284 1247 5376; x_wconf 89' lang='lat' dir='ltr'>pertinet</span> <span class='ocrx_word' id='word_1_391' title='bbox 1273 5283 1320 5357; x_wconf 91' lang='lat' dir='ltr'>ad</span> <span class='ocrx_word' id='word_1_392' title='bbox 1336 5282 1504 5393; x_wconf 70' lang='lat' dir='ltr'>iacobum</span> <span class='ocrx_word' id='word_1_393' title='bbox 1529 5282 1790 5377; x_wconf 86' lang='lat' dir='ltr'>Lipniczsky.</span> 
     </span>
     <span class='ocr_line' id='line_1_41' title="bbox 341 5403 1870 5517; baseline -0.001 -34"><span class='ocrx_word' id='word_1_394' title='bbox 341 5404 554 5491; x_wconf 80' lang='lat' dir='ltr'>Wrszossn</span> <span class='ocrx_word' id='word_1_395' title='bbox 572 5405 741 5509; x_wconf 65' lang='lat' dir='ltr'>munda,</span> <span class='ocrx_word' id='word_1_396' title='bbox 767 5404 851 5479; x_wconf 83' lang='lat' dir='ltr'>villa</span> <span class='ocrx_word' id='word_1_397' title='bbox 876 5406 941 5480; x_wconf 88' lang='lat' dir='ltr'>sub</span> <span class='ocrx_word' id='word_1_398' title='bbox 958 5405 1124 5507; x_wconf 85' lang='lat' dir='ltr'>parochia</span> <span class='ocrx_word' id='word_1_399' title='bbox 1148 5405 1316 5487; x_wconf 78' lang='lat' dir='ltr'>ecclesiae</span> <span class='ocrx_word' id='word_1_400' title='bbox 1338 5403 1381 5485; x_wconf 82' lang='lat' dir='ltr'>de</span> <span class='ocrx_word' id='word_1_401' title='bbox 1397 5403 1697 5502; x_wconf 78' lang='lat' dir='ltr'>Szczogliczo</span> <span class='ocrx_word' id='word_1_402' title='bbox 1712 5405 1792 5502; x_wconf 78' lang='lat' dir='ltr'>sita,</span> <span class='ocrx_word' id='word_1_403' title='bbox 1863 5506 1870 5517; x_wconf 32' lang='grc' dir='ltr'>Ι</span> 
     </span>
    </p>
   </div>
   <div class='ocr_carea' id='block_1_5' title="bbox 0 0 2036 6052">
    <p class='ocr_par' dir='ltr' id='par_1_9' title="bbox 0 0 2036 6052">
     <span class='ocr_line' id='line_1_42' title="bbox 0 0 2036 6052; baseline 0 0"><span class='ocrx_word' id='word_1_404' title='bbox 0 0 2036 6052; x_wconf 95' lang='lat' dir='ltr'> </span> 
     </span>
    </p>
   </div>
  </div>
 </body>
</html>
