4050 6054
1710 492 1784 563 407

234 693 502 768 Rastrorum
538 694 624 767 alias
661 691 864 787 Grabye,
892 716 1039 786 quorum
1065 695 1204 785 utrique
1232 694 1362 766 habent
1388 693 1546 782 praedia,
1573 693 1615 765 de
1643 716 1787 785 quorum

228 794 347 906 agris,
374 818 458 888 item
492 816 536 888 de
563 837 623 888 sex
650 817 859 888 hortulaniis
886 816 1094 887 habentibus
1121 835 1243 905 agros,
1271 834 1416 904 quorum
1443 819 1516 883 tres
1543 821 1624 884 sunt
1651 814 1787 884 Nicolai

235 944 272 1009 et
305 936 476 1008 lobannis
514 937 836 1028 Szynowyecz,
864 943 900 1007 et
926 943 999 1007 tres
1030 934 1153 1008 Jacobi
1180 934 1453 1024 Koczinsky,
1480 933 1629 1004 solvitur
1656 933 1789 1004 decima

235 1058 461 1148 manipularis
497 1058 662 1130 ecclesiae
698 1065 734 1129 et
768 1057 916 1149 plebano
953 1058 989 1128 in
1014 1056 1238 1146 Koczina,
1266 1055 1363 1127 cuius
1390 1054 1595 1125 aestimatur
1621 1053 1720 1125 valor
1745 1053 1789 1124 nd

233 1197 297 1249 ser
324 1199 467 1250 marcas.
502 1178 590 1249 ltem
618 1184 699 1248 sunt
725 1178 775 1249 ibi
802 1177 1061 1269 quatuordecim
1087 1176 1179 1248 lanei
1205 1174 1457 1264 cmethonnles,
1485 1194 1630 1266 quorum
1657 1179 1789 1263 septem

227 1290 320 1381 bunt
352 1298 490 1370 Nicolai
525 1306 561 1370 et
595 1298 766 1371 Johanais
802 1296 1113 1388 Szinowyecz,
1140 1303 1175 1369 et
1210 1295 1271 1368 alii
1307 1301 1440 1387 septem
1474 1301 1511 1365 et
1546 1315 1615 1367 una
1641 1294 1790 1365 taberna

235 1418 368 1506 habens
405 1440 527 1510 agros,
562 1418 686 1490 Jacobi
720 1418 1009 1510 Koczinsky,
1045 1417 1087 1488 de
1125 1418 1248 1510 quibus
1280 1417 1437 1488 omnibus
1473 1415 1621 1487 solvitur
1656 1415 1789 1485 decima

235 1539 463 1630 manipularis
494 1540 758 1631 praepositurae
793 1538 994 1610 Visliciensi
1021 1545 1057 1609 et
1083 1559 1146 1629 per
1172 1537 1304 1610 incolas
1329 1537 1480 1628 propriis
1507 1537 1666 1608 curribus
1692 1534 1788 1606 duci·
1822 1568 1824 1576 ·

233 1663 294 1729 tur
329 1659 365 1728 in
400 1650 564 1730 horreum
600 1680 622 1728 a
658 1659 856 1748 praeposito
893 1656 1094 1747 locandum,
1120 1678 1189 1730 non
1216 1659 1356 1730 solvunt
1383 1659 1549 1729 decimam
1577 1657 1698 1748 canapi
1725 1678 1788 1747 per

234 1784 384 1868 quatuor
418 1779 575 1869 ierugas,
602 1785 639 1849 et
673 1778 772 1849 valor
807 1774 989 1876 praelatae*
1022 1776 1177 1848 decimae
1212 1779 1418 1850 aestimatur
1454 1779 1499 1849 ad
1526 1777 1787 1868 quatuordecim

235 1918 379 1969 marcas.
1561 1990 1564 1999 Ι

341 2016 551 2108 Sonoszow,
578 2017 661 2089 villa
688 2016 753 2088 sub
780 2017 946 2107 parochia
971 2015 1137 2088 ecclesiae
1155 2016 1199 2088 de
1217 2017 1567 2092 Probolowicze
1594 2021 1672 2111 sita,
1691 2019 1787 2091 cuius

236 2135 360 2206 haeres
387 2136 539 2208 Jacobus
566 2136 806 2227 Slupowslr
815 2160 847 2228 y,
875 2137 1002 2210 nobilis
1030 2137 1072 2209 de
1099 2138 1200 2209 domo
1227 2137 1418 2230 Leliwa,
1446 2141 1482 2211 in
1509 2162 1577 2230 qua
1603 2145 1685 2213 sunt
1710 2147 1787 2212 tan-

235 2256 412 2328 tummodo
440 2278 500 2328 sex
526 2258 618 2329 lanei
645 2257 887 2347 emethonales,
914 2256 957 2328 de
985 2257 1109 2347 quibus
1129 2258 1258 2350 absque
1277 2260 1504 2332 diminutione
1522 2262 1669 2334 solvitur
1687 2281 1787 2353 prae-

235 2377 414 2466 positurae
440 2376 638 2449 Visliaiensi
666 2378 799 2448 decima
824 2378 1060 2468 manipularis,
1087 2385 1124 2449 et
1140 2384 1304 2451 tenentur
1320 2379 1400 2451 illas
1419 2381 1617 2452 cmethones
1635 2381 1787 2473 propriis

236 2498 395 2568 curribus
422 2498 547 2570 ducere
565 2499 600 2570 in
618 2498 822 2587 horreuma
839 2499 1039 2589 praeposito
1058 2499 1249 2590 locandum,
1268 2507 1304 2570 et
1322 2500 1461 2572 solvunt
1479 2500 1645 2573 decimam
1664 2501 1786 2591 canapi

235 2639 297 2708 per
325 2622 472 2708 quatuor
498 2619 635 2708 ierugas
662 2626 698 2690 et
725 2619 823 2690 valor
849 2620 1055 2691 aestimatur
1082 2621 1233 2692 decimae
1260 2618 1436 2710 praelatae
1464 2621 1509 2692 ad
1536 2626 1668 2711 septem
1691 2642 1784 2692 mar-

236 2759 311 2828 cas,
337 2738 521 2829 aliquando
548 2738 592 2810 ad
620 2745 717 2828 octo;
744 2759 813 2809 non
841 2744 922 2811 sunt
948 2741 999 2812 ibi
1024 2741 1258 2831 hortulaniae,
1285 2762 1353 2812 non
1381 2746 1462 2813 sunt
1488 2744 1664 2815 tabernae.
1698 2742 1786 2813 ltem

231 2859 349 2930 estin
376 2859 496 2930 eadem
522 2859 606 2931 villa
633 2881 702 2931 una
727 2861 965 2933 tantummodo
993 2862 1090 2932 curia
1116 2862 1287 2951 militaris,
1314 2862 1446 2935 habens
1469 2838 1575 2934 unum
1592 2863 1786 2954 praedium,

234 2980 277 3052 de
304 2982 400 3052 cuius
427 2981 522 3071 agris
549 2980 653 3052 datur
684 2980 816 3052 decima
842 2982 1068 3072 manipularis
1095 3004 1158 3073 pro
1185 2981 1373 3053 medietato
1401 2984 1567 3055 ecclesiae
1593 2982 1783 3074 parochiali

235 3101 271 3185 ip
306 3101 672 3191 Probolowicze,
699 3107 735 3172 et
769 3122 833 3193 pro
869 3103 1056 3176 medietate
1092 3103 1257 3175 ecclesiae
1283 3102 1473 3192 parochiali
1500 3105 1537 3174 in
1564 3102 1787 3174 'larnawa

139 3260 143 3267 ·
197 3233 198 3236 ’
236 3204 344 3312 prope
370 3220 628 3311 Mstyczow.

349 3338 551 3412 Cznszrrow
582 3339 730 3429 Maron,
757 3340 841 3412 villa
875 3342 939 3412 sub
976 3342 1141 3431 parocbia
1176 3339 1342 3412 ecclesiae
1369 3341 1411 3410 dc
1438 3340 1787 3413 Probolowicze

142 3549 146 3555 ι
237 3460 315 3549 sito,
342 3460 440 3531 cuius
467 3459 589 3528 haeres
615 3457 793 3529 Johannes
819 3460 1115 3551 Rabstinshy,
1143 3460 1268 3531 nobilis
1287 3459 1330 3530 de
1349 3459 1449 3530 domo
1468 3460 1787 3550 Bippennium,

240 3581 288 3651 in·
303 3600 371 3670 qna
398 3584 480 3650 sunt
507 3598 568 3648 sex
595 3578 685 3649 lanei
713 3579 954 3670 cmethonnles,
982 3580 1024 3651 de
1044 3564 1168 3670 ouibus
1187 3580 1345 3651 omnibus
1364 3579 1510 3650 solvitur
1528 3586 1564 3650 et
1584 3580 1789 3651 conducitur

239 3699 372 3772 decima
400 3698 627 3789 manipularis
653 3704 689 3770 et
716 3693 888 3790 canapalis
915 3701 1176 3791 praepositurae
1204 3697 1411 3770 Visliciensi.
1447 3697 1535 3770 ltem
1562 3703 1617 3770 est
1642 3699 1692 3769 ibi
1718 3720 1788 3769 una

171 3903 172 3906 Ἴ
237 3821 403 3912 tltberna,
431 3825 533 3891 extra
567 3819 684 3891 villam
710 3820 747 3890 in
774 3825 886 3891 strata
912 3821 1051 3912 publica
1078 3841 1121 3891 ex
1148 3818 1351 3891 Vislicia
1377 3818 1413 3888 in
1440 3817 1788 3889 Scarbimiriam

238 3941 350 4014 eundo
386 3941 471 4031 sita,
488 3961 587 4032 ,quae
624 3940 819 4031 appellatur
846 3941 1212 4029 Nadrosznicza,
1240 3939 1373 4009 habens
1400 3959 1503 4028 agros
1532 3938 1717 4030 speciales,
1744 3938 1787 4010 do

238 4064 363 4155 (idibus
389 4063 494 4134 etiam
521 4050 745 4152 manipularis
773 4061 905 4133 decima
932 4063 1078 4134 solvitur
1104 4043 1365 4152 praepositurae
1379 4057 1600 4150 Visliciensi,
1627 4066 1662 4131 et
1690 4054 1787 4131 valor

237 4185 346 4257 totins
372 4184 524 4256 decimae
551 4182 756 4254 aestimatur
782 4182 827 4253 ad
853 4189 985 4273 septem
1013 4183 1066 4254 vel
1095 4190 1172 4253 octo
1199 4201 1353 4269 marcas;
1380 4181 1463 4252 item
1481 4181 1700 4252 hortulaniao
1719 4203 1787 4252 non
1817 4240 1820 4249 .

240 4304 339 4396 sunt',
365 4304 598 4376 molendinum
625 4324 694 4374 non
721 4307 784 4375 est.
815 4302 902 4376 Item
931 4311 985 4375 est
1011 4304 1047 4374 in
1074 4303 1193 4373 eadem
1221 4303 1304 4374 villa
1330 4302 1508 4392 praedium
1536 4303 1673 4372 unicum
1700 4302 1789 4370 mili-

239 4434 334 4515 tare,
361 4425 405 4496 de
440 4427 537 4496 cuius
564 4424 657 4514 agris
684 4424 817 4495 decima
843 4425 1067 4515 manipularis
1095 4424 1243 4495 solvitur
1269 4443 1333 4513 pro
1361 4423 1507 4493 ecclesia
1534 4422 1724 4514 parochiali
1752 4422 1788 4491 in

241 4544 443 4635 Solyecr,
470 4551 506 4615 et
531 4545 630 4617 valor
657 4545 861 4616 aestImatur
887 4547 962 4616 eius
988 4544 1032 4616 ad
1058 4544 1144 4615 duas
1172 4565 1315 4615 marcas.

344 4661 545 4735 Gznszuow
575 4663 720 4756 Minoa,
750 4665 834 4736 villa
870 4666 934 4736 sub
970 4665 1135 4756 parochia
1170 4664 1334 4735 ecclesiae
1369 4663 1412 4735 de
1440 4662 1788 4735 Probolowicze

242 4785 331 4877 sita'
347 4785 444 4856 cuius
470 4782 594 4855 haeres
621 4784 799 4875 praefatus
825 4784 1002 4857 lohannes
1030 4785 1290 4856 Rabstinsh
1299 4806 1322 4876 y
1349 4783 1391 4854 de
1411 4782 1646 4874 Crasznik,
1664 4783 1789 4854 nobilis

242 4907 284 4978 de
311 4906 412 4979 domo
439 4904 755 4996 Bippennium,
782 4905 819 4976 in
847 4927 914 4995 qua
940 4905 1020 4977 sunt
1047 4925 1169 4978 novem
1195 4905 1287 4976 lanei
1315 4904 1567 4995 cmothonales,
1593 4903 1637 4974 de
1664 4904 1788 4995 quibus

242 5028 400 5099 omnibus
428 5026 574 5096 solvitur
601 5030 637 5096 et
663 5026 869 5097 conducitur
891 5026 1029 5100 ,decima
1055 5026 1279 5117 manipularis
1307 5031 1342 5096 ct
1369 5025 1543 5115 canapalis
1561 5045 1789 5116 propraepo-

242 5150 354 5220 situra
380 5147 586 5237 Visliciensi,
615 5152 651 5217 et
674 5145 776 5217 'valor
802 5147 876 5217 eius
904 5147 1108 5218 aestimatur
1135 5146 1179 5216 ad
1207 5145 1323 5217 decem
1351 5166 1494 5217 nrarcas.
1525 5119 1613 5217 Item
1640 5168 1708 5218 non
1736 5153 1790 5217 est

241 5269 422 5359 praedium
449 5268 589 5360 aliquod
616 5267 765 5338 militare
792 5269 828 5338 in
855 5267 975 5338 eadem
1003 5268 1093 5357 villa,
1122 5269 1203 5337 item
1231 5289 1299 5339 non
1327 5273 1408 5337 sunt
1426 5268 1602 5358 tabernae,
1620 5269 1702 5340 item
1721 5289 1789 5340 non

242 5395 323 5461 sunt
348 5388 577 5482 hortulaniae,
605 5390 687 5461 item
715 5411 783 5461 non
811 5394 866 5461 est
891 5387 1134 5460 molendinum.
1266 5467 1277 5485 x
