4050 6054
1666 481 1739 553 323

188 680 382 772 dlyecz,·
405 687 442 753 et
467 682 566 753 valor
593 683 668 754 eins
703 682 747 754 ad
775 683 926 774 quinque
953 703 1088 755 marcas
1129 683 1355 773 aestimatum
1390 686 1474 758 item
1509 687 1742 764 molendinum

187 807 241 874 est
267 803 316 876 ibi
344 802 389 874 ad
416 803 526 874 solum
554 808 730 876 cantorem
758 804 945 893 pertinens.

292 922 550 1011 Saunoumm,
588 925 751 1016 oppidum
779 925 928 1014 capitale
955 930 992 997 et
1017 924 1208 1020 principale
1244 905 1361 998 terrae
1387 925 1694 1021 Sandomiriensis,
1721 952 1743 1002 a

192 1043 424 1117 (lasimiro
451 1040 677 1136 Secunda,
705 1045 871 1117 Poloniae
889 1066 972 1136 rege
990 1051 1172 1136 muratum,
1199 1047 1331 1117 habens
1359 1048 1576 1138 collegiatam
1594 1050 1742 1122 Sanctae

74 1204 81 1214 1
188 1166 585 1257 Mariae'parochialem,
612 1167 645 1237 S.
664 1166 761 1238 Petri
788 1167 1034 1239 conventuales
1053 1167 1149 1257 duas,
1176 1165 1209 1237 S.
1228 1157 1378 1257 Spiritus
1397 1175 1433 1239 et
1449 1168 1580 1264 Bautae
1607 1171 1743 1244 Mariae

188 1287 337 1378 Magnae
365 1288 540 1383 ecclesias3
568 1287 612 1359 ad
640 1287 911 1395 illustrissimum
938 1286 1103 1359 Poloniae
1130 1308 1249 1378 regem
1275 1289 1464 1380 pertinens,
1490 1292 1596 1362 habet
1620 1293 1657 1363 in
1675 1293 1742 1364 cir-

188 1408 284 1479 cuitu
311 1429 373 1480 suo
400 1409 518 1499 plures
546 1430 658 1500 agros,
684 1429 834 1498 campos,
850 1415 964 1480 sortes
991 1414 1027 1479 et
1053 1409 1209 1498 praedia,
1238 1408 1281 1479 de
1309 1411 1433 1500 quibus
1460 1411 1652 1484 decimatur
1677 1433 1742 1505 pro

187 1531 362 1620 cantoria,
398 1530 561 1603 videlicet
586 1536 666 1622 post
691 1551 795 1620 agros
822 1529 958 1601 Nicolai
993 1526 1209 1621 Opyotka
1245 1537 1281 1601 et
1308 1530 1445 1607 Nicolai
1480 1522 1740 1626 P'oludnye,

187 1653 406 1723 cmethonum
432 1652 476 1723 da
501 1651 809 1744 Mankoszyn‚
836 1671 958 1723 versus
984 1651 1102 1721 villam
1129 1651 1399 1743 Dwyekozy.
1435 1653 1523 1726 Item
1540 1661 1621 1745 post
1638 1677 1740 1747 agros

189 1772 384 1862 praedlales
409 1774 526 1863 regios
553 1772 656 1844 villae
683 1772 987 1862 Munkoszyn,
1014 1778 1155 1862 praeter
1182 1794 1288 1845 unum
1315 1775 1558 1846 tantummodo
1584 1774 1740 1875 laneum,
1790 1767 1793 1781 '

188 1893 316 1983 dequo
333 1894 427 1982 cedit
445 1894 578 1964 decima
595 1892 807 1964 vicecustodi
834 1891 1113 1982 Sandomiriensi,
1141 1894 1222 1964 item
1250 1900 1331 1985 post
1348 1895 1530 1984 praedium
1557 1896 1733 1970 Larinas

187 2016 270 2109 item
297 2019 377 2105 post
403 2013 584 2103 praedium
620 2013 743 2085 altaris
779 2013 944 2085 ecclesiae
971 2012 1004 2084 S.
1030 2012 1146 2104 Petri,
1182 2014 1267 2085 item
1293 2017 1374 2105 post
1409 2016 1554 2105 praedia
1579 2016 1677 2089 Petri
1703 2025 1741 2090 et

185 2125 336 2208 'Martini
364 2135 538 2226 Noguy,
570 2135 653 2206 item
680 2138 761 2224 post
787 2133 931 2224 praedia
958 2135 1102 2207 alterius
1130 2135 1311 2207 altaristae
1338 2135 1371 2207 S.
1398 2135 1513 2227 Petri,
1549 2139 1634 2208 item
1660 2115 1741 2229 pult

187 2257 255 2328 duo
282 2255 427 2346 praedia
453 2261 577 2327 vocata
612 2254 802 2344 Struna,
838 2256 921 2326 item
949 2263 1029 2345 post
1058 2276 1177 2348 agros·
1197 2255 1419 2346 praediorum
1454 2258 1548 2328 ultra
1583 2260 1677 2330 viam
1703 2260 1740 2333 in

186 2377 445 2468 Dwyekoz.y
472 2376 735 2447 consistentium
761 2380 798 2447 et
824 2375 884 2466 qni
910 2376 1003 2447 circa
1029 2376 1158 2448 limites
1185 2376 1289 2448 villae
1321 2377 1586 2468 Rzeczycza
1621 2381 1740 2459 termi·
1828 2450 1831 2457 ,

187 2503 323 2569 uantur.
350 2496 437 2568 Item
456 2502 537 2588 post
553 2496 734 2587 praedium
761 2495 1006 2586 curaretis,
1032 2498 1116 2569 item
1142 2503 1224 2587 post
1249 2497 1430 2596 praedium
1458 2496 1627 2590 Galla,
1654 2501 1739 2587 item
1814 2588 1820 2601 x

72 2694 76 2702 ,
187 2625 268 2711 post
285 2624 404 2709 partes
421 2639 584 2710 agrorum
611 2616 809 2708 Lucasy,
836 2619 920 2689 item
947 2625 1028 2708 post
1054 2618 1122 2691 duo
1141 2620 1285 2709 praedia
1312 2617 1628 2710 Golambicze‚
1655 2622 1747 2703 item,

188 2746 268 2831 post
294 2760 398 2831 agros
432 2738 675 2830 Zagewka‚
707 2739 793 2810 item
820 2745 901 2828 post
935 2760 1038 2828 agros
1072 2739 1275 2810 advocatiae
1312 2732 1619 2831 Sandomiriensis,
1655 2743 1739 2814 item
1816 2743 1819 2749 '

90 2880 97 2896 ⁴
187 2867 268 2951 post
293 2880 397 2951 agros
424 2866 461 2932 et
485 2860 629 2951 praedia
655 2866 779 2932 vocata
805 2859 960 2949 Falki,
996 2861 1032 2930 in
1060 2860 1183 2951 quibus
1212 2860 1402 2933 creduntur
1429 2882 1505 2932 esse
1531 2861 1610 2952 plus
1638 2882 1740 2952 quarn

129 3035 134 3043 .
187 2988 265 3053 octo
292 2982 404 3070 lanei;
429 2981 514 3053 item
540 2987 620 3071 post
646 2980 791 3071 praedia
817 2980 935 3071 oppidi
962 2967 1285 3053 Sandomiriae
1314 3003 1435 3053 versus
1462 2982 1740 3076 Radostlrky
1771 3083 1777 3089 ὃ

57 3182 61 3195 ι
187 3102 421 3175 consistentia
461 3103 550 3175 Itam
577 3108 658 3193 post
685 3108 834 3193 quatuor
861 3102 990 3192 laneos,
1018 3102 1060 3173 de
1087 3103 1253 3174 suburbio
1281 3103 1620 3194 Sandomiriae,
1655 3105 1740 3176 item

187 3231 267 3316 post
295 3243 408 3315 agros,
435 3210 526 3315 qast
540 3221 738 3295 cmethones
766 3222 809 3294 de
836 3222 1112 3314 Radosthlry
1139 3224 1266 3312 colunt,
1294 3222 1613 3314 et'protenduntur
1631 3245 1741 3316 usque

189 3344 233 3415 ad
260 3345 389 3416 limites
415 3343 519 3416 villae
546 3343 883 3433 Rynarczicze,
916 3344 1000 3413 item
1026 3349 1107 3432 post
1132 3343 1313 3433 praedium
1340 3343 1572 3432 Banczek‚
1608 3345 1645 3414 in
1673 3365 1740 3435 qno
1828 3382 1830 3387 ·

188 3466 416 3538 aestimantur
434 3485 510 3537 esse
529 3465 679 3555 quinque
698 3463 800 3553 lanei,
828 3464 911 3535 item
939 3468 1020 3553 post
1047 3463 1227 3552 praedium
1255 3461 1493 3535 Ambrosii
1520 3464 1607 3535 alias
1639 3464 1741 3545 Bro-

189 3607 358 3677 szman,
386 3587 421 3657 in
441 3608 508 3678 quo
528 3585 717 3657 creduntur
734 3605 814 3656 esse
828 3584 978 3675 quatuor
995 3584 1096 3675 lanei,
1124 3584 1209 3656 item
1227 3590 1306 3674 post
1324 3584 1506 3674 praedium
1532 3583 1555 3655 J
1565 3605 1738 3677 eruszy,
1872 3612 1874 3616 ’
1993 3671 1998 3680 Ι

110 3727 115 3733 ·
188 3711 224 3781 in
250 3729 318 3800 quo
346 3708 535 3780 creduntur
562 3727 637 3779 csse
665 3706 732 3779 duo
759 3706 860 3796 lanei,
887 3706 971 3778 item
998 3711 1078 3796 post
1104 3727 1207 3796 agros
1234 3706 1271 3776 in
1297 3705 1387 3776 valle
1415 3705 1515 3795 sitos,
1555 3726 1665 3796 usque
1693 3705 1757 3789 ad¹

189 3830 318 3902 limites
345 3829 639 3918 Suchorzow,
666 3829 702 3900 in
720 3848 789 3919 qua
811 3833 893 3900 sunt
910 3846 1040 3900 norem
1060 3827 1162 3898 lanei.
1188 3826 1275 3899 Post
1292 3827 1356 3898 hos
1374 3847 1492 3898 omnes
1510 3847 1622 3917 agros,
1641 3826 1740 3898 villas

76 3996 79 4003 -
188 3958 226 4023 et
251 3950 396 4043 praedia
422 3951 526 4023 datur
552 3951 684 4022 decima
719 3949 944 4041 manipularis
979 3948 1218 4053 tantummodo
1245 3948 1421 4022 cantoriae
1448 3946 1737 4037 Sandomiriensi,

189 4078 226 4144 et
252 4063 349 4145 calor
375 4073 450 4144 eius
476 4069 682 4164 aestimatur
709 4070 754 4142 ad
769 4070 1032 4162 quinquaginta
1058 4089 1202 4142 marcas.

292 4192 583 4282 Pronaowrczr„
610 4192 694 4285 villa
711 4192 775 4264 sub
802 4192 968 4284 parochia
994 4190 1159 4263 ecclesiae
1178 4190 1211 4262 S.
1230 4190 1412 4262 Trinitatis
1439 4190 1482 4264 de
1509 4189 1537 4260 Z
1544 4189 1742 4261 awichost

189 4317 267 4406 sita
294 4317 390 4388 cuius
417 4315 613 4406 proprietas
641 4319 678 4387 et
704 4313 893 4386 dominium
919 4313 1072 4404 pertinet
1089 4312 1134 4385 ad
1151 4313 1400 4385 monasterium
1429 4310 1742 4385 sanctimonialium

189 4435 322 4510 ordinis
348 4435 381 4508 S.
408 4434 531 4508 Clarae
558 4436 601 4509 de
628 4434 753 4507 Sancto
780 4433 924 4507 Andrea
949 4434 986 4506 in
1014 4433 1262 4524 Graecula,
1299 4434 1335 4505 in
1363 4452 1431 4524 qua
1458 4438 1540 4505 sunt
1575 4437 1741 4523 quatuor·

190 4558 303 4632 decim
328 4557 421 4630 lanei
447 4557 692 4646 cmethonalcs;
718 4557 801 4629 item
819 4555 987 4629 tabernac
1005 4555 1103 4646 duae,
1129 4555 1213 4626 item
1230 4554 1431 4627 hortularia
1449 4574 1527 4644 una,
1554 4553 1597 4624 de
1616 4553 1754 4644 quibus·

186 4679 352 4761 omnibus
387 4679 520 4753 decima
545 4678 771 4770 manipularis
798 4683 834 4752 ct
858 4699 923 4769 per
949 4683 1099 4769 quatuor
1126 4677 1263 4768 ierugas
1290 4675 1467 4767 canapalis
1494 4674 1598 4747 datur
1624 4679 1743 4747 canto·

95 4800 98 4804 ’
190 4802 267 4875 riae
294 4799 576 4890 Sandomiriensi,
603 4804 640 4873 et
667 4799 799 4872 ducunt
826 4819 902 4872 eam
929 4799 1129 4872 cmethones
1156 4799 1193 4869 in
1219 4798 1384 4870 horreum
1410 4817 1433 4869 a
1459 4801 1601 4868 cantore
1626 4794 1744 4867 locan-

80 4912 89 4931 ”
192 4923 276 4997 dum
302 4927 340 4996 et
366 4921 465 4995 valor
492 4921 567 4994 eius
602 4920 808 4994 aestimatur
843 4918 900 4993 ad·
914 4920 1040 5012 viginti
1065 4939 1210 4993 marcas.
1253 4918 1341 4990 Item
1367 4917 1404 4988 in
1431 4916 1514 4987 villa
1541 4916 1661 4989 eadem
1688 4921 1742 4990 est

193 5042 393 5117 coenobiale
419 5041 618 5134 praedium,
655 5042 698 5116 de
725 5042 824 5115 cuius
851 5041 945 5133 agris
972 5041 1039 5114 etsi
1065 5040 1151 5113 alias
1177 5044 1299 5112 cantor
1326 5036 1615 5110 Sandomiriensis
1642 5037 1742 5129 tolle·

190 5165 253 5238 bat
278 5163 456 5254 decimam,
481 5168 600 5237 umen
627 5162 908 5238 sanctimoniales
933 5180 1025 5236 nunc
1051 5159 1147 5232 illam
1172 5159 1316 5250 tollunt,
1343 5179 1407 5249 per
1432 5157 1678 5250 negligentiam
1704 5162 1741 5231 et

190 5283 689 5367 dissimulationemaeantoris.
1660 5344 1665 5349 .

295 5405 614 5502 Bnrsznowrczs,
640 5405 723 5479 villa
748 5405 814 5481 sub
839 5403 1006 5499 parochia
1031 5400 1196 5476 ecclesiae
1223 5400 1267 5474 de
1294 5398 1624 5476 Swieciechow
1653 5397 1741 5494 cio,
