4050 6054
235 349 309 423 348

337 554 453 642 nrm,
480 551 564 622 villa
589 548 653 620 sub
680 547 845 638 parochia
871 543 1036 617 ecclesiae
1063 542 1106 614 de
1133 540 1414 614 Glowaczow
1442 528 1520 629 sita
1543 539 1642 611 cuius
1658 536 1784 611 haeres

235 673 464 763 Sandirogius
490 671 520 742 L
526 690 635 763 yasz
648 689 667 739 e
678 668 796 758 nsky,
824 667 860 738 in
879 687 947 755 qua
965 670 1046 736 sunt
1063 663 1156 734 lanei
1173 662 1415 751 cmethonales,
1434 660 1621 751 dequibus
1637 658 1786 730 solvitur

234 795 365 866 decima
389 790 625 881 ‚manipularis
656 795 693 859 et
719 808 782 878 per
810 793 960 877 quatuor
987 785 1125 873 ierugas
1152 783 1348 873 canapalis,
1374 787 1409 852 et
1435 781 1565 851 ducunt
1588 800 1670 877 earn
1696 797 1786 849 eme

233 916 356 985 thones
392 914 427 982 in
462 913 626 982 horreum
662 929 683 979 a
718 907 861 978 custode
895 905 1079 976 locandum
1114 910 1150 974 et
1185 903 1283 974 valor
1318 903 1394 973 eius
1428 901 1474 972 ad
1500 919 1623 972 novem
1649 918 1786 971 mareas

234 1034 450 1104 aestimatur.
476 1031 565 1101 Item
593 1050 661 1100 non
688 1034 743 1098 est
769 1026 819 1096 ibi
845 1025 1024 1114 praedium
1052 1023 1200 1114 aliquod,
1226 1045 1295 1094 non
1323 1028 1404 1094 sunt
1421 1022 1599 1110 tabernae,
1617 1040 1689 1092 non
1705 1024 1788 1091 suut

232 1152 464 1224 hortulaniae.

339 1271 593 1359 Parnornnn,
620 1269 702 1340 uilla
729 1269 793 1339 sub
821 1266 986 1357 parochia
1011 1265 1175 1335 ecclesiae
1202 1263 1245 1333 de
1272 1260 1547 1333 Glowaczou
1574 1261 1662 1351 sita,
1689 1262 1788 1335 cuius

235 1394 360 1465 haeres
387 1392 478 1462 idem
504 1389 734 1478 Sandivogius
760 1386 1069 1478 Lyaszensky,
1096 1386 1133 1453 in
1161 1404 1228 1473 qua
1255 1388 1335 1454 sunt
1360 1382 1453 1454 lanei
1480 1382 1727 1472 cmcthonales,
1743 1382 1787 1454 de

237 1514 360 1602 quibus
388 1512 535 1582 soluitur
561 1510 694 1580 decima
716 1507 941 1596 manipularis
959 1512 995 1576 et
1012 1526 1075 1595 per
1095 1511 1243 1594 quatuor
1261 1502 1398 1593 ierugas
1417 1503 1592 1593 canapalis
1609 1502 1787 1575 custodiae

236 1631 516 1720 Sandomiriensi,
543 1635 580 1700 et
606 1629 735 1699 ducmrt
761 1648 837 1697 earn
864 1625 1062 1697 cmethones
1089 1626 1125 1695 in
1152 1625 1315 1696 horreum
1336 1646 1364 1711 ⁶a
1390 1622 1533 1695 custode
1549 1623 1735 1695 locandum
1752 1628 1790 1695 et
1892 1687 1897 1695 .

236 1754 334 1823 valor
361 1753 436 1822 cius
462 1750 507 1820 ad
534 1771 595 1820 ser
621 1768 756 1819 marcas
783 1749 996 1819 aestimatur.
1022 1746 1208 1835 ltemnon
1235 1751 1289 1816 est
1316 1744 1366 1816 ibi
1392 1744 1583 1835 praedium,
1609 1766 1680 1816 non
1706 1749 1790 1818 sunt

236 1873 414 1960 tabernae,
442 1892 511 1941 non
537 1874 618 1940 sunt
644 1867 872 1940 hortulaniae.

338 1991 486 2063 Wonrn
512 1990 750 2078 Parnorsnn,
778 1988 862 2058 rilla
888 1988 952 2058 sub
971 1986 1137 2077 parochia
1155 1986 1319 2057 ecclesiae
1337 1985 1380 2056 de
1399 1983 1685 2058 Glowaczow
1710 1986 1790 2077 sita,

236 2115 335 2185 cuius
366 2113 491 2183 haeres
527 2111 618 2181 idem
645 2108 875 2199 Sandiuogius
901 2107 1224 2201 Lyaszenslry,
1251 2108 1287 2177 in
1314 2128 1383 2196 qua
1410 2112 1491 2176 sunt
1516 2106 1608 2197 lanei
1634 2108 1790 2179 cmetlro·
1839 2136 1842 2141 ·

235 2234 351 2323 nalcs,
379 2232 422 2302 de
450 2232 574 2321 quibus
610 2230 757 2300 solvitur
784 2228 918 2298 decima
943 2228 1168 2316 manipularis
1195 2234 1231 2298 et
1257 2247 1320 2318 per
1346 2233 1496 2317 quatuor
1520 2227 1662 2318 ierngas
1688 2248 1792 2299 cana

237 2354 326 2444 palis
353 2351 531 2424 custodiae
559 2349 831 2421 Sandomiriensi
858 2356 894 2418 et
922 2348 1020 2418 ralor
1046 2348 1121 2418 cius
1148 2348 1354 2418 aestimatur
1379 2347 1425 2418 ad
1442 2354 1520 2419 octo
1538 2368 1683 2420 marcas.
1700 2348 1792 2420 Item

221 2494 308 2551 ‚non
342 2477 398 2543 est
432 2472 481 2542 ibi
517 2469 657 2561 aliquod
692 2468 872 2558 praedium
898 2468 1066 2558 militare,
1094 2490 1163 2538 non
1190 2473 1271 2539 sunt
1296 2468 1479 2557 tabernae,
1495 2478 1574 2539 'non
1601 2474 1684 2540 sunt
1709 2469 1811 2545 lror·.

236 2594 399 2665 tulaniae.

339 2710 593 2801 Gonrnnroru,
613 2711 695 2782 uilla
713 2713 776 2783 sub
796 2711 961 2802 parochia
979 2711 1144 2782 ecclcsiae
1163 2709 1206 2781 de
1224 2709 1351 2781 Nora
1368 2709 1536 2781 Radom
1562 2710 1641 2800 sita,
1658 2709 1792 2786 decano

240 2832 415 2906 Kielcensi
441 2831 608 2904 decimam
634 2831 847 2922 pecunialem
874 2831 988 2902 solvit.

601 3197 767 3279 lllcarla
800 3196 1033 3280 custodiae
1065 3199 1435 3299 Sandomlrlensls.

342 3436 509 3508 Custodia
535 3435 825 3507 Sandomiriensis
851 3436 956 3507 habet
983 3438 1180 3528 habereque
1199 3439 1376 3510 consterit
1404 3439 1567 3510 sicariam
1586 3447 1796 3531 perpetuam

234 3559 270 3628 in
297 3557 444 3628 ecclesia
470 3556 754 3646 Sandomiriensi,
781 3558 879 3628 cuius
909 3564 1024 3628 custos
1051 3557 1340 3631 Sandomiriensis
1366 3561 1488 3630 unicus
1515 3567 1569 3632 est
1592 3561 1741 3634 collator
1757 3568 1797 3634 et

235 3685 412 3769 patronus,
440 3698 542 3767 quam
570 3698 661 3748 nunc
686 3683 782 3749 tenet
811 3677 938 3748 Petrus
966 3678 1008 3748 de
1037 3675 1241 3767 Grabow,
1268 3700 1355 3769 quae
1382 3700 1447 3770 pro
1476 3681 1529 3752 sui
1557 3681 1639 3754 dote
1656 3688 1694 3754 et
1711 3704 1796 3774 pro-

233 3799 395 3888 prietate,
423 3798 530 3869 habet
556 3798 706 3869 decimas
733 3798 974 3888 infrascriptas
1001 3805 1038 3869 et
1064 3805 1262 3888 proventus.

336 3919 561 4008 Sunononr,
587 3918 670 3988 uilla
707 3920 772 3990 sub
803 3919 968 4010 parochia
995 3919 1159 3990 ccclesiae
1187 3920 1229 3990 de
1256 3920 1685 4013 Wopczeclrowicze
1711 3927 1795 4017 sita,

235 4038 333 4109 cuius
357 4039 557 4128 proprietas
584 4045 619 4109 et
646 4038 834 4109 dominium
861 4040 905 4109 ad
933 4039 1203 4111 illustrissimum
1228 4041 1393 4113 Poloniae
1421 4065 1537 4134 regem
1563 4045 1794 4138 pertinatia

235 4180 305 4249 qua
330 4164 411 4249 post
438 4179 556 4229 omues
582 4159 702 4229 laneos
729 4168 765 4230 ct
790 4181 893 4249 agros
911 4133 1208 4250 crnethonales,'et
1225 4164 1431 4253 tabernulas,
1450 4166 1599 4256 percipit
1616 4166 1792 4243 decimam

234 4279 497 4369 manipularem,
524 4285 562 4349 ut
583 4280 618 4349 in
637 4281 874 4369 superioribus
893 4282 1101 4370 scripsimus,
1121 4284 1366 4372 praepositura
1385 4283 1685 4359 Sandomiriensis
1702 4284 1816 4363 Item

234 4400 269 4470 in
296 4398 417 4470 eadem
444 4399 527 4469 uilla
554 4398 749 4490 Stodoly
775 4405 829 4470 est
855 4402 1034 4490 praedium
1061 4404 1195 4491 regium
1223 4404 1399 4494 optimum,
1426 4411 1463 4475 et
1487 4406 1525 4476 in
1542 4408 1636 4497 agris
1653 4408 1797 4501 largum

235 4529 271 4591 et
297 4518 521 4610 foecundum,
548 4520 591 4591 de
628 4542 695 4610 quo
731 4520 862 4591 decima
888 4523 1116 4612 manipularis
1143 4523 1291 4594 solvitur
1318 4526 1468 4596 sicariae
1494 4527 1673 4601 custodiae
1699 4528 1794 4604 San·
1886 4596 1891 4603 .

232 4639 451 4712 domiriensis
487 4650 522 4712 et
549 4641 648 4712 ralor
679 4641 754 4711 eius
780 4643 985 4713 aestimatur
1012 4642 1056 4712 ad
1083 4643 1232 4715 sedecim
1259 4666 1410 4735 marcas,
1438 4649 1592 4737 exceptis
1618 4649 1798 4725 duntaxat

231 4762 327 4851 agris
354 4758 549 4851 Ostrow,
576 4761 619 4832 de
647 4763 772 4852 quibus
798 4762 932 4834 decima
958 4765 1185 4855 manipularis
1212 4766 1247 4836 in
1275 4765 1395 4838 eodem
1422 4768 1519 4857 regio
1538 4770 1682 4859 praedio
1709 4792 1797 4862 pro-

230 4883 326 4951 uenit
353 4882 520 4954 ecclesiae
548 4883 742 4973 parochiali
767 4884 804 4953 in
830 4883 1128 4976 Zamborzyn.
1161 4886 1252 4957 ltem
1279 4893 1360 4957 sunt
1386 4888 1436 4959 ibi
1462 4909 1585 4960 norem
1612 4891 1797 4987 tabernae,

231 5002 267 5071 in
295 5003 420 5092 quibus
447 5003 536 5075 duae
563 5014 707 5076 rocatac
733 5004 1074 5094 Praestanslre,
1101 5007 1185 5077 item
1213 5028 1273 5078 ser
1300 5007 1528 5100 hortulaniae,
1555 5032 1645 5102 quae
1670 5033 1796 5089 omnes

229 5120 359 5192 habent
387 5144 491 5212 agros
518 5125 696 5216 speciales
722 5145 764 5197 ex
790 5125 935 5216 praedio
962 5126 1059 5219 regio
1086 5127 1139 5201 eis
1156 5126 1311 5221 largitos,
1329 5128 1372 5199 de
1390 5130 1515 5219 quibus
1532 5130 1667 5205 decima
1683 5132 1795 5210 datur

231 5240 363 5314 sicario
391 5244 556 5318 custodis.
