<?xml version="1.0" encoding="UTF-8"?>
<!DOCTYPE html PUBLIC "-//W3C//DTD XHTML 1.0 Transitional//EN"
    "http://www.w3.org/TR/xhtml1/DTD/xhtml1-transitional.dtd">
<html xmlns="http://www.w3.org/1999/xhtml" xml:lang="en" lang="en">
 <head>
  <title>
</title>
<meta http-equiv="Content-Type" content="text/html;charset=utf-8" />
  <meta name='ocr-system' content='tesseract 3.04.00' />
  <meta name='ocr-capabilities' content='ocr_page ocr_carea ocr_par ocr_line ocrx_word'/>
</head>
<body>
  <div class='ocr_page' id='page_1' title='image "./joannisdugoszse00dugoog_0322.png"; bbox 0 0 4050 6054; ppageno 0'>
   <div class='ocr_carea' id='block_1_1' title="bbox 179 458 1773 902">
    <p class='ocr_par' dir='ltr' id='par_1_1' title="bbox 179 458 1773 902">
     <span class='ocr_line' id='line_1_1' title="bbox 1652 458 1726 564; baseline 0.014 -1"><span class='ocrx_word' id='word_1_1' title='bbox 1652 458 1726 564; x_wconf 77' lang='lat' dir='ltr'>soa</span> 
     </span>
     <span class='ocr_line' id='line_1_2' title="bbox 179 687 1732 801; baseline 0.004 -39"><span class='ocrx_word' id='word_1_2' title='bbox 179 688 288 762; x_wconf 91' lang='lat' dir='ltr'>libere</span> <span class='ocrx_word' id='word_1_3' title='bbox 315 688 574 780; x_wconf 80' lang='lat' dir='ltr'>quibuscunque</span> <span class='ocrx_word' id='word_1_4' title='bbox 600 690 777 793; x_wconf 85' lang='lat' dir='ltr'>personis,</span> <span class='ocrx_word' id='word_1_5' title='bbox 805 709 890 780; x_wconf 89' lang='lat' dir='ltr'>quus</span> <span class='ocrx_word' id='word_1_6' title='bbox 917 687 1029 801; x_wconf 86' lang='lat' dir='ltr'>coloni</span> <span class='ocrx_word' id='word_1_7' title='bbox 1056 691 1214 762; x_wconf 85' lang='lat' dir='ltr'>curribus</span> <span class='ocrx_word' id='word_1_8' title='bbox 1241 690 1326 783; x_wconf 91' lang='lat' dir='ltr'>suis,</span> <span class='ocrx_word' id='word_1_9' title='bbox 1354 692 1438 782; x_wconf 91' lang='lat' dir='ltr'>ipsis</span> <span class='ocrx_word' id='word_1_10' title='bbox 1466 693 1573 764; x_wconf 92' lang='lat' dir='ltr'>etiam</span> <span class='ocrx_word' id='word_1_11' title='bbox 1587 700 1732 787; x_wconf 65' lang='lat' dir='ltr'>¹empto·</span> 
     </span>
     <span class='ocr_line' id='line_1_3' title="bbox 179 806 1773 902; baseline 0.003 -20"><span class='ocrx_word' id='word_1_12' title='bbox 179 811 292 901; x_wconf 88' lang='lat' dir='ltr'>ribus,</span> <span class='ocrx_word' id='word_1_13' title='bbox 319 809 364 882; x_wconf 89' lang='lat' dir='ltr'>ad</span> <span class='ocrx_word' id='word_1_14' title='bbox 390 815 488 881; x_wconf 91' lang='lat' dir='ltr'>certa</span> <span class='ocrx_word' id='word_1_15' title='bbox 521 810 598 883; x_wconf 91' lang='lat' dir='ltr'>loca</span> <span class='ocrx_word' id='word_1_16' title='bbox 624 811 680 882; x_wconf 92' lang='lat' dir='ltr'>vel</span> <span class='ocrx_word' id='word_1_17' title='bbox 705 811 834 883; x_wconf 90' lang='lat' dir='ltr'>horrea</span> <span class='ocrx_word' id='word_1_18' title='bbox 847 806 935 882; x_wconf 85' lang='lat' dir='ltr'>&#39;sine</span> <span class='ocrx_word' id='word_1_19' title='bbox 960 810 1109 881; x_wconf 92' lang='lat' dir='ltr'>militum</span> <span class='ocrx_word' id='word_1_20' title='bbox 1143 810 1390 902; x_wconf 89' lang='lat' dir='ltr'>impedimento</span> <span class='ocrx_word' id='word_1_21' title='bbox 1426 812 1617 885; x_wconf 86' lang='lat' dir='ltr'>conducere</span> <span class='ocrx_word' id='word_1_22' title='bbox 1652 820 1735 888; x_wconf 86' lang='lat' dir='ltr'>sunt</span> <span class='ocrx_word' id='word_1_23' title='bbox 1770 824 1773 829; x_wconf 84' lang='grc'><strong>’</strong></span> 
     </span>
    </p>
   </div>
   <div class='ocr_carea' id='block_1_2' title="bbox 181 920 1734 1143">
    <p class='ocr_par' dir='ltr' id='par_1_2' title="bbox 181 920 1734 1143">
     <span class='ocr_line' id='line_1_4' title="bbox 181 920 1734 1020; baseline 0.003 -18"><span class='ocrx_word' id='word_1_24' title='bbox 181 930 358 1018; x_wconf 79' lang='lat' dir='ltr'>adstricti,</span> <span class='ocrx_word' id='word_1_25' title='bbox 394 929 430 1000; x_wconf 92' lang='lat' dir='ltr'>in</span> <span class='ocrx_word' id='word_1_26' title='bbox 457 950 498 1002; x_wconf 93' lang='lat' dir='ltr'>eo</span> <span class='ocrx_word' id='word_1_27' title='bbox 526 951 608 1002; x_wconf 91' lang='lat' dir='ltr'>casu</span> <span class='ocrx_word' id='word_1_28' title='bbox 636 929 803 1002; x_wconf 88' lang='lat' dir='ltr'>decimam</span> <span class='ocrx_word' id='word_1_29' title='bbox 838 920 961 1020; x_wconf 87' lang='lat' dir='ltr'>canapi</span> <span class='ocrx_word' id='word_1_30' title='bbox 997 932 1133 1002; x_wconf 89' lang='lat' dir='ltr'>ratione</span> <span class='ocrx_word' id='word_1_31' title='bbox 1159 931 1262 1003; x_wconf 91' lang='lat' dir='ltr'>huius</span> <span class='ocrx_word' id='word_1_32' title='bbox 1288 931 1419 1004; x_wconf 92' lang='lat' dir='ltr'>laboris</span> <span class='ocrx_word' id='word_1_33' title='bbox 1456 921 1595 1005; x_wconf 88' lang='lat' dir='ltr'>sibimet</span> <span class='ocrx_word' id='word_1_34' title='bbox 1621 953 1734 1006; x_wconf 90' lang='lat' dir='ltr'>reser-</span> 
     </span>
     <span class='ocr_line' id='line_1_5' title="bbox 181 1038 1734 1143; baseline 0.003 -21"><span class='ocrx_word' id='word_1_35' title='bbox 181 1058 312 1123; x_wconf 90' lang='lat' dir='ltr'>vantes.</span> <span class='ocrx_word' id='word_1_36' title='bbox 339 1049 408 1122; x_wconf 87' lang='lat' dir='ltr'>Sed</span> <span class='ocrx_word' id='word_1_37' title='bbox 434 1051 465 1121; x_wconf 93' lang='lat' dir='ltr'>si</span> <span class='ocrx_word' id='word_1_38' title='bbox 491 1049 641 1123; x_wconf 91' lang='lat' dir='ltr'>decimas</span> <span class='ocrx_word' id='word_1_39' title='bbox 666 1049 804 1142; x_wconf 89' lang='lat' dir='ltr'>frugum</span> <span class='ocrx_word' id='word_1_40' title='bbox 831 1051 944 1124; x_wconf 92' lang='lat' dir='ltr'>coloni</span> <span class='ocrx_word' id='word_1_41' title='bbox 971 1072 1035 1142; x_wconf 92' lang='lat' dir='ltr'>pro</span> <span class='ocrx_word' id='word_1_42' title='bbox 1063 1052 1224 1142; x_wconf 90' lang='lat' dir='ltr'>episcopo</span> <span class='ocrx_word' id='word_1_43' title='bbox 1250 1051 1306 1123; x_wconf 91' lang='lat' dir='ltr'>vel</span> <span class='ocrx_word' id='word_1_44' title='bbox 1333 1053 1487 1143; x_wconf 91' lang='lat' dir='ltr'>quolibet</span> <span class='ocrx_word' id='word_1_45' title='bbox 1511 1038 1635 1125; x_wconf 76' lang='lat' dir='ltr'>cle&#39;rico</span> <span class='ocrx_word' id='word_1_46' title='bbox 1654 1074 1734 1126; x_wconf 89' lang='lat' dir='ltr'>con-</span> 
     </span>
    </p>
   </div>
   <div class='ocr_carea' id='block_1_3' title="bbox 181 1171 1844 1264">
    <p class='ocr_par' dir='ltr' id='par_1_3' title="bbox 181 1171 1844 1264">
     <span class='ocr_line' id='line_1_6' title="bbox 181 1171 1844 1264; baseline 0.003 -22"><span class='ocrx_word' id='word_1_47' title='bbox 181 1171 364 1263; x_wconf 86' lang='lat' dir='ltr'>duxerint,</span> <span class='ocrx_word' id='word_1_48' title='bbox 391 1171 497 1243; x_wconf 92' lang='lat' dir='ltr'>etiam</span> <span class='ocrx_word' id='word_1_49' title='bbox 524 1171 675 1245; x_wconf 89' lang='lat' dir='ltr'>decimas</span> <span class='ocrx_word' id='word_1_50' title='bbox 701 1171 764 1243; x_wconf 93' lang='lat' dir='ltr'>lini</span> <span class='ocrx_word' id='word_1_51' title='bbox 790 1177 827 1243; x_wconf 93' lang='lat' dir='ltr'>et</span> <span class='ocrx_word' id='word_1_52' title='bbox 853 1172 976 1263; x_wconf 89' lang='lat' dir='ltr'>canapi</span> <span class='ocrx_word' id='word_1_53' title='bbox 1003 1192 1081 1244; x_wconf 91' lang='lat' dir='ltr'>cum</span> <span class='ocrx_word' id='word_1_54' title='bbox 1107 1172 1237 1244; x_wconf 90' lang='lat' dir='ltr'>semiue</span> <span class='ocrx_word' id='word_1_55' title='bbox 1264 1173 1300 1244; x_wconf 94' lang='lat' dir='ltr'>in</span> <span class='ocrx_word' id='word_1_56' title='bbox 1326 1173 1511 1264; x_wconf 83' lang='lat' dir='ltr'>manipulis</span> <span class='ocrx_word' id='word_1_57' title='bbox 1538 1175 1673 1247; x_wconf 90' lang='lat' dir='ltr'>solvere</span> <span class='ocrx_word' id='word_1_58' title='bbox 1699 1180 1736 1246; x_wconf 91' lang='lat' dir='ltr'>et</span> <span class='ocrx_word' id='word_1_59' title='bbox 1842 1228 1844 1232; x_wconf 48' lang='lat'><em>2</em></span> 
     </span>
    </p>
   </div>
   <div class='ocr_carea' id='block_1_4' title="bbox 107 1290 1740 2951">
    <p class='ocr_par' dir='ltr' id='par_1_4' title="bbox 107 1290 1740 2951">
     <span class='ocr_line' id='line_1_7' title="bbox 182 1290 1735 1401; baseline 0.003 -38"><span class='ocrx_word' id='word_1_60' title='bbox 182 1292 444 1376; x_wconf 87' lang='lat' dir='ltr'>conducerein-</span> <span class='ocrx_word' id='word_1_61' title='bbox 464 1293 592 1365; x_wconf 90' lang='lat' dir='ltr'>horrea</span> <span class='ocrx_word' id='word_1_62' title='bbox 618 1293 838 1364; x_wconf 83' lang='lat' dir='ltr'>tenebuntur.</span> <span class='ocrx_word' id='word_1_63' title='bbox 865 1292 902 1363; x_wconf 91' lang='lat' dir='ltr'>Si</span> <span class='ocrx_word' id='word_1_64' title='bbox 921 1292 999 1383; x_wconf 92' lang='lat' dir='ltr'>quis</span> <span class='ocrx_word' id='word_1_65' title='bbox 1025 1298 1142 1365; x_wconf 88' lang='lat' dir='ltr'>autem</span> <span class='ocrx_word' id='word_1_66' title='bbox 1159 1294 1258 1365; x_wconf 90' lang='lat' dir='ltr'>miles</span> <span class='ocrx_word' id='word_1_67' title='bbox 1275 1290 1451 1401; x_wconf 65' lang='lat' dir='ltr'>pqpeiatas</span> <span class='ocrx_word' id='word_1_68' title='bbox 1478 1294 1629 1366; x_wconf 89' lang='lat' dir='ltr'>decimas</span> <span class='ocrx_word' id='word_1_69' title='bbox 1646 1296 1735 1368; x_wconf 90' lang='lat' dir='ltr'>reci-</span> 
     </span>
     <span class='ocr_line' id='line_1_8' title="bbox 182 1408 1735 1511; baseline 0.001 -25"><span class='ocrx_word' id='word_1_70' title='bbox 182 1434 264 1505; x_wconf 92' lang='lat' dir='ltr'>pere</span> <span class='ocrx_word' id='word_1_71' title='bbox 290 1415 562 1504; x_wconf 81' lang='lat' dir='ltr'>praesumpserit</span> <span class='ocrx_word' id='word_1_72' title='bbox 589 1414 769 1504; x_wconf 91' lang='lat' dir='ltr'>violenter,</span> <span class='ocrx_word' id='word_1_73' title='bbox 796 1414 827 1484; x_wconf 90' lang='lat' dir='ltr'>is</span> <span class='ocrx_word' id='word_1_74' title='bbox 844 1433 970 1503; x_wconf 91' lang='lat' dir='ltr'>poena,</span> <span class='ocrx_word' id='word_1_75' title='bbox 998 1435 1085 1504; x_wconf 90' lang='lat' dir='ltr'>quae</span> <span class='ocrx_word' id='word_1_76' title='bbox 1103 1414 1263 1504; x_wconf 90' lang='lat' dir='ltr'>polonica</span> <span class='ocrx_word' id='word_1_77' title='bbox 1287 1408 1407 1505; x_wconf 84' lang='lat' dir='ltr'>lingua</span> <span class='ocrx_word' id='word_1_78' title='bbox 1433 1415 1561 1487; x_wconf 89' lang='lat' dir='ltr'>dicitur</span> <span class='ocrx_word' id='word_1_79' title='bbox 1580 1437 1735 1511; x_wconf 78' lang='lat' dir='ltr'>ppuacz-</span> 
     </span>
     <span class='ocr_line' id='line_1_9' title="bbox 181 1530 1735 1626; baseline 0.003 -22"><span class='ocrx_word' id='word_1_80' title='bbox 181 1530 357 1605; x_wconf 64' lang='lat' dir='ltr'>masaa</span> <span class='ocrx_word' id='word_1_81' title='bbox 383 1555 447 1625; x_wconf 94' lang='lat' dir='ltr'>per</span> <span class='ocrx_word' id='word_1_82' title='bbox 473 1539 612 1606; x_wconf 89' lang='lat' dir='ltr'>nostros</span> <span class='ocrx_word' id='word_1_83' title='bbox 638 1533 770 1606; x_wconf 92' lang='lat' dir='ltr'>iudices</span> <span class='ocrx_word' id='word_1_84' title='bbox 797 1553 859 1604; x_wconf 88' lang='lat' dir='ltr'>seu</span> <span class='ocrx_word' id='word_1_85' title='bbox 884 1533 1060 1625; x_wconf 89' lang='lat' dir='ltr'>subditos,</span> <span class='ocrx_word' id='word_1_86' title='bbox 1088 1535 1371 1624; x_wconf 90' lang='lat' dir='ltr'>quaerulantibus</span> <span class='ocrx_word' id='word_1_87' title='bbox 1399 1535 1534 1607; x_wconf 88' lang='lat' dir='ltr'>clericis</span> <span class='ocrx_word' id='word_1_88' title='bbox 1560 1536 1615 1607; x_wconf 92' lang='lat' dir='ltr'>vel</span> <span class='ocrx_word' id='word_1_89' title='bbox 1642 1537 1735 1626; x_wconf 92' lang='lat' dir='ltr'>ipso-</span> 
     </span>
     <span class='ocr_line' id='line_1_10' title="bbox 181 1654 1735 1748; baseline 0.001 -22"><span class='ocrx_word' id='word_1_90' title='bbox 181 1675 259 1726; x_wconf 92' lang='lat' dir='ltr'>rum</span> <span class='ocrx_word' id='word_1_91' title='bbox 293 1655 580 1745; x_wconf 87' lang='lat' dir='ltr'>procuratoribus</span> <span class='ocrx_word' id='word_1_92' title='bbox 616 1654 881 1744; x_wconf 89' lang='lat' dir='ltr'>condemnetur,</span> <span class='ocrx_word' id='word_1_93' title='bbox 916 1659 957 1727; x_wconf 94' lang='lat' dir='ltr'>ut</span> <span class='ocrx_word' id='word_1_94' title='bbox 983 1654 1030 1726; x_wconf 92' lang='lat' dir='ltr'>sit</span> <span class='ocrx_word' id='word_1_95' title='bbox 1061 1654 1206 1744; x_wconf 90' lang='lat' dir='ltr'>quilibet</span> <span class='ocrx_word' id='word_1_96' title='bbox 1242 1655 1314 1727; x_wconf 91' lang='lat' dir='ltr'>suis</span> <span class='ocrx_word' id='word_1_97' title='bbox 1349 1656 1453 1727; x_wconf 89' lang='lat' dir='ltr'>rebus</span> <span class='ocrx_word' id='word_1_98' title='bbox 1480 1661 1527 1727; x_wconf 76' lang='lat' dir='ltr'>‘et</span> <span class='ocrx_word' id='word_1_99' title='bbox 1553 1656 1735 1748; x_wconf 89' lang='lat' dir='ltr'>stipendiis</span> 
     </span>
     <span class='ocr_line' id='line_1_11' title="bbox 182 1774 1736 1866; baseline 0 -19"><span class='ocrx_word' id='word_1_100' title='bbox 182 1779 382 1866; x_wconf 90' lang='lat' dir='ltr'>contentus,</span> <span class='ocrx_word' id='word_1_101' title='bbox 418 1774 556 1848; x_wconf 91' lang='lat' dir='ltr'>domino</span> <span class='ocrx_word' id='word_1_102' title='bbox 583 1775 676 1865; x_wconf 91' lang='lat' dir='ltr'>Deo,</span> <span class='ocrx_word' id='word_1_103' title='bbox 712 1795 828 1865; x_wconf 91' lang='lat' dir='ltr'>aquo</span> <span class='ocrx_word' id='word_1_104' title='bbox 855 1775 946 1846; x_wconf 91' lang='lat' dir='ltr'>bona</span> <span class='ocrx_word' id='word_1_105' title='bbox 972 1779 1096 1848; x_wconf 91' lang='lat' dir='ltr'>cuncta</span> <span class='ocrx_word' id='word_1_106' title='bbox 1130 1775 1338 1866; x_wconf 90' lang='lat' dir='ltr'>procedunt,</span> <span class='ocrx_word' id='word_1_107' title='bbox 1373 1775 1517 1848; x_wconf 91' lang='lat' dir='ltr'>liberius</span> <span class='ocrx_word' id='word_1_108' title='bbox 1543 1775 1736 1849; x_wconf 84' lang='lat' dir='ltr'>famuletur.</span> 
     </span>
     <span class='ocr_line' id='line_1_12' title="bbox 183 1895 1736 1987; baseline 0.001 -21"><span class='ocrx_word' id='word_1_109' title='bbox 183 1895 224 1966; x_wconf 95' lang='lat' dir='ltr'>In</span> <span class='ocrx_word' id='word_1_110' title='bbox 251 1916 398 1986; x_wconf 93' lang='lat' dir='ltr'>quorum</span> <span class='ocrx_word' id='word_1_111' title='bbox 424 1896 660 1967; x_wconf 90' lang='lat' dir='ltr'>testimonium</span> <span class='ocrx_word' id='word_1_112' title='bbox 687 1902 724 1967; x_wconf 91' lang='lat' dir='ltr'>et</span> <span class='ocrx_word' id='word_1_113' title='bbox 750 1895 959 1966; x_wconf 91' lang='lat' dir='ltr'>evidentiam</span> <span class='ocrx_word' id='word_1_114' title='bbox 986 1895 1190 1985; x_wconf 87' lang='lat' dir='ltr'>firmiorem,</span> <span class='ocrx_word' id='word_1_115' title='bbox 1218 1896 1298 1967; x_wconf 92' lang='lat' dir='ltr'>huic</span> <span class='ocrx_word' id='word_1_116' title='bbox 1324 1897 1471 1987; x_wconf 84' lang='lat' dir='ltr'>paginae</span> <span class='ocrx_word' id='word_1_117' title='bbox 1497 1902 1673 1986; x_wconf 91' lang='lat' dir='ltr'>nostrum,</span> <span class='ocrx_word' id='word_1_118' title='bbox 1700 1906 1736 1968; x_wconf 90' lang='lat' dir='ltr'>et</span> 
     </span>
     <span class='ocr_line' id='line_1_13' title="bbox 186 2014 1736 2109; baseline 0.001 -22"><span class='ocrx_word' id='word_1_119' title='bbox 186 2015 371 2087; x_wconf 90' lang='lat' dir='ltr'>reverendi</span> <span class='ocrx_word' id='word_1_120' title='bbox 397 2016 507 2104; x_wconf 86' lang='lat' dir='ltr'>patris</span> <span class='ocrx_word' id='word_1_121' title='bbox 535 2015 665 2087; x_wconf 93' lang='lat' dir='ltr'>domini</span> <span class='ocrx_word' id='word_1_122' title='bbox 691 2014 919 2105; x_wconf 90' lang='lat' dir='ltr'>Jaroslai,</span> <span class='ocrx_word' id='word_1_123' title='bbox 956 2021 1097 2087; x_wconf 89' lang='lat' dir='ltr'>sanctae</span> <span class='ocrx_word' id='word_1_124' title='bbox 1124 2017 1290 2087; x_wconf 89' lang='lat' dir='ltr'>ecclesiae</span> <span class='ocrx_word' id='word_1_125' title='bbox 1317 2015 1529 2088; x_wconf 86' lang='lat' dir='ltr'>Gneznensis</span> <span class='ocrx_word' id='word_1_126' title='bbox 1564 2016 1736 2109; x_wconf 90' lang='lat' dir='ltr'>archiepi-</span> 
     </span>
     <span class='ocr_line' id='line_1_14' title="bbox 184 2135 1736 2226; baseline 0.001 -19"><span class='ocrx_word' id='word_1_127' title='bbox 184 2136 296 2225; x_wconf 89' lang='lat' dir='ltr'>scopi,</span> <span class='ocrx_word' id='word_1_128' title='bbox 324 2135 428 2207; x_wconf 89' lang='lat' dir='ltr'>huius</span> <span class='ocrx_word' id='word_1_129' title='bbox 456 2136 585 2226; x_wconf 90' lang='lat' dir='ltr'>negotii</span> <span class='ocrx_word' id='word_1_130' title='bbox 612 2135 830 2226; x_wconf 90' lang='lat' dir='ltr'>mediatoris,</span> <span class='ocrx_word' id='word_1_131' title='bbox 858 2136 1010 2226; x_wconf 90' lang='lat' dir='ltr'>sigillum</span> <span class='ocrx_word' id='word_1_132' title='bbox 1038 2141 1093 2207; x_wconf 90' lang='lat' dir='ltr'>est</span> <span class='ocrx_word' id='word_1_133' title='bbox 1112 2157 1310 2226; x_wconf 89' lang='lat' dir='ltr'>appensum.</span> <span class='ocrx_word' id='word_1_134' title='bbox 1337 2137 1464 2209; x_wconf 88' lang='lat' dir='ltr'>Actum</span> <span class='ocrx_word' id='word_1_135' title='bbox 1491 2136 1736 2226; x_wconf 85' lang='lat' dir='ltr'>Gracoviae‚</span> 
     </span>
     <span class='ocr_line' id='line_1_15' title="bbox 183 2255 1736 2350; baseline 0.002 -24"><span class='ocrx_word' id='word_1_136' title='bbox 183 2255 372 2328; x_wconf 90' lang='lat' dir='ltr'>tredecimo</span> <span class='ocrx_word' id='word_1_137' title='bbox 391 2255 560 2329; x_wconf 79' lang='lat' dir='ltr'>Calendas</span> <span class='ocrx_word' id='word_1_138' title='bbox 587 2255 682 2346; x_wconf 89' lang='lat' dir='ltr'>Julii,</span> <span class='ocrx_word' id='word_1_139' title='bbox 710 2277 800 2329; x_wconf 90' lang='lat' dir='ltr'>anno</span> <span class='ocrx_word' id='word_1_140' title='bbox 818 2256 958 2329; x_wconf 91' lang='lat' dir='ltr'>Domini</span> <span class='ocrx_word' id='word_1_141' title='bbox 975 2257 1157 2328; x_wconf 89' lang='lat' dir='ltr'>millesimo</span> <span class='ocrx_word' id='word_1_142' title='bbox 1184 2259 1428 2330; x_wconf 85' lang='lat' dir='ltr'>trecentesimo</span> <span class='ocrx_word' id='word_1_143' title='bbox 1455 2259 1736 2350; x_wconf 89' lang='lat' dir='ltr'>quinquagesimo</span> 
     </span>
     <span class='ocr_line' id='line_1_16' title="bbox 185 2375 1737 2450; baseline 0.002 -4"><span class='ocrx_word' id='word_1_144' title='bbox 185 2375 345 2448; x_wconf 90' lang='lat' dir='ltr'>seeundo.</span> <span class='ocrx_word' id='word_1_145' title='bbox 372 2377 620 2449; x_wconf 88' lang='lat' dir='ltr'>Praesentibus</span> <span class='ocrx_word' id='word_1_146' title='bbox 647 2377 820 2449; x_wconf 90' lang='lat' dir='ltr'>nobilibus</span> <span class='ocrx_word' id='word_1_147' title='bbox 847 2378 931 2449; x_wconf 90' lang='lat' dir='ltr'>viris</span> <span class='ocrx_word' id='word_1_148' title='bbox 958 2377 1146 2449; x_wconf 89' lang='lat' dir='ltr'>baronibus</span> <span class='ocrx_word' id='word_1_149' title='bbox 1173 2379 1320 2448; x_wconf 89' lang='lat' dir='ltr'>nostris:</span> <span class='ocrx_word' id='word_1_150' title='bbox 1348 2376 1483 2450; x_wconf 89' lang='lat' dir='ltr'>Joanne</span> <span class='ocrx_word' id='word_1_151' title='bbox 1510 2378 1532 2450; x_wconf 90' lang='lat' dir='ltr'>J</span> <span class='ocrx_word' id='word_1_152' title='bbox 1542 2400 1625 2449; x_wconf 90' lang='lat' dir='ltr'>ura</span> <span class='ocrx_word' id='word_1_153' title='bbox 1651 2377 1737 2449; x_wconf 89' lang='lat' dir='ltr'>San-</span> 
     </span>
     <span class='ocr_line' id='line_1_17' title="bbox 185 2496 1738 2590; baseline 0.001 -22"><span class='ocrx_word' id='word_1_154' title='bbox 185 2497 400 2589; x_wconf 90' lang='lat' dir='ltr'>domiriensi,</span> <span class='ocrx_word' id='word_1_155' title='bbox 422 2498 598 2570; x_wconf 91' lang='lat' dir='ltr'>Imramo</span> <span class='ocrx_word' id='word_1_156' title='bbox 623 2496 844 2569; x_wconf 83' lang='lat' dir='ltr'>Cracoviensi</span> <span class='ocrx_word' id='word_1_157' title='bbox 861 2497 1034 2589; x_wconf 87' lang='lat' dir='ltr'>palatinis,</span> <span class='ocrx_word' id='word_1_158' title='bbox 1053 2497 1206 2569; x_wconf 90' lang='lat' dir='ltr'>Otthone</span> <span class='ocrx_word' id='word_1_159' title='bbox 1225 2498 1431 2569; x_wconf 90' lang='lat' dir='ltr'>cancellario</span> <span class='ocrx_word' id='word_1_160' title='bbox 1449 2500 1548 2588; x_wconf 89' lang='lat' dir='ltr'>regni</span> <span class='ocrx_word' id='word_1_161' title='bbox 1565 2498 1738 2590; x_wconf 90' lang='lat' dir='ltr'>Poloniae,</span> 
     </span>
     <span class='ocr_line' id='line_1_18' title="bbox 185 2617 1739 2709; baseline 0.001 -22"><span class='ocrx_word' id='word_1_162' title='bbox 185 2617 427 2690; x_wconf 87' lang='lat' dir='ltr'>Wilczkone</span> <span class='ocrx_word' id='word_1_163' title='bbox 451 2618 740 2707; x_wconf 87' lang='lat' dir='ltr'>Sandomiriensi,</span> <span class='ocrx_word' id='word_1_164' title='bbox 768 2618 919 2691; x_wconf 89' lang='lat' dir='ltr'>Henrico</span> <span class='ocrx_word' id='word_1_165' title='bbox 938 2618 1165 2709; x_wconf 88' lang='lat' dir='ltr'>Wislieiensi,</span> <span class='ocrx_word' id='word_1_166' title='bbox 1192 2618 1326 2690; x_wconf 86' lang='lat' dir='ltr'>Joanne</span> <span class='ocrx_word' id='word_1_167' title='bbox 1339 2618 1563 2690; x_wconf 87' lang='lat' dir='ltr'>Woiniciensi</span> <span class='ocrx_word' id='word_1_168' title='bbox 1582 2618 1739 2690; x_wconf 89' lang='lat' dir='ltr'>castella-</span> 
     </span>
     <span class='ocr_line' id='line_1_19' title="bbox 107 2736 1740 2833; baseline 0.003 -25"><span class='ocrx_word' id='word_1_169' title='bbox 107 2826 110 2833; x_wconf 13' lang='grc' dir='ltr'><strong><em>ν</em></strong></span> <span class='ocrx_word' id='word_1_170' title='bbox 185 2739 259 2828; x_wconf 82' lang='lat' dir='ltr'>nis3</span> <span class='ocrx_word' id='word_1_171' title='bbox 286 2737 474 2812; x_wconf 90' lang='lat' dir='ltr'>Jannussio</span> <span class='ocrx_word' id='word_1_172' title='bbox 500 2738 644 2812; x_wconf 88' lang='lat' dir='ltr'>doctore</span> <span class='ocrx_word' id='word_1_173' title='bbox 671 2738 908 2828; x_wconf 88' lang='lat' dir='ltr'>decretorum,</span> <span class='ocrx_word' id='word_1_174' title='bbox 936 2739 1112 2810; x_wconf 91' lang='lat' dir='ltr'>Hermano</span> <span class='ocrx_word' id='word_1_175' title='bbox 1139 2738 1345 2810; x_wconf 79' lang='lat' dir='ltr'>cancellario</span> <span class='ocrx_word' id='word_1_176' title='bbox 1364 2736 1571 2830; x_wconf 85' lang='lat' dir='ltr'>Guiaviensi,</span> <span class='ocrx_word' id='word_1_177' title='bbox 1599 2739 1740 2813; x_wconf 81' lang='lat' dir='ltr'>Andrec</span> 
     </span>
     <span class='ocr_line' id='line_1_20' title="bbox 185 2832 1739 2951; baseline 0.001 -21"><span class='ocrx_word' id='word_1_178' title='bbox 185 2832 438 2933; x_wconf 69' lang='lat' dir='ltr'>subcamerario</span> <span class='ocrx_word' id='word_1_179' title='bbox 468 2859 708 2951; x_wconf 85' lang='lat' dir='ltr'>Gracoviensi,</span> <span class='ocrx_word' id='word_1_180' title='bbox 735 2859 912 2931; x_wconf 84' lang='lat' dir='ltr'>Clemente</span> <span class='ocrx_word' id='word_1_181' title='bbox 929 2859 1219 2950; x_wconf 83' lang='lat' dir='ltr'>Sandomiriensi‚</span> <span class='ocrx_word' id='word_1_182' title='bbox 1248 2860 1391 2931; x_wconf 90' lang='lat' dir='ltr'>Nicolao</span> <span class='ocrx_word' id='word_1_183' title='bbox 1409 2860 1632 2932; x_wconf 78' lang='lat' dir='ltr'>cracoviensi</span> <span class='ocrx_word' id='word_1_184' title='bbox 1658 2860 1739 2933; x_wconf 87' lang='lat' dir='ltr'>sub-</span> 
     </span>
    </p>
   </div>
   <div class='ocr_carea' id='block_1_5' title="bbox 186 2964 1890 3072">
    <p class='ocr_par' dir='ltr' id='par_1_5' title="bbox 175 2964 1890 3073">
     <span class='ocr_line' id='line_1_21' title="bbox 186 2964 1890 3072; baseline 0.001 -20.987"><span class='ocrx_word' id='word_1_185' title='bbox 186 2976 1739 3072; x_wconf 82' lang='lat' dir='ltr'>dapifere,SzaschkonesubpincemaOracovieusi,ZawisschadeKowal&#39;e,</span> <span class='ocrx_word' id='word_1_186' title='bbox 1883 2964 1890 2973; x_wconf 66' lang='grc'>’</span> 
     </span>
    </p>
   </div>
   <div class='ocr_carea' id='block_1_6' title="bbox 186 3088 1740 3193">
    <p class='ocr_par' dir='ltr' id='par_1_6' title="bbox 186 3088 1740 3193">
     <span class='ocr_line' id='line_1_22' title="bbox 186 3088 1740 3193; baseline -0.001 -21"><span class='ocrx_word' id='word_1_187' title='bbox 186 3107 223 3172; x_wconf 91' lang='lat' dir='ltr'>et</span> <span class='ocrx_word' id='word_1_188' title='bbox 239 3103 318 3174; x_wconf 89' lang='lat' dir='ltr'>aliis</span> <span class='ocrx_word' id='word_1_189' title='bbox 337 3104 497 3193; x_wconf 89' lang='lat' dir='ltr'>pluribus</span> <span class='ocrx_word' id='word_1_190' title='bbox 517 3102 586 3175; x_wconf 86' lang='lat' dir='ltr'>tide</span> <span class='ocrx_word' id='word_1_191' title='bbox 607 3103 740 3193; x_wconf 80' lang='lat' dir='ltr'>dignis,</span> <span class='ocrx_word' id='word_1_192' title='bbox 767 3124 831 3192; x_wconf 92' lang='lat' dir='ltr'>per</span> <span class='ocrx_word' id='word_1_193' title='bbox 848 3123 971 3174; x_wconf 91' lang='lat' dir='ltr'>manus</span> <span class='ocrx_word' id='word_1_194' title='bbox 999 3102 1127 3175; x_wconf 90' lang='lat' dir='ltr'>domini</span> <span class='ocrx_word' id='word_1_195' title='bbox 1155 3102 1369 3193; x_wconf 91' lang='lat' dir='ltr'>Sbignei,</span> <span class='ocrx_word' id='word_1_196' title='bbox 1397 3102 1593 3175; x_wconf 90' lang='lat' dir='ltr'>cancellarii</span> <span class='ocrx_word' id='word_1_197' title='bbox 1619 3088 1740 3174; x_wconf 75' lang='lat' dir='ltr'>nostri.</span> 
     </span>
    </p>
   </div>
   <div class='ocr_carea' id='block_1_7' title="bbox 113 3420 1793 3954">
    <p class='ocr_par' dir='ltr' id='par_1_7' title="bbox 113 3420 1793 3954">
     <span class='ocr_line' id='line_1_23' title="bbox 192 3420 1740 3547; baseline 0.001 -36"><span class='ocrx_word' id='word_1_198' title='bbox 192 3422 455 3536; x_wconf 78' lang='lat' dir='ltr'>Privileqlum</span> <span class='ocrx_word' id='word_1_199' title='bbox 478 3433 633 3514; x_wconf 86' lang='lat' dir='ltr'>domini</span> <span class='ocrx_word' id='word_1_200' title='bbox 654 3433 853 3514; x_wconf 82' lang='lat' dir='ltr'>vladislal</span> <span class='ocrx_word' id='word_1_201' title='bbox 887 3436 1001 3538; x_wconf 82' lang='lat' dir='ltr'>repis</span> <span class='ocrx_word' id='word_1_202' title='bbox 1034 3432 1249 3533; x_wconf 80' lang='lat' dir='ltr'>Poloniae,</span> <span class='ocrx_word' id='word_1_203' title='bbox 1282 3433 1480 3513; x_wconf 82' lang='lat' dir='ltr'>ecelesiis</span> <span class='ocrx_word' id='word_1_204' title='bbox 1509 3437 1554 3512; x_wconf 81' lang='lat' dir='ltr'>et</span> <span class='ocrx_word' id='word_1_205' title='bbox 1571 3420 1740 3547; x_wconf 61' lang='lat' dir='ltr'>millitia</span> 
     </span>
     <span class='ocr_line' id='line_1_24' title="bbox 191 3548 1793 3677; baseline -0.002 -27"><span class='ocrx_word' id='word_1_206' title='bbox 191 3573 320 3675; x_wconf 78' lang='lat' dir='ltr'>regni</span> <span class='ocrx_word' id='word_1_207' title='bbox 353 3571 551 3651; x_wconf 80' lang='lat' dir='ltr'>Poloniae</span> <span class='ocrx_word' id='word_1_208' title='bbox 593 3571 733 3652; x_wconf 84' lang='lat' dir='ltr'>datum</span> <span class='ocrx_word' id='word_1_209' title='bbox 778 3574 817 3651; x_wconf 88' lang='lat' dir='ltr'>ln</span> <span class='ocrx_word' id='word_1_210' title='bbox 860 3548 1103 3677; x_wconf 76' lang='lat' dir='ltr'>Pyotrlrow,</span> <span class='ocrx_word' id='word_1_211' title='bbox 1146 3570 1225 3650; x_wconf 84' lang='lat' dir='ltr'>sub</span> <span class='ocrx_word' id='word_1_212' title='bbox 1272 3591 1382 3650; x_wconf 87' lang='lat' dir='ltr'>anno</span> <span class='ocrx_word' id='word_1_213' title='bbox 1425 3568 1589 3651; x_wconf 86' lang='lat' dir='ltr'>Domini</span> <span class='ocrx_word' id='word_1_214' title='bbox 1631 3564 1739 3657; x_wconf 73' lang='lat'>¹³80.</span> <span class='ocrx_word' id='word_1_215' title='bbox 1791 3564 1793 3568; x_wconf 47' lang='lat'><strong>⁴</strong></span> 
     </span>
     <span class='ocr_line' id='line_1_25' title="bbox 113 3687 1739 3811; baseline -0.003 -18"><span class='ocrx_word' id='word_1_216' title='bbox 113 3786 116 3793; x_wconf 87' lang='lat'><em>.</em></span> <span class='ocrx_word' id='word_1_217' title='bbox 190 3708 368 3789; x_wconf 72' lang='lat' dir='ltr'>&#39;sabbato</span> <span class='ocrx_word' id='word_1_218' title='bbox 391 3714 488 3789; x_wconf 82' lang='lat' dir='ltr'>ante</span> <span class='ocrx_word' id='word_1_219' title='bbox 511 3709 762 3790; x_wconf 84' lang='lat' dir='ltr'>domlnlcam</span> <span class='ocrx_word' id='word_1_220' title='bbox 787 3710 919 3811; x_wconf 88' lang='lat' dir='ltr'>oculi,</span> <span class='ocrx_word' id='word_1_221' title='bbox 952 3711 1176 3790; x_wconf 80' lang='lat' dir='ltr'>continens</span> <span class='ocrx_word' id='word_1_222' title='bbox 1193 3707 1396 3789; x_wconf 82' lang='lat' dir='ltr'>artleulos</span> <span class='ocrx_word' id='word_1_223' title='bbox 1428 3687 1739 3797; x_wconf 67' lang='lat' dir='ltr'>libertitlonum</span> 
     </span>
     <span class='ocr_line' id='line_1_26' title="bbox 771 3827 1515 3954; baseline -0.004 -25"><span class='ocrx_word' id='word_1_224' title='bbox 771 3853 815 3929; x_wconf 87' lang='lat' dir='ltr'>et</span> <span class='ocrx_word' id='word_1_225' title='bbox 846 3849 1158 3954; x_wconf 86' lang='lat' dir='ltr'>exceptlonum.</span> <span class='ocrx_word' id='word_1_226' title='bbox 1511 3827 1515 3837; x_wconf 54' lang='grc'><strong>“</strong></span> 
     </span>
    </p>
   </div>
   <div class='ocr_carea' id='block_1_8' title="bbox 191 4046 1772 5364">
    <p class='ocr_par' dir='ltr' id='par_1_8' title="bbox 191 4046 1772 5364">
     <span class='ocr_line' id='line_1_27' title="bbox 283 4046 1742 4176; baseline 0.001 -37"><span class='ocrx_word' id='word_1_227' title='bbox 283 4058 350 4139; x_wconf 78' lang='lat' dir='ltr'>&#39;‘ln-</span> <span class='ocrx_word' id='word_1_228' title='bbox 361 4068 499 4140; x_wconf 90' lang='lat' dir='ltr'>nomine</span> <span class='ocrx_word' id='word_1_229' title='bbox 533 4066 675 4139; x_wconf 90' lang='lat' dir='ltr'>Domini</span> <span class='ocrx_word' id='word_1_230' title='bbox 700 4067 822 4139; x_wconf 87' lang='lat' dir='ltr'>Amen.</span> <span class='ocrx_word' id='word_1_231' title='bbox 857 4068 914 4140; x_wconf 87' lang='lat' dir='ltr'>Ad</span> <span class='ocrx_word' id='word_1_232' title='bbox 940 4073 1144 4160; x_wconf 85' lang='lat' dir='ltr'>perpetuam</span> <span class='ocrx_word' id='word_1_233' title='bbox 1179 4069 1232 4141; x_wconf 90' lang='lat' dir='ltr'>rei</span> <span class='ocrx_word' id='word_1_234' title='bbox 1267 4070 1476 4140; x_wconf 90' lang='lat' dir='ltr'>memoriam.</span> <span class='ocrx_word' id='word_1_235' title='bbox 1510 4046 1648 4176; x_wconf 62' lang='lat' dir='ltr'>Revera</span> <span class='ocrx_word' id='word_1_236' title='bbox 1673 4046 1742 4140; x_wconf 75' lang='lat' dir='ltr'>cle·</span> 
     </span>
     <span class='ocr_line' id='line_1_28' title="bbox 191 4186 1744 4281; baseline 0.001 -23"><span class='ocrx_word' id='word_1_237' title='bbox 191 4189 321 4260; x_wconf 88' lang='lat' dir='ltr'>mentia</span> <span class='ocrx_word' id='word_1_238' title='bbox 346 4188 512 4260; x_wconf 88' lang='lat' dir='ltr'>salutaris</span> <span class='ocrx_word' id='word_1_239' title='bbox 538 4189 680 4260; x_wconf 90' lang='lat' dir='ltr'>humani</span> <span class='ocrx_word' id='word_1_240' title='bbox 707 4191 846 4280; x_wconf 92' lang='lat' dir='ltr'>generis</span> <span class='ocrx_word' id='word_1_241' title='bbox 872 4186 1120 4280; x_wconf 89' lang='lat' dir='ltr'>imbecillitati,</span> <span class='ocrx_word' id='word_1_242' title='bbox 1155 4208 1224 4281; x_wconf 90' lang='lat' dir='ltr'>quo</span> <span class='ocrx_word' id='word_1_243' title='bbox 1250 4186 1452 4281; x_wconf 91' lang='lat' dir='ltr'>plerumque</span> <span class='ocrx_word' id='word_1_244' title='bbox 1483 4187 1632 4261; x_wconf 90' lang='lat' dir='ltr'>decursu</span> <span class='ocrx_word' id='word_1_245' title='bbox 1656 4191 1744 4259; x_wconf 88' lang='lat' dir='ltr'>tem-</span> 
     </span>
     <span class='ocr_line' id='line_1_29' title="bbox 191 4300 1745 4425; baseline -0.001 -45"><span class='ocrx_word' id='word_1_246' title='bbox 191 4309 286 4398; x_wconf 90' lang='lat' dir='ltr'>poris</span> <span class='ocrx_word' id='word_1_247' title='bbox 312 4315 349 4380; x_wconf 90' lang='lat' dir='ltr'>et</span> <span class='ocrx_word' id='word_1_248' title='bbox 376 4309 559 4382; x_wconf 85' lang='lat' dir='ltr'>oblivionis</span> <span class='ocrx_word' id='word_1_249' title='bbox 595 4329 715 4382; x_wconf 90' lang='lat' dir='ltr'>errore</span> <span class='ocrx_word' id='word_1_250' title='bbox 752 4308 994 4409; x_wconf 81' lang='lat' dir='ltr'>confunditur,</span> <span class='ocrx_word' id='word_1_251' title='bbox 1028 4309 1276 4415; x_wconf 88' lang='lat' dir='ltr'>industriosum</span> <span class='ocrx_word' id='word_1_252' title='bbox 1313 4309 1440 4381; x_wconf 92' lang='lat' dir='ltr'>indidit</span> <span class='ocrx_word' id='word_1_253' title='bbox 1469 4308 1694 4425; x_wconf 45' lang='lat' dir='ltr'>remediumffi</span> <span class='ocrx_word' id='word_1_254' title='bbox 1703 4300 1745 4380; x_wconf 87' lang='lat' dir='ltr'>ut</span> 
     </span>
     <span class='ocr_line' id='line_1_30' title="bbox 191 4426 1744 4522; baseline -0.003 -21"><span class='ocrx_word' id='word_1_255' title='bbox 191 4434 290 4501; x_wconf 87' lang='lat' dir='ltr'>actus</span> <span class='ocrx_word' id='word_1_256' title='bbox 317 4450 398 4502; x_wconf 92' lang='lat' dir='ltr'>suos</span> <span class='ocrx_word' id='word_1_257' title='bbox 424 4434 461 4502; x_wconf 94' lang='lat' dir='ltr'>et</span> <span class='ocrx_word' id='word_1_258' title='bbox 487 4431 666 4522; x_wconf 79' lang='lat' dir='ltr'>signanter</span> <span class='ocrx_word' id='word_1_259' title='bbox 691 4431 959 4521; x_wconf 87' lang='lat' dir='ltr'>perpetuitatem</span> <span class='ocrx_word' id='word_1_260' title='bbox 978 4428 1246 4521; x_wconf 69' lang='lat' dir='ltr'>concernentes·</span> <span class='ocrx_word' id='word_1_261' title='bbox 1260 4430 1437 4503; x_wconf 88' lang='lat' dir='ltr'>consvevit</span> <span class='ocrx_word' id='word_1_262' title='bbox 1453 4429 1651 4501; x_wconf 88' lang='lat' dir='ltr'>litterarum</span> <span class='ocrx_word' id='word_1_263' title='bbox 1669 4426 1744 4519; x_wconf 88' lang='lat' dir='ltr'>api·</span> 
     </span>
     <span class='ocr_line' id='line_1_31' title="bbox 192 4549 1744 4642; baseline -0.001 -20"><span class='ocrx_word' id='word_1_264' title='bbox 192 4549 289 4623; x_wconf 88' lang='lat' dir='ltr'>cibus</span> <span class='ocrx_word' id='word_1_265' title='bbox 315 4550 533 4640; x_wconf 89' lang='lat' dir='ltr'>perhennari.</span> <span class='ocrx_word' id='word_1_266' title='bbox 559 4549 712 4623; x_wconf 90' lang='lat' dir='ltr'>Proinde</span> <span class='ocrx_word' id='word_1_267' title='bbox 739 4551 813 4623; x_wconf 89' lang='lat' dir='ltr'>Nos</span> <span class='ocrx_word' id='word_1_268' title='bbox 831 4550 1124 4642; x_wconf 88' lang='lat' dir='ltr'>Vladisla&#39;us,</span> <span class='ocrx_word' id='word_1_269' title='bbox 1149 4549 1216 4623; x_wconf 94' lang='lat' dir='ltr'>Dei</span> <span class='ocrx_word' id='word_1_270' title='bbox 1240 4553 1357 4642; x_wconf 91' lang='lat' dir='ltr'>gratia</span> <span class='ocrx_word' id='word_1_271' title='bbox 1381 4571 1444 4623; x_wconf 86' lang='lat' dir='ltr'>rex</span> <span class='ocrx_word' id='word_1_272' title='bbox 1470 4549 1652 4639; x_wconf 89' lang='lat' dir='ltr'>Poloniae,</span> <span class='ocrx_word' id='word_1_273' title='bbox 1679 4566 1744 4639; x_wconf 82' lang='lat' dir='ltr'>nec</span> 
     </span>
     <span class='ocr_line' id='line_1_32' title="bbox 193 4646 1742 4763; baseline -0.001 -22"><span class='ocrx_word' id='word_1_274' title='bbox 193 4690 261 4742; x_wconf 92' lang='lat' dir='ltr'>non</span> <span class='ocrx_word' id='word_1_275' title='bbox 287 4675 463 4743; x_wconf 80' lang='lat' dir='ltr'>terrarum</span> <span class='ocrx_word' id='word_1_276' title='bbox 490 4669 684 4763; x_wconf 73' lang='lat' dir='ltr'>cracoviae,</span> <span class='ocrx_word' id='word_1_277' title='bbox 712 4672 959 4761; x_wconf 85' lang='lat' dir='ltr'>Sandomiriae,</span> <span class='ocrx_word' id='word_1_278' title='bbox 987 4670 1152 4761; x_wconf 89' lang='lat' dir='ltr'>Siradiae,</span> <span class='ocrx_word' id='word_1_279' title='bbox 1179 4671 1371 4761; x_wconf 86' lang='lat' dir='ltr'>Lanciciae,</span> <span class='ocrx_word' id='word_1_280' title='bbox 1397 4669 1571 4760; x_wconf 82' lang='lat' dir='ltr'>Ouiaviae,</span> <span class='ocrx_word' id='word_1_281' title='bbox 1597 4646 1742 4757; x_wconf 79' lang='lat' dir='ltr'>Lithro-</span> 
     </span>
     <span class='ocr_line' id='line_1_33' title="bbox 192 4790 1742 4889; baseline -0.004 -24"><span class='ocrx_word' id='word_1_282' title='bbox 192 4790 338 4882; x_wconf 85' lang='lat' dir='ltr'>niacque</span> <span class='ocrx_word' id='word_1_283' title='bbox 363 4793 526 4883; x_wconf 88' lang='lat' dir='ltr'>princeps</span> <span class='ocrx_word' id='word_1_284' title='bbox 553 4813 743 4884; x_wconf 90' lang='lat' dir='ltr'>supremus,</span> <span class='ocrx_word' id='word_1_285' title='bbox 770 4791 1013 4881; x_wconf 90' lang='lat' dir='ltr'>Pomeraniae,</span> <span class='ocrx_word' id='word_1_286' title='bbox 1040 4792 1255 4884; x_wconf 88' lang='lat' dir='ltr'>Russiaeque</span> <span class='ocrx_word' id='word_1_287' title='bbox 1281 4792 1438 4864; x_wconf 89' lang='lat' dir='ltr'>dominus</span> <span class='ocrx_word' id='word_1_288' title='bbox 1465 4796 1502 4862; x_wconf 93' lang='lat' dir='ltr'>et</span> <span class='ocrx_word' id='word_1_289' title='bbox 1527 4790 1655 4889; x_wconf 83' lang='lat' dir='ltr'>haeres</span> <span class='ocrx_word' id='word_1_290' title='bbox 1677 4793 1742 4860; x_wconf 86' lang='lat' dir='ltr'>etc.</span> 
     </span>
     <span class='ocr_line' id='line_1_34' title="bbox 194 4909 1742 5007; baseline 0 -24"><span class='ocrx_word' id='word_1_291' title='bbox 194 4916 278 5007; x_wconf 83' lang='lat' dir='ltr'>etc.;</span> <span class='ocrx_word' id='word_1_292' title='bbox 306 4912 557 5004; x_wconf 87' lang='lat' dir='ltr'>significamus,</span> <span class='ocrx_word' id='word_1_293' title='bbox 585 4910 869 5005; x_wconf 75' lang='lat' dir='ltr'>quibdsei&#39;pedit</span> <span class='ocrx_word' id='word_1_294' title='bbox 894 4914 1085 5004; x_wconf 86' lang='lat' dir='ltr'>universis,</span> <span class='ocrx_word' id='word_1_295' title='bbox 1111 4913 1345 5004; x_wconf 88' lang='lat' dir='ltr'>praesentium</span> <span class='ocrx_word' id='word_1_296' title='bbox 1373 4911 1533 4984; x_wconf 88' lang='lat' dir='ltr'>notitiam</span> <span class='ocrx_word' id='word_1_297' title='bbox 1560 4909 1742 5000; x_wconf 87' lang='lat' dir='ltr'>habituris,</span> 
     </span>
     <span class='ocr_line' id='line_1_35' title="bbox 195 5030 1772 5135; baseline 0.002 -31"><span class='ocrx_word' id='word_1_298' title='bbox 195 5032 289 5123; x_wconf 90' lang='lat' dir='ltr'>quod</span> <span class='ocrx_word' id='word_1_299' title='bbox 314 5032 359 5104; x_wconf 91' lang='lat' dir='ltr'>ad</span> <span class='ocrx_word' id='word_1_300' title='bbox 384 5053 529 5124; x_wconf 88' lang='lat' dir='ltr'>regnum</span> <span class='ocrx_word' id='word_1_301' title='bbox 547 5041 704 5106; x_wconf 89' lang='lat' dir='ltr'>nostrum</span> <span class='ocrx_word' id='word_1_302' title='bbox 722 5033 905 5125; x_wconf 90' lang='lat' dir='ltr'>Poloniae,</span> <span class='ocrx_word' id='word_1_303' title='bbox 931 5033 1108 5125; x_wconf 84' lang='lat' dir='ltr'>ipsiusque</span> <span class='ocrx_word' id='word_1_304' title='bbox 1125 5031 1315 5135; x_wconf 82' lang='lat' dir='ltr'>incolarum</span> <span class='ocrx_word' id='word_1_305' title='bbox 1334 5035 1462 5103; x_wconf 90' lang='lat' dir='ltr'>statum</span> <span class='ocrx_word' id='word_1_306' title='bbox 1479 5030 1745 5121; x_wconf 88' lang='lat' dir='ltr'>eommodosum,</span> <span class='ocrx_word' id='word_1_307' title='bbox 1768 5098 1772 5107; x_wconf 87' lang='lat'>.</span> 
     </span>
     <span class='ocr_line' id='line_1_36' title="bbox 194 5136 1744 5245; baseline 0 -23"><span class='ocrx_word' id='word_1_308' title='bbox 194 5136 368 5226; x_wconf 87' lang='lat' dir='ltr'>salubrem</span> <span class='ocrx_word' id='word_1_309' title='bbox 386 5159 423 5226; x_wconf 90' lang='lat' dir='ltr'>et</span> <span class='ocrx_word' id='word_1_310' title='bbox 440 5148 632 5245; x_wconf 81' lang='lat' dir='ltr'>profectum</span> <span class='ocrx_word' id='word_1_311' title='bbox 649 5175 714 5245; x_wconf 90' lang='lat' dir='ltr'>pro</span> <span class='ocrx_word' id='word_1_312' title='bbox 732 5140 887 5226; x_wconf 81' lang='lat' dir='ltr'>siricerae</span> <span class='ocrx_word' id='word_1_313' title='bbox 909 5154 1033 5225; x_wconf 90' lang='lat' dir='ltr'>mentis</span> <span class='ocrx_word' id='word_1_314' title='bbox 1051 5151 1184 5242; x_wconf 85' lang='lat' dir='ltr'>affectu,</span> <span class='ocrx_word' id='word_1_315' title='bbox 1204 5149 1490 5242; x_wconf 90' lang='lat' dir='ltr'>quemadmodum</span> <span class='ocrx_word' id='word_1_316' title='bbox 1507 5172 1552 5223; x_wconf 86' lang='lat' dir='ltr'>ex</span> <span class='ocrx_word' id='word_1_317' title='bbox 1569 5149 1744 5223; x_wconf 88' lang='lat' dir='ltr'>assumtae</span> 
     </span>
     <span class='ocr_line' id='line_1_37' title="bbox 195 5262 1746 5364; baseline -0.001 -19"><span class='ocrx_word' id='word_1_318' title='bbox 195 5270 376 5363; x_wconf 85' lang='lat' dir='ltr'>dignitatis</span> <span class='ocrx_word' id='word_1_319' title='bbox 403 5273 521 5346; x_wconf 90' lang='lat' dir='ltr'>debito</span> <span class='ocrx_word' id='word_1_320' title='bbox 547 5280 708 5348; x_wconf 92' lang='lat' dir='ltr'>tenemur</span> <span class='ocrx_word' id='word_1_321' title='bbox 735 5272 857 5363; x_wconf 85' lang='lat' dir='ltr'>offleii,</span> <span class='ocrx_word' id='word_1_322' title='bbox 894 5274 1041 5346; x_wconf 88' lang='lat' dir='ltr'>sollicite</span> <span class='ocrx_word' id='word_1_323' title='bbox 1062 5262 1280 5364; x_wconf 81' lang='lat' dir='ltr'>aspirantes,</span> <span class='ocrx_word' id='word_1_324' title='bbox 1313 5270 1415 5363; x_wconf 86' lang='lat' dir='ltr'>regni</span> <span class='ocrx_word' id='word_1_325' title='bbox 1440 5270 1554 5344; x_wconf 89' lang='lat' dir='ltr'>nostri</span> <span class='ocrx_word' id='word_1_326' title='bbox 1580 5268 1746 5344; x_wconf 90' lang='lat' dir='ltr'>Poloniae</span> 
     </span>
    </p>
   </div>
   <div class='ocr_carea' id='block_1_9' title="bbox 196 5390 1911 5501">
    <p class='ocr_par' dir='ltr' id='par_1_9' title="bbox 196 5390 1911 5501">
     <span class='ocr_line' id='line_1_38' title="bbox 196 5390 1911 5501; baseline -0.002 -35"><span class='ocrx_word' id='word_1_327' title='bbox 196 5397 234 5465; x_wconf 87' lang='lat' dir='ltr'>et</span> <span class='ocrx_word' id='word_1_328' title='bbox 258 5393 335 5467; x_wconf 85' lang='lat' dir='ltr'>eius</span> <span class='ocrx_word' id='word_1_329' title='bbox 359 5394 569 5486; x_wconf 78' lang='lat' dir='ltr'>incolarum,</span> <span class='ocrx_word' id='word_1_330' title='bbox 603 5395 672 5468; x_wconf 92' lang='lat' dir='ltr'>imo</span> <span class='ocrx_word' id='word_1_331' title='bbox 699 5395 1004 5483; x_wconf 91' lang='lat' dir='ltr'>communi-bono,</span> <span class='ocrx_word' id='word_1_332' title='bbox 1040 5392 1133 5483; x_wconf 90' lang='lat' dir='ltr'>quod</span> <span class='ocrx_word' id='word_1_333' title='bbox 1157 5394 1296 5484; x_wconf 88' lang='lat' dir='ltr'>privato</span> <span class='ocrx_word' id='word_1_334' title='bbox 1322 5392 1585 5485; x_wconf 87' lang='lat' dir='ltr'>praeferendam</span> <span class='ocrx_word' id='word_1_335' title='bbox 1612 5397 1697 5501; x_wconf 72' lang='lat' dir='ltr'>est,</span> <span class='ocrx_word' id='word_1_336' title='bbox 1711 5390 1748 5464; x_wconf 91' lang='lat' dir='ltr'>in</span> <span class='ocrx_word' id='word_1_337' title='bbox 1828 5450 1836 5455; x_wconf 90' lang='lat'><em>.</em></span> <span class='ocrx_word' id='word_1_338' title='bbox 1907 5414 1911 5420; x_wconf 93' lang='grc'><strong><em>·</em></strong></span> 
     </span>
    </p>
   </div>
   <div class='ocr_carea' id='block_1_10' title="bbox 0 0 2047 6052">
    <p class='ocr_par' dir='ltr' id='par_1_10' title="bbox 0 0 2047 6052">
     <span class='ocr_line' id='line_1_39' title="bbox 0 0 2047 6052; baseline 0 0"><span class='ocrx_word' id='word_1_339' title='bbox 0 0 2047 6052; x_wconf 95' lang='lat' dir='ltr'> </span> 
     </span>
    </p>
   </div>
  </div>
 </body>
</html>
