4050 6054
1550 482 1622 570 271'

72 696 250 771 demeritis
278 678 349 769 suis
376 719 439 789 per
466 698 675 790 episcopum,
692 704 752 770 aunt
780 698 964 790 capitulum
1003 699 1229 773 Craeoviense
1268 702 1481 792 corrigendi,
1518 705 1624 775 etde

72 819 144 891 suis
178 819 356 909 psalteriis
392 825 428 890 et
463 820 547 890 locis
583 821 783 909 amovendi3
811 822 1095 910 quemadmodum
1122 823 1368 912 haecomnia,
1396 830 1432 893 et
1459 825 1625 895 nonnulla

71 938 148 1029 alio,
175 940 210 1010 in
238 940 428 1030 privilegiis
454 940 692 1030 praefatorum
720 942 814 1031 regis
842 947 877 1012 et
904 943 1054 1032 reginae,
1082 963 1170 1031 quae
1197 943 1292 1013 sinus
1316 943 1480 1014 ecclesiae
1499 943 1624 1015 Croco-

71 1060 200 1133 viensis
228 1067 346 1131 servat
372 1061 487 1152 latine,
515 1063 757 1150 continentur3
788 1062 1024 1133 fundationem
1051 1069 1167 1133 autem
1188 1052 1406 1153 praedictam
1434 1065 1528 1135 bulla
1556 1065 1625 1136 Bo-

69 1179 187 1252 nifscii
211 1201 322 1271 papae
340 1180 442 1270 Noui,
469 1182 524 1252 cui
550 1182 761 1253 fundationis
788 1183 970 1285 priuilegia
996 1184 1129 1254 inserta
1156 1190 1246 1273 sunt,
1274 1183 1471 1273 confirmat3
1497 1160 1623 1255 Petrus

21 1396 26 1405 ι
71 1302 177 1375 etiam
203 1301 361 1373 Wiseh
388 1302 628 1374 cracoviensis
654 1311 737 1374 turm
764 1305 947 1393 episcopus
966 1304 1150 1394 capitulari
1168 1325 1337 1375 consensu
1356 1305 1550 1394 accedente,
1567 1306 1622 1376 ius

68 1424 301 1514 perceptionis
338 1424 457 1494 totalis
493 1424 644 1494 decimae
678 1426 904 1514 manipularis
931 1425 966 1494 in
994 1426 1077 1495 villa
1102 1425 1352 1516 Luczycze,
1380 1426 1471 1516 quod
1499 1426 1622 1497 hahuit

69 1540 115 1615 ad
139 1563 261 1635 prepes
296 1544 389 1633 regis
424 1551 460 1614 et
494 1544 636 1632 reginae
663 1546 934 1635 praedictorum,
962 1544 1128 1634 praefatis
1154 1546 1365 1635 psalteristis
1391 1566 1454 1636 pro
1483 1567 1620 1637 compa-

66 1660 187 1735 randis
213 1664 302 1735 ceris
330 1670 366 1734 et
392 1664 620 1735 luminaribus
647 1686 676 1734 a.
703 1665 744 1734 D.
777 1667 884 1736 1397.
911 1671 1080 1754 perpetuo
1100 1665 1252 1755 donavit,
1272 1668 1369 1736 cuius
1387 1666 1619 1755 pertinentias

45 1788 105 1867 J'et
121 1784 281 1873 ¹valorem
308 1784 398 1855 iufra
424 1785 618 1856 describere
645 1807 846 1876 pergemus3
874 1786 1006 1856 decima
1033 1793 1149 1857 autem
1176 1786 1333 1877 praefata
1360 1806 1423 1876 per
1441 1786 1618 1877 negligen-

70 1904 156 2004 tiam
182 1906 463 2005 psalteristarum
490 1892 525 1976 in
554 1928 679 1997 magna
706 1914 806 1997 parte
833 1908 994 1977 mutilata
1013 1913 1085 1996 est;
1113 1906 1262 1978 Thomas
1281 1908 1373 1978 eninr
1391 1907 1621 1980 Schaffra-

70 2010 207 2119 opaea
241 2026 286 2097 de
321 2027 555 2118 Luczycze
591 2026 742 2099 duobus¹
758 2028 868 2099 laneis
896 2027 1168 2098 cmothonalibus
1195 2027 1380 2117 depositio,
1408 2027 1574 2098 decimam
1601 2049 1622 2098 a
1707 2031 1709 2035 ’

68 2134 279 2239 psalteristis
305 2147 485 2237 abstraxit,
512 2155 548 2218 et
575 2146 742 2219 decimam
768 2147 932 2219 eeclesiae
960 2148 996 2218 in
1022 2148 1324 2240 Luborzycza
1350 2148 1517 2220 iniuriose
1536 2147 1620 2220 dare

44 2269 193 2361 ¹eoepit.
660 2276 678 2305 ·'·
697 2286 724 2321 -s

165 2388 295 2460 Dotem
321 2394 437 2460 autem
464 2388 691 2461 ducentarum
716 2409 910 2459 marcarum
930 2389 1034 2460 annui
1053 2408 1176 2460 census
1195 2387 1351 2479 praefati,
1370 2387 1620 2461 Vladislaus

66 2507 267 2602 praedictus
301 2508 465 2581 Poloniae
500 2531 579 2597 reu,
608 2509 652 2580 od
679 2510 850 2580 dictorum
876 2509 1155 2599 psalteristarum
1183 2510 1482 2605 sustentationem·
1498 2531 1619 2600 parum
1649 2572 1653 2595 ,

67 2630 294 2703 sufficientem
329 2616 444 2720 ratus,
476 2631 586 2701 altera
621 2631 813 2702 adiectione
846 2652 1010 2720 processu
1037 2631 1203 2720 temporis
1230 2630 1326 2701 illam
1352 2630 1556 2721 amplificat,
1572 2628 1620 2702 'et

67 2750 186 2824 villam
212 2732 471 2839 Dalowicze,
499 2751 543 2820 ad
569 2751 711 2821 fluvium
738 2751 958 2822 Sczklecz
985 2750 1021 2820 in
1043 2757 1137 2821 terra
1155 2750 1387 2841 Oracoviensi,
1403 2752 1441 2823 in
1457 2750 1621 2823 districtu

65 2872 331 2945 Proschoviensi
358 2872 471 2961 sitam,
498 2872 589 2961 apud
617 2870 992 2944 Gniewoschium
1019 2872 1163 2943 militem
1191 2877 1351 2962 emptam,
1382 2870 1486 2945 altari
1502 2870 1627 2971 sanai·
1735 2852 1738 2857 Α

66 2992 309 3084 christophori
336 3014 399 3083 pro
426 2992 577 3064 secundo
604 2994 773 3083 ministro,
801 2983 966 3064 et'dictis
985 2993 1195 3086 psalteristis
1214 2993 1338 3082 donat3
1366 2992 1428 3064 sed
1445 2972 1620 3085 cumper-

66 3115 236 3207 'penderet
275 3114 506 3184 conditionem
542 3115 644 3185 villae
680 3114 857 3203 praefatae
895 3114 1132 3184 sacerdotibus
1169 3113 1307 3204 collegii
1342 3114 1621 3204 psalteristarrmr
1752 3199 1753 3202 Ἴ

67 3254 248 3308 onerosam
276 3240 313 3305 et
339 3234 520 3308 molestam
554 3233 645 3323 fore,
678 3239 714 3304 et
750 3255 791 3303 ex
827 3255 950 3323 parum
977 3234 1097 3304 solerti
1133 3234 1301 3322 regimine
1338 3234 1618 3305 communitatein

66 3356 346 3448 psalteristarum
372 3356 571 3445 perituram,
599 3354 708 3443 regali
734 3354 817 3424 fiseo
845 3361 881 3424 et
907 3354 994 3425 sorti
1020 3354 1104 3424 villa
1131 3354 1312 3443 applicata,
1331 3360 1469 3425 centum
1487 3374 1621 3425 mareas

67 3468 175 3549 muni
201 3496 323 3548 census
351 3477 384 3546 in
413 3477 534 3566 zuppis
560 3462 836 3545 Wieiiciensibus
863 3481 899 3545 et
925 3474 1187 3545 Bochuensibus
1215 3496 1243 3543 a.
1270 3474 1312 3543 D.
1349 3476 1456 3544 1421.
1483 3475 1518 3543 in
1537 3494 1619 3545 con·

64 3578 228 3673 uentibus
263 3598 422 3688 generali·
444 3598 479 3666 in
507 3596 677 3667 conductu
705 3597 852 3685 paschae
880 3594 1131 3666 Cracoviae
1157 3594 1296 3684 habita,
1332 3594 1496 3684 praefatis
1522 3593 1616 3684 psal-

66 3718 200 3807 tombs
226 3725 394 3811 perpetuo
422 3718 538 3807 donat,
566 3723 601 3787 et
627 3718 809 3806 supparios
837 3737 877 3786 ao
904 3715 1066 3786 officiales
1094 3722 1129 3787 et
1156 3716 1349 3787 tenutarios
1368 3734 1556 3805 supparum
1575 3714 1619 3785 ad

73 3841 127 3901 ἰ’
150 3819 192 3928 ⁵2„
212 3915 223 3926 ,Ἰ
304 3836 501 3923 huiusmodi
538 3859 695 3926 censum,
722 3858 786 3926 pro
821 3837 1032 3926 quibuslibet
1068 3843 1217 3926 quatuor
1253 3836 1468 3925 temporibus
1494 3836 1620 3926 viginti

77 3934 155 4027 1··³
195 3945 291 4025 Ἣ
348 3990 375 4025 ι,
416 3960 570 4031 censuris
597 3958 848 4051 ecclesiasticis
876 3958 905 4027 si
932 3958 1066 4028 remissi
1085 3958 1141 4029 vel
1159 3958 1374 4047 negligentes
1393 3958 1428 4027 in
1447 3942 1618 4028 solutione

54 4050 420 4170 'fff''''”²-·³s‘i1hiiuiens;
462 4081 618 4152 sanciens
647 4079 769 4150 deinde
797 4086 901 4168 atque
929 4071 1133 4168 instituam,
1160 4086 1199 4149 ut
1225 4079 1373 4169 praefati
1399 4079 1621 4169 psalteristae

66 4204 203 4276 ‘ratione
230 4202 426 4274 donationis
453 4200 659 4290 huiusmodi,
690 4200 834 4289 singulis
861 4200 982 4270 diebus
1009 4219 1073 4289 per
1091 4201 1172 4269 anni
1190 4200 1355 4273 circulum
1373 4201 1496 4271 missas
1514 4199 1621 4270 infra-

66 4326 230 4416 scriptae,
258 4324 420 4396 videlicet
447 4323 568 4397 diebus
595 4317 775 4393 dominicis
802 4320 844 4391 de
872 4320 998 4391 Sancta
1025 4319 1215 4410 Trinitate,
1242 4319 1341 4391 feriis
1369 4321 1529 4392 secundis
1555 4341 1620 4410 pro

66 4444 249 4549 defunctis,
273 4445 369 4517 feriis
396 4444 512 4515 tertiis
540 4444 582 4514 de
609 4442 735 4513 Sancto
763 4441 906 4533 Spiritu,
935 4442 1066 4531 quartis
1093 4461 1157 4531 pro
1185 4441 1346 4531 peccatis,
1372 4440 1469 4512 feriis
1489 4441 1619 4530 quintis

67 4558 112 4639 de
146 4564 301 4656 Corpore
336 4564 487 4654 Christi,
514 4563 610 4635 feriis
648 4566 754 4635 sextis
791 4564 833 4634 de
870 4562 996 4634 Sancta
1022 4560 1151 4651 Gruee,
1178 4568 1214 4633 et
1240 4561 1411 4633 sabbatho
1439 4560 1482 4631 de
1509 4561 1620 4632 Beata

66 4666 614 4779 Virgine,diuov1auisla0
641 4706 723 4775 rege
751 4685 948 4775 superstite,
975 4682 1148 4755 debebant
1174 4683 1360 4756 celebrare.
1386 4682 1519 4754 Verum
1537 4703 1619 4772 rege

65 4810 225 4901 praefato
251 4810 295 4881 ab
322 4810 386 4879 hac
412 4808 488 4879 luce
515 4808 704 4897 subtracto,
723 4807 867 4897 singulis
887 4806 1008 4877 diebus
1026 4804 1130 4876 etiam
1148 4804 1340 4876 celebribus
1359 4805 1448 4894 anni,
1469 4804 1618 4895 quinque

66 4930 239 5003 duntaxat
272 4928 389 5019 festis,
423 4929 585 5000 videlicet
620 4928 794 5018 Paschae,
822 4925 1064 5015 AscensioniS,
1091 4922 1333 5015 Pentecostes,
1361 4922 1619 5015 assumptionis

65 5050 214 5123 Sanctae
239 5050 376 5122 Mariae
403 5057 439 5121 et
465 5049 669 5121 Nativitatis
696 5048 826 5119 Christi
855 5047 1018 5137 exceptis,
1047 5054 1197 5136 quatuor
1222 5046 1345 5115 missas
1365 5066 1428 5136 pro
1448 5044 1619 5116 defunctis

66 5184 152 5245 voce
178 5173 359 5261 submissa,
388 5172 543 5262 quintam
564 5192 648 5242 voce
675 5191 811 5258 sonora,
830 5191 905 5240 erim
924 5168 1011 5258 regii
1030 5168 1179 5240 nominis
1197 5168 1427 5258 expressione,
1445 5166 1489 5238 ad
1509 5166 1620 5238 altare

67 5293 101 5366 S.
129 5293 389 5385 Christopheri3
418 5295 502 5364 item
538 5293 573 5363 in
600 5292 755 5383 qualibet
783 5290 977 5381 septimana
1004 5289 1108 5360 semel
1136 5288 1307 5360 duntaxat
1333 5288 1469 5379 vigilias
1497 5309 1619 5361 novem

66 5414 270 5506 lectionum,
306 5415 378 5485 alta
404 5436 488 5486 voce
522 5414 558 5483 in
591 5398 740 5483 ecclesia
775 5411 993 5484 Cracoviensi
1022 5432 1087 5501 pro
1112 5410 1225 5482 salute
1256 5414 1349 5500 regis
1379 5409 1547 5503 praefati,
1581 5415 1617 5482 et
