4050 6054
619 688 776 784 Altaria
811 700 850 784 in
883 699 1068 785 ecclesia
1102 700 1404 785 Sandeczensi.

336 921 420 994 'lbia
447 922 574 995 altaria
599 924 706 995 habet
732 924 878 1013 ecclesia
903 922 1150 996 Sandeczensis
1177 924 1280 996 certis
1298 923 1510 1015 temporibus
1527 920 1679 1014 lundata,
1697 945 1781 1014 quo-

231 1065 309 1117 rum
336 1045 440 1115 etiam
470 1043 579 1134 dotes,
607 1044 839 1115 conditionem
866 1050 902 1115 et
929 1064 1036 1117 onera
1062 1044 1291 1115 subiiciemus.
1364 1056 1367 1063 '
1583 1058 1587 1065 ·

335 1164 458 1236 Altare
484 1166 634 1254 primum
662 1163 695 1236 S.
723 1164 915 1254 Trinitatis,
936 1164 1027 1257 quod
1046 1184 1138 1235 nunc
1153 1168 1252 1236 tenet
1271 1138 1413 1236 Gabriel
1429 1164 1685 1253 baccalaureus,
1703 1168 1782 1235 actu

231 1286 424 1376 presbyter,
450 1285 583 1357 habens
610 1284 793 1375 specialem
820 1305 991 1356 cameram
1019 1290 1055 1356 et
1081 1284 1293 1356 mansionem
1320 1284 1357 1354 in
1384 1284 1485 1356 domo
1512 1289 1666 1356 muratas
1692 1285 1781 1355 alta-

232 1406 406 1486 ristarum.
433 1405 474 1476 ld
500 1426 564 1495 pro
591 1404 672 1476 dote
699 1409 736 1476 et
761 1403 866 1476 fundo
893 1406 1000 1477 habet
1027 1405 1061 1475 in
1090 1405 1242 1476 macellis
1269 1404 1563 1476 Sandeczensibns
1591 1410 1667 1476 octo
1689 1425 1781 1475 mar-

232 1546 299 1616 cas,
326 1546 414 1615 quae
441 1526 508 1596 sibi
535 1547 577 1597 ex
605 1524 781 1616 praetorio
809 1526 909 1597 annis
936 1525 1081 1614 singulis
1109 1525 1300 1615 solvuntur,
1327 1545 1391 1614 pro
1419 1544 1523 1596 onere
1542 1529 1657 1596 autem
1675 1525 1781 1596 babet

232 1650 382 1735 quatuor
408 1646 530 1717 missas
567 1645 712 1735 singulis
748 1646 951 1734 septimanis
978 1644 1184 1735 explendas3
1211 1645 1357 1734 primam
1385 1645 1547 1715 videlicet
1572 1644 1615 1714 de
1643 1642 1675 1714 S.
1703 1643 1781 1715 Tri-

231 1766 351 1856 nitate‚
377 1766 523 1836 alteram
550 1765 592 1836 de
619 1766 731 1837 Beata
756 1765 912 1856 Virgine,
939 1766 1080 1837 tertiam
1108 1785 1171 1854 pro
1198 1764 1368 1835 defunctis
1386 1771 1423 1836 et
1440 1769 1599 1855 quartam
1618 1748 1681 1854 'pro
1700 1784 1779 1854 pec-

231 1886 324 1956 catis.
351 1885 499 1957 Collatia
526 1890 641 1956 autem
669 1887 791 1957 altaris
817 1885 975 1976 praelati,
1003 1871 1263 1976 iuspatronatus
1290 1892 1326 1957 et
1342 1885 1526 1976 ¹quaelibet
1543 1885 1778 1975 praesentatio

231 2006 276 2076 ad
303 2006 460 2079 consules
496 2005 769 2096 SandeczenseS,
796 2007 956 2097 qnoniam
987 2012 1024 2077 et
1050 2027 1113 2096 per
1139 2007 1234 2107 ipsos
1261 2005 1443 2077 fundatum
1471 2010 1507 2076 et
1533 2005 1690 2076 dotatum
1717 2009 1780 2094 est,

230 2126 447 2216 dignoscitur
472 2127 649 2218 pertinere
676 2127 778 2218 pleno
805 2127 890 2198 iure.

335 2246 529 2319 Secundum
555 2246 677 2318 Altare
705 2247 737 2317 S.
765 2246 896 2337 Crucis,
923 2246 1207 2338 cniusaltarista
1226 2252 1280 2319 est
1298 2246 1497 2319 Bernardus
1515 2247 1559 2318 (10
1575 2246 1781 2338 Myanon

231 2368 432 2457 presbyter,
460 2367 552 2458 quod
586 2387 650 2456 pro
687 2388 751 2438 sua
785 2367 866 2438 dote
901 2367 1007 2438 habet
1033 2367 1214 2438 duodecim
1241 2387 1375 2439 marcas
1401 2366 1552 2438 latorum
1577 2388 1779 2457 grossorum

230 2487 467 2577 Pragensium,
495 2487 639 2577 singulis
667 2488 767 2558 annis
794 2509 836 2558 cx
863 2488 1040 2578 praetorio
1066 2487 1185 2576 oppidi
1204 2487 1354 2577 Brega
1380 2486 1548 2559 dioecesis
1565 2485 1774 2559 Vratislavi-

233 2608 326 2679 ensis
361 2607 562 2697 solvendas,
589 2608 633 2678 ad
668 2629 815 2698 quorum
852 2607 1058 2679 solutionem
1095 2607 1293 2679 consulatus
1329 2613 1366 2678 et
1391 2608 1589 2679 universum
1616 2607 1780 2697 oppidum
1846 2624 1849 2629 ·

122 2783 126 2791 .
232 2727 408 2817 Bregense
435 2728 507 2801 sub
544 2729 649 2798 certis
683 2729 804 2817 poenis
840 2734 876 2798 et
903 2728 1057 2801 censuris
1084 2727 1261 2817 obligavit.
1300 2727 1370 2799 Pro
1397 2746 1503 2799 onere
1527 2732 1643 2798 autam
1670 2727 1779 2799 altare

230 2848 445 2937 praedictum
471 2847 577 2918 habet
602 2867 705 2918 unam
733 2849 872 2919 missam
898 2869 962 2939 pro
989 2848 1138 2939 pcccatis
1166 2852 1201 2918 et
1227 2867 1290 2937 pro
1318 2845 1497 2937 defunctis,
1525 2847 1670 2937 singulis
1696 2848 1780 2920 heb-

230 2967 386 3039 domadis
420 2967 618 3058 legendam,
646 2969 744 3039 euius
780 2967 918 3038 collatio
954 2968 1128 3058 quaelibet
1164 2974 1200 3038 et
1227 2968 1489 3057 iuspatronatus
1515 2967 1561 3039 ad
1588 2964 1794 3058 Georgium

230 3087 438 3160 Szworez
474 3087 517 3158 de
553 3087 800 3177 Cracovia,
827 3095 863 3159 et
898 3087 942 3158 ad
978 3086 1731 3178 1000111111Τ110111011108101111001,
1759 3109 1780 3159 a

228 3207 550 3298 praedecessoribus
577 3209 667 3278 enim
694 3228 813 3279 eonnn
838 3207 1017 3279 fundatum
1044 3213 1080 3278 et
1105 3207 1261 3278 dotatum
1288 3212 1350 3298 est,
1369 3204 1585 3297 dignoscitur
1602 3208 1777 3298 pertinere

229 3329 331 3417 pleno
358 3329 442 3399 iure.
1046 3406 1048 3411 ,

332 3447 487 3520 Tertium
515 3448 624 3518 altare
651 3446 684 3518 S.
711 3447 881 3536 Andreae,
909 3448 944 3517 in
972 3447 1104 3537 capella
1130 3445 1163 3517 S.
1190 3445 1350 3518 Andreae
1369 3467 1475 3538 supra
1492 3448 1665 3538 porticum
1683 3448 1778 3519 aedi·

229 3568 348 3658 ficata,
375 3569 466 3659 quod
502 3567 659 3639 fundavit
685 3566 843 3638 Andreas
871 3567 1119 3658 Treszslra‚
1146 3568 1273 3639 nobilis
1301 3568 1343 3639 de
1371 3568 1476 3639 armis
1505 3565 1778 3659 Griifonum,

228 3695 265 3761 et
292 3690 508 3779 consignarit
533 3689 584 3758 illi
609 3709 673 3778 pro
702 3688 782 3759 dote
801 3709 861 3759 sex
880 3709 1014 3760 marcas
1033 3689 1223 3759 eommunis
1241 3689 1407 3779 pecuniae
1425 3690 1460 3758 in
1478 3689 1638 3760 censibus
1657 3690 1776 3779 oppidi

228 3810 573 3902 Dambowyocz,
601 3829 686 3900 quos
722 3810 815 3899 apud
841 3810 1098 3881 serenissimum
1125 3807 1401 3899 Gasimirum
1428 3809 1585 3880 Tertium
1612 3809 1775 3880 Poloniae

228 3951 346 4021 regem
381 3952 443 4021 pro
480 3936 576 4001 certa
613 3930 778 4020 pecuniae
806 3931 1001 4020 quantitate
1029 3931 1093 4001 sub
1121 3930 1222 4001 titulo
1259 3930 1481 4019 coemptionis
1519 3935 1656 4013 constat
1683 3930 1779 4000 illum

228 4070 467 4141 comparasse,
494 4050 537 4121 (10
573 4071 639 4141 quo
668 4056 704 4120 et
730 4050 884 4121 eiusdem
911 4050 1130 4121 Casimiri
1165 4052 1258 4140 regis
1285 4050 1435 4121 habetor
1462 4050 1611 4140 speciale
1638 4050 1777 4140 priuile-

226 4171 331 4261 gium,
358 4171 454 4242 cuius
482 4190 573 4242 nunc
599 4171 758 4241 altarista
784 4176 821 4241 et
846 4177 962 4242 rector
989 4177 1044 4241 est
1070 4168 1195 4241 Petrus
1214 4169 1256 4240 de
1275 4169 1468 4261 Wyelun
1493 4171 1686 4260 presbyter.
1704 4169 1774 4241 Pro

228 4298 332 4363 onere
359 4297 474 4376 antem
502 4291 613 4362 altare
640 4291 856 4381 praedictum
882 4291 988 4363 habet
1015 4289 1100 4362 duas
1128 4291 1261 4380 missas,
1288 4310 1392 4361 unam
1419 4289 1461 4360 de
1489 4289 1600 4360 Beata
1617 4289 1773 4380 Virgine,

228 4413 374 4485 alteram
401 4412 634 4504 propeccatis
653 4411 733 4482 dum
752 4411 840 4483 vivit
856 4412 1032 4502 praelatus
1051 4410 1210 4482 Andreas
1230 4410 1434 4482 Treszka
1459 4409 1641 4499 sundat0r3
1663 4414 1776 4482 morte

172 4518 178 4523 ’
227 4555 309 4606 vero
337 4535 550 4623 absumptus,
576 4553 640 4622 pro
668 4531 838 4603 defunctis
866 4533 901 4603 in
928 4532 1117 4604 remedium
1135 4531 1269 4603 animae
1288 4552 1383 4622 suae,
1400 4551 1464 4622 per
1481 4529 1670 4633 quemlibet
1687 4530 1776 4603 alta-

226 4655 349 4726 ristam
374 4653 547 4743 legendas.
574 4651 722 4724 Collatia
741 4658 866 4743 antem,
893 4654 1152 4743 iuspatronatus
1170 4657 1206 4724 et
1223 4653 1458 4744 praesentatio
1476 4651 1599 4722 altaris
1616 4649 1777 4741 praelati,

227 4777 373 4864 volente,
400 4774 636 4845 consentiente
663 4780 700 4845 et
718 4773 911 4864 mandante,
940 4775 975 4845 in
1002 4774 1159 4847 consules
1186 4772 1442 4845 Sandeczeuses
1467 4770 1644 4843 transfusa
1661 4776 1724 4861 est,
1742 4776 1778 4842 et

228 4896 359 4968 eisdem
387 4895 573 4966 donatione
599 4900 768 4984 perpetua
796 4893 966 4985 inscripta
992 4899 1028 4964 et
1054 4895 1234 4967 attributa.

332 5015 499 5087 Consules
527 5013 780 5085 Sandeczenses
807 5013 849 5085 dc
876 5015 1030 5105 antiqua,
1055 5014 1220 5087 laudabili
1248 5019 1285 5085 et
1311 5012 1505 5103 approbata
1532 5010 1778 5083 consuetudine

227 5143 263 5207 et
288 5137 332 5207 de
358 5138 434 5207 iure
468 5136 682 5227 praescripto
717 5134 891 5225 recipiunt
926 5136 1143 5226 sepulturas,
1168 5139 1380 5207 testamenta
1406 5139 1443 5204 et
1468 5133 1585 5225 legata
1610 5131 1776 5203 ecclesiae

228 5255 483 5345 Sandeczensis,
510 5261 547 5326 et
573 5254 758 5345 provident
785 5256 964 5327 ecclesiam
991 5255 1259 5327 Sandeczensem
1278 5255 1370 5343 vino,
1389 5253 1475 5344 eleo,
1493 5272 1583 5342 cern,
1601 5249 1777 5345 aedificiis,

226 5377 347 5465 tectis,
362 5378 499 5467 muris,
526 5375 719 5465 campanis,
747 5374 928 5466 calicibus,
956 5375 1155 5465 ornatibus,
1182 5375 1360 5464 crucibus,
1387 5372 1641 5462 monstrantiis,
1658 5370 1776 5465 libris,

329 5543 482 5585 anamma
1572 5508 1626 5575 70·
