4050 6054
1717 506 1789 586 aar
1836 600 1838 604 ¹

243 708 389 781 laborat
433 707 520 778 Item
547 713 629 802 sunt
654 708 704 780 ibi
729 707 819 780 duae
845 708 1065 780 hortulaniae
1093 729 1161 780 non
1179 708 1347 781 habentes
1375 729 1496 799 agros,
1523 730 1611 800 qnae
1637 731 1707 782 non
1725 712 1793 784 adl·

245 833 332 900 vunt
364 848 504 899 censum
540 828 708 918 aliquem,
749 826 811 900 sed
846 828 993 919 quilibet
1027 828 1234 901 hortulanus
1268 850 1372 900 unam
1403 829 1494 901 diem
1529 830 1564 900 in
1601 831 1794 922 septimana

244 948 407 1040 pedester
424 949 570 1021 laborat.
605 948 673 1020 Est
689 949 739 1021 ibi
756 948 935 1052 praedium
952 950 1080 1022 bonum
1098 950 1309 1040 canonicale,
1328 948 1420 1041 quod
1438 951 1656 1023 cmethonum
1674 950 1793 1023 labore

246 1069 442 1165 disponitur
478 1074 514 1141 et
540 1069 680 1158 colitur,
716 1069 759 1141 de
786 1071 882 1142 cidus
909 1070 1002 1162 agris
1038 1070 1175 1179 decima·
1196 1071 1420 1161 manipularis
1456 1071 1603 1142 solvitur
1628 1067 1794 1153 ecclesiae

242 1190 434 1281 parochiali
459 1189 605 1262 Sanctae
622 1189 758 1261 Mariae
785 1191 821 1261 in
839 1190 1149 1263 Zawichosth.
1188 1192 1275 1263 Item
1292 1191 1384 1297 lanei
1412 1191 1646 1264 cmethonales
1663 1196 1699 1264 et
1717 1193 1794 1284 agri

243 1311 478 1383 tabarnatoris
505 1311 644 1383 solvunt
670 1311 837 1384 decimam
864 1312 1113 1403 manipularem
1139 1312 1290 1384 vicariae
1317 1320 1506 1403 perpetuae
1523 1311 1794 1385 Sandomiriensi

243 1430 288 1503 ad
306 1437 525 1522 praesentem
552 1431 785 1522 praebendam
802 1430 1032 1525 Konyeczska
1059 1434 1288 1524 pertinentia
1314 1434 1397 1504 itcm
1424 1439 1479 1504 est
1496 1433 1591 1504 lacus
1618 1434 1654 1504 in
1672 1433 1793 1506 eadem

241 1551 325 1622 villa
350 1552 479 1643 bonus,
515 1552 574 1644 qui
606 1551 813 1625 fecundatur
849 1552 1046 1643 aVisla‚
1082 1560 1119 1625 et
1145 1554 1304 1626 solvebat
1339 1553 1421 1626 olim
1454 1574 1517 1643 pro
1545 1574 1659 1626 annno
1686 1573 1793 1626 censu

243 1672 407 1745 mnonico
443 1672 624 1746 duodecim
649 1694 804 1765 marcas,
840 1695 931 1746 nunc
958 1674 1192 1746 sterilificatns
1219 1679 1255 1746 et
1281 1675 1403 1746 zabulo
1431 1680 1656 1765 angustatus,
1688 1674 1794 1745 solvit

243 1794 479 1865 tantummodo
510 1816 575 1885 pro
602 1815 706 1866 censu
743 1817 803 1866 sex
840 1816 991 1885 marcas,
1018 1796 1210 1886 piscatores
1245 1800 1362 1866 tamen
1397 1802 1433 1866 et
1459 1795 1683 1866 arendatores
1718 1793 1794 1866 eius

242 1934 306 2004 pro
334 1916 488 1987 canonici
524 1916 559 1987 in
585 1915 857 2006 Popovvicze
894 1917 1049 2007 quolibet
1084 1917 1255 2007 adventu,
1290 1921 1455 1987 tenentur
1489 1916 1602 2006 pisces
1628 1929 1692 2004 pro
1719 1915 1793 1987 eius

242 2036 449 2108 necessitate
476 2040 512 2107 et
529 2058 595 2107 usu
611 2037 753 2127 piscari,
780 2037 864 2108 item
892 2041 1030 2108 tenetur
1057 2036 1203 2127 quilibet
1228 2037 1364 2107 cmetho
1391 2034 1434 2106 de
1451 2035 1551 2107 laneo
1569 2056 1673 2107 unam
1699 2055 1793 2106 men-

243 2178 360 2228 snram
396 2157 543 2246 siliginis
579 2158 696 2228 curiae
723 2178 788 2247 pro
814 2157 955 2248 hyeme,
991 2163 1027 2228 et
1053 2156 1200 2228 alteram
1235 2177 1407 2247 provere
1436 2176 1586 2245 avenae,
1613 2175 1793 2226 mensurae

242 2276 540 2366 Sandomiriensis,
567 2297 677 2361 arare,
704 2277 870 2367 arpicare,
897 2283 1026 2348 metere
1054 2283 1090 2348 et
1115 2279 1151 2348 in
1178 2277 1342 2347 horreum
1370 2277 1570 2348 conducere.

347 2398 435 2469 Item
462 2397 614 2470 confinat
640 2419 716 2469 cum
735 2404 849 2469 castro
877 2403 913 2470 et
930 2398 1023 2470 villis
1049 2397 1367 2486 Zawichosth,
1393 2396 1561 2469 Kozini
1587 2394 1795 2468 etKomo·

243 2539 354 2612 rzyn
381 2525 417 2590 et
442 2539 506 2611 pro
532 2519 699 2592 limitibus
725 2516 933 2615 apycazdy,‘

629 2782 793 2865 vicaria
829 2783 1104 2865 Praebendae
1138 2724 1418 2889 liouyczalra,

346 3002 551 3076 Praebenda
568 3004 855 3077 Sandomiriensis
872 3002 1079 3095 Konyczska
1097 3005 1203 3075 habet
1220 3004 1416 3094 habereque
1432 3005 1611 3106 consvevit
1629 2978 1793 3076 vicariam

241 3132 444 3217 perpetuam
480 3126 516 3196 in
552 3126 698 3196 ecelesia
732 3125 1020 3214 Sandomiricnsi,
1065 3126 1161 3197 cuius
1197 3126 1382 3196 canonicus
1417 3124 1692 3216 Konyczslry
1727 3146 1790 3215 pru

221 3254 398 3339 tempore
424 3246 546 3318 unicus
573 3252 627 3318 est
645 3247 791 3317 collator
817 3252 854 3316 et
871 3251 1056 3336 patronus,
1083 3246 1179 3317 cuius
1205 3266 1297 3316 nunc
1313 3237 1497 3318 'lohannes
1524 3244 1793 3317 Skothn-icz-

240 3368 322 3460 sky
349 3372 403 3439 est
428 3367 586 3456 vicarius,
614 3388 702 3457 quae
728 3387 792 3456 pro
820 3387 882 3437 sna
908 3366 988 3438 dote
1015 3366 1121 3438 habet
1147 3372 1337 3456 proventus
1364 3365 1612 3455 infrascriptos.

344 3488 593 3578 Pasarracha,
619 3487 711 3577 villa,
737 3491 778 3558 ut
796 3487 1033 3577 superioribus
1059 3488 1318 3577 praemisimus,
1345 3488 1409 3559 sub
1428 3486 1593 3577 parochia
1620 3485 1786 3588 ecelesiae

241 3610 389 3682 Sanctae
416 3609 551 3681 Mariae
578 3607 621 3680 dc
639 3607 935 3680 Zawichosth
962 3608 1030 3680 sita
1048 3614 1120 3697 est,
1148 3609 1243 3680 cuius
1262 3608 1459 3698 proprietas
1477 3613 1513 3678 et
1531 3606 1719 3679 dominium
1746 3607 1792 3681 ad

207 3719 472 3822 'praebendam
508 3728 820 3801 Sandomiriensem
856 3729 1025 3819 pertinet,
1061 3729 1194 3820 inqua
1231 3734 1312 3801 sumt
1338 3749 1399 3800 sex
1431 3728 1523 3799 lanei
1550 3727 1792 3819 cmethonales,

96 3930 102 3937 ,
241 3853 324 3923 item
350 3873 421 3922 nna
446 3852 593 3922 taberna
618 3851 751 3923 habens
778 3871 898 3941 agros,
925 3849 967 3922 de
986 3850 1111 3940 quibus
1130 3850 1288 3922 omnibus
1315 3850 1445 3940 absque
1473 3849 1698 3921 diminutione
1725 3849 1793 3921 sol-

240 3973 335 4045 vitur
353 3972 487 4044 decima
511 3972 738 4062 manipularis
765 3978 801 4043 et
819 3992 881 4063 per
901 3978 1051 4062 quatuor
1077 3972 1216 4061 ierugas
1244 3971 1419 4062 canapalis
1437 3971 1587 4043 vicariae
1606 3968 1800 4061 praefatae,

189 4162 196 4167 .
240 4072 277 4166 ot
295 4095 427 4166 ducunt
453 4114 528 4164 eam
547 4093 745 4165 cmetliones
772 4092 807 4163 in
826 4093 989 4164 horreum
1016 4092 1185 4164 avicario
1212 4091 1394 4165 locandum
1417 4097 1453 4164 et
1470 4093 1569 4165 valor
1587 4092 1661 4165 eius
1688 4092 1801 4170 aesti·.

240 4220 355 4288 matur
381 4214 426 4286 ad
453 4236 529 4303 sex,
556 4219 617 4286 aut
635 4220 766 4304 septem
793 4235 937 4286 marcas.
982 4215 1070 4286 Item
1098 4219 1179 4285 sunt
1205 4214 1254 4285 ibi
1272 4212 1360 4286 duae
1387 4194 1617 4305 hortulaniae,
1644 4212 1792 4285 sednon

238 4337 369 4409 habent
395 4357 514 4428 agros,
541 4336 774 4408 molendinum
801 4340 961 4426 nonest,
988 4324 1072 4407 item
1094 4334 1273 4427 praedium
1300 4341 1356 4408 est
1374 4336 1423 4407 ibi
1449 4335 1667 4426 canonicale,
1695 4336 1792 4408 cuius

239 4458 315 4548 agri
342 4457 482 4530 solvunt
516 4456 683 4528 decimam
709 4456 977 4547 manipularem,
1012 4463 1052 4528 ut
1078 4457 1383 4547 praescripsimus,
1404 4457 1574 4550 ,ecclesiae
1601 4456 1793 4548 parochiali

239 4577 387 4651 Sanctae
414 4578 550 4649 Mariae
576 4579 612 4649 in
630 4577 925 4650 Zawichosth
953 4576 996 4648 de
1015 4577 1149 4650 duobus
1175 4578 1315 4668 campis,
1341 4577 1385 4649 de
1402 4579 1507 4650 tertio
1535 4585 1651 4650 autem
1670 4599 1790 4669 campo

240 4700 386 4771 solvitur
413 4699 562 4770 vicariae
587 4697 766 4789 praefatae
793 4700 830 4770 et
855 4699 953 4771 valor
980 4698 1054 4769 eius
1081 4700 1285 4771 aestimatur
1311 4698 1356 4771 ad
1383 4699 1469 4771 duas
1492 4720 1636 4772 marcas.

341 4819 616 4909 Zawrcaosrn,
634 4819 797 4911 oppidum
810 4820 943 4892 hahens
956 4819 993 4891 in
1007 4839 1044 4891 se
1059 4820 1238 4893 ecclesiam
1252 4820 1484 4911 parochialem
1498 4819 1645 4892 Sanctae
1657 4818 1794 4893 Mariae

238 4940 440 5030 praefatam,
467 4961 488 5010 a
505 4941 646 5030 regibus
663 4941 789 5030 priscis
817 4947 852 5012 et
870 4941 1084 5032 principibus
1102 4940 1282 5032 Poloniae,
1309 4961 1413 5032 opere
1431 4945 1570 5013 vetusto
1590 4961 1632 5012 ex
1651 4941 1793 5041 quadris

237 5059 411 5149 lapidibus
437 5060 473 5132 in
491 5061 603 5132 crucis
622 5060 760 5133 modum
778 5060 995 5152 fabricatam,
1023 5063 1119 5133 cuius
1138 5063 1334 5153 proprietas
1352 5067 1388 5134 et
1406 5061 1594 5134 dominium
1612 5061 1657 5134 ad
1674 5083 1792 5161 mona-

238 5179 383 5251 sterium
410 5181 722 5254 sanctimonialium
749 5180 782 5253 S.
808 5182 972 5254 Andreae
999 5183 1035 5254 in
1062 5182 1290 5256 Cracovia
1315 5183 1447 5256 ordinis
1474 5182 1507 5254 S.
1534 5176 1683 5276 Clarae,
1700 5184 1792 5275 quod

236 5301 402 5392 primarie
428 5303 464 5374 in
492 5301 612 5375 eodem
639 5303 765 5394 oppido
794 5304 897 5376 sitnm
923 5303 1006 5394 fuit,
1034 5309 1070 5375 et
1097 5305 1194 5376 cuius
1222 5304 1334 5375 adhuc
1361 5309 1482 5377 exunt
1507 5305 1684 5396 reliquiae,
1710 5325 1810 5398 per-⁸

84 5484 92 5501 ,
237 5422 335 5500 tinet.
374 5423 415 5500 lu
442 5424 568 5516 oppido
604 5424 726 5503 eodem
762 5430 844 5504 sunt
879 5430 951 5504 tres
978 5425 1100 5504 domus
1136 5431 1172 5504 et
1198 5445 1299 5505 areae
1327 5426 1372 5533 ad
1398 5425 1591 5519 praefatam
1624 5426 1800 5527 vicariam⁸
