4050 6054
1721 435 1796 508 299

246 640 436 712 monitione
471 639 662 729 praemissa
696 641 1029 729 excommunicetnr3
1064 640 1100 712 in
1127 661 1196 730 qna
1230 641 1582 713 excommunicatione
1617 641 1710 713 inira
1736 620 1797 716 sex

247 779 384 832 menses
410 761 441 830 si
465 760 672 849 perstiterit,
699 764 824 831 extunc
850 760 991 832 incolae
999 761 1037 831 in
1055 761 1174 831 eadem
1202 760 1284 831 villa
1306 761 1481 850 degentes,
1508 782 1585 833 cum
1611 767 1800 835 teneantur

185 883 186 890 ’
247 881 430 969 decimare,
456 881 793 953 excommunicentur
819 903 897 952 cum
923 887 1064 971 raptore
1090 881 1243 952 decimae
1270 880 1444 969 eiusdem3
1478 882 1538 953 ubi
1566 887 1681 953 autem
1710 902 1799 956 uxor
1850 883 1852 886 ’

247 994 403 1072 alicuius·
419 1000 554 1090 nobilis,
575 1000 656 1073 viro
683 1003 828 1073 absente
853 1001 1020 1073 decimam
1047 1003 1211 1092 rapuerit,
1239 1022 1302 1092 per
1319 1022 1500 1073 censuram
1526 1003 1798 1078 ecclesiasticam

248 1141 356 1212 usque
383 1121 428 1192 ad
455 1119 726 1193 satisfactionem
753 1121 958 1212 condignam
984 1128 1107 1193 contra
1133 1123 1243 1211 ipsam
1270 1121 1486 1211 procedatur.
1532 1122 1569 1193 Si
1596 1143 1680 1194 vero
1706 1123 1800 1194 intra

249 1224 309 1314 sex
335 1234 524 1313 mensesin
543 1241 664 1314 eadem
690 1216 1043 1315 excommunicatione
1062 1242 1257 1332 perstiterit
1273 1242 1388 1314 animo
1407 1230 1579 1332 indurato,
1606 1248 1689 1315 tunc
1707 1262 1798 1315 cmc·

208 1352 214 1359 ’
249 1362 372 1449 thoues
399 1362 436 1433 iu
462 1361 581 1434 eadem
608 1362 701 1453 villa,
729 1364 787 1434 ubi
815 1362 948 1435 decima
975 1364 1021 1434 sit
1048 1368 1157 1452 rapta,
1185 1384 1262 1434 cum
1289 1362 1428 1434 domina
1454 1363 1576 1435 eadem
1601 1384 1798 1436 excommu-

250 1484 418 1556 nicentur.
457 1481 645 1555 Praeterea
670 1483 730 1554 ubi
758 1484 901 1556 clericus
929 1484 983 1556 vel
1011 1485 1193 1574 presbyter
1221 1482 1372 1554 ordinati
1399 1490 1492 1556 esset
1517 1484 1687 1573 occissuS,
1723 1486 1798 1556 vul-

249 1609 400 1694 neratus,
427 1609 550 1703 captus
576 1605 632 1675 vel
659 1604 821 1675 detentus
848 1604 964 1693 luerit,
991 1605 1083 1676 illius
1110 1604 1177 1675 loci
1204 1604 1350 1675 ecclesia
1376 1604 1432 1675 vel
1459 1604 1643 1694 ecclesiae,
1665 1593 1701 1676 ‘si
1727 1605 1798 1678 sint

249 1724 384 1815 plures,
411 1745 432 1813 a
457 1724 533 1797 iure
560 1724 630 1796 sint
656 1725 881 1814 interdictae,
919 1730 955 1796 et
980 1724 1059 1797 ideo
1086 1747 1156 1796 non
1182 1724 1286 1796 debet
1315 1716 1353 1795 iu
1380 1725 1430 1796 eis
1458 1724 1611 1797 divinum
1650 1725 1799 1798 officium

250 1845 430 1935 celebrari,
458 1865 635 1936 quousque
661 1844 861 1918 malefactor
888 1845 1026 1917 domino
1054 1846 1215 1936 episcopo
1243 1845 1413 1935 tradatur,
1441 1846 1500 1936 qui
1528 1847 1557 1917 si
1584 1846 1800 1937 deprehendi
1849 1834 1852 1841 ’

250 1987 320 2037 non
346 1965 493 2056 poterit,
528 1971 611 2036 tunc
637 1966 851 2037 habitatores
878 1965 1032 2038 eiusdem
1070 1967 1138 2038 loci
1164 1968 1392 2058 praestabunt
1422 1968 1671 2058 iuramentum,
1708 1969 1799 2058 quod

249 2084 504 2159 maolamorem
524 2085 680 2159 detinere
698 2087 927 2178 nequiverint,
953 2107 1017 2158 nec
1044 2086 1256 2160 occasionem
1275 2087 1459 2177 effugiendi
1476 2087 1644 2178 dederint,
1662 2087 1799 2160 demum

251 2205 448 2280 ordinarius
474 2206 574 2278 tollet
600 2206 822 2278 interdictum
850 2229 871 2278 a
897 2208 972 2279 iure
1000 2213 1184 2298 statutum,
1213 2213 1251 2278 et
1276 2208 1497 2280 nihilominus
1525 2208 1726 2280 malefactor
1753 2209 1800 2280 sit

252 2328 466 2417 proscriptus
501 2332 538 2398 et
563 2348 626 2417 per
653 2349 900 2418 quemcumque
927 2330 1003 2419 rapi
1030 2329 1177 2418 poterit,
1213 2327 1351 2400 domino
1389 2329 1565 2402 ordinario
1602 2329 1801 2420 nuperrime

252 2448 414 2519 tradatur
440 2454 475 2519 et
503 2449 828 2520 excommunicetur.
871 2449 959 2520 Item
986 2450 1191 2540 quicumque
1228 2448 1387 2520 dominns
1414 2449 1517 2521 villae
1552 2450 1694 2540 inipso
1718 2450 1801 2522 villa

253 2589 317 2639 sua
343 2568 510 2640 decimam
529 2589 643 2640 emere
661 2569 829 2659 voluerit,
857 2575 938 2642 ante
956 2570 1082 2642 festum
1100 2570 1351 2669 Beatidacobi
1378 2592 1455 2641 cum
1482 2569 1619 2641 domino
1647 2570 1802 2642 decimae

251 2687 398 2760 lorisare
424 2694 597 2779 procuret,
624 2689 777 2781 alioquin
804 2689 962 2761 dominus
989 2690 1142 2762 decimae
1169 2690 1277 2762 libere
1301 2691 1466 2762 decimam
1494 2690 1630 2780 vendet,
1657 2690 1802 2781 impedi-

252 2815 367 2880 mento
393 2830 415 2880 a
441 2809 583 2893 domiuo
606 2810 709 2881 villae
737 2816 903 2882 cessante.
930 2811 1019 2882 Item
1045 2811 1251 2902 ubicumque
1277 2816 1396 2882 aratro
1424 2812 1459 2882 in
1485 2806 1597 2883 hortis
1616 2816 1652 2882 et
1671 2812 1802 2901 campis

253 2910 390 3002 aratum
416 2923 531 3020 luerit,
558 2930 692 3002 decima
709 2931 863 3021 plenarie
883 2932 1092 3021 exsolvatur,
1121 2933 1273 3022 exceptis
1292 2933 1398 3023 rapis,
1425 2952 1608 3021 papavere,
1635 2932 1802 3024 caulibus,
1841 2982 1849 2991 -

209 3115 212 3117 r
253 3053 364 3143 cepis,
399 3051 480 3123 allio
508 3050 625 3123 ethis
653 3052 841 3140 similibus,
877 3072 965 3143 quae
992 3053 1029 3123 in
1056 3053 1168 3123 hortis
1194 3053 1267 3124 suis
1295 3052 1372 3143 quis
1408 3051 1624 3142 ligonisando
1655 3012 1801 3142 plantat,

254 3170 392 3258 decima
413 3171 456 3242 de
482 3170 668 3261 praedictis
696 3173 740 3243 ab
767 3193 807 3243 eo
836 3173 1032 3244 nullatenus
1067 3176 1281 3265 repetatur..
1300 3171 1369 3244 Pro
1397 3172 1531 3244 decima
1565 3192 1648 3244 vero
1664 3251 1665 3255 Ἴ
1680 3174 1802 3264 canapi

256 3291 373 3363 taliter
400 3294 601 3382 statuimus,
637 3292 728 3383 quod
756 3293 959 3384 quicumque
995 3295 1130 3365 emetha
1166 3297 1244 3363 arat
1271 3313 1347 3364 cum
1374 3294 1511 3384 integro
1538 3297 1687 3383 antro,
1701 3299 1802 3382 qnot-

253 3432 396 3503 cumque
422 3413 529 3486 boves
555 3414 717 3494 habuerit
743 3414 816 3485 sive
839 3434 956 3504 equos,
981 3413 1041 3484 det
1059 3419 1208 3504 quatuor
1235 3415 1404 3503 ligaturas
1422 3414 1545 3502 canapi
1562 3398 1686 3504 pinati,
1703 3413 1802 3484 iuxta

254 3534 536 3606 consvetudiuem
562 3540 677 3606 terrae
704 3534 890 3624 antiquam,
918 3535 1077 3624 quivero
1098 3555 1174 3605 cum
1202 3535 1313 3605 medio
1341 3539 1460 3607 aratro
1487 3540 1576 3622 arat,
1602 3533 1689 3604 duas
1708 3533 1802 3624 liga-

205 3660 208 3668 “
254 3660 353 3741 turus
380 3636 666 3755 duspteneatum
694 3655 752 3744 qui
780 3659 894 3724 autem
923 3676 991 3725 non
1018 3660 1106 3743 arat,
1133 3654 1304 3725 adecima
1331 3654 1454 3744 canapi
1480 3654 1584 3727 debet
1610 3673 1686 3725 esse
1712 3641 1802 3726 liber

254 3781 291 3846 et
316 3764 460 3849 sdlu'tus.
478 3775 574 3852 ltem
600 3796 704 3866 super
730 3774 916 3846 interdicto
943 3774 1113 3847 servando
1140 3774 1260 3846 taliter
1287 3775 1513 3866 decernimus,
1539 3774 1630 3866 quod
1657 3794 1735 3855 cnm
1760 3794 1804 3846 ex

255 3917 338 3969 casu
365 3897 604 3987 qualicumque
629 3897 795 3986 evenerit,
822 3897 858 3967 in
877 3896 1018 3967 civitate
1037 3894 1257 3967 Gracoviensi
1283 3895 1507 3988 interdictum
1533 3894 1805 3968 ecclesiasticum

253 4018 366 4115 toperi
380 4023 417 4089 et
431 4018 619 4106 observari,
632 4018 754 4088 civitas
772 4015 989 4109 casimiria
1015 4018 1113 4088 iuxta
1126 4015 1266 4086 fluvium
1283 4016 1453 4087 Wislam
1480 4016 1591 4088 eidem
1618 4016 1803 4089 interdicto

155 4225 165 4234 ,
231 4155 324 4210 ¹uon
351 4139 456 4209 debet
483 4139 671 4226 subiacere,
699 4144 736 4209 et
762 4159 781 4210 e
808 4157 984 4209 converso.
1011 4136 1200 4209 Statuimus
1226 4138 1379 4227 insuper,
1407 4137 1498 4228 quod
1524 4126 1730 4229 ubicumque
1748 4137 1802 4209 vel

256 4259 301 4329 ad
336 4278 583 4350 quemcumque
618 4258 730 4330 locum
766 4258 1034 4333 ecclesiasticum
1070 4259 1382 4330 excommunicatus
1403 4279 1437 4356 ⁴a
1463 4260 1537 4330 iure
1574 4259 1629 4330 vel
1665 4258 1803 4330 homine

254 4367 408 4469 venerit,
435 4380 615 4452 ecclesiam
632 4379 687 4451 vel
706 4379 948 4475 coemeterium
967 4380 1143 4470 ingressus
1169 4379 1292 4469 fuerit}
1327 4385 1411 4451 tunc
1437 4385 1592 4451 cessetur
1618 4398 1640 4449 a
1666 4378 1804 4466 divinis,

210 4542 214 4551 .
255 4499 331 4590 ipso
358 4505 474 4591 tamen
501 4501 545 4573 de
571 4501 716 4572 ecclesia
744 4484 812 4572 vel*
825 4502 1032 4574 coemeterio
1060 4502 1261 4591 recedente,
1296 4500 1414 4572 divina
1448 4500 1542 4573 licite
1575 4504 1753 4585 resumant
1797 4554 1804 4568 .

255 4619 353 4692 Inter
380 4626 519 4693 caetera
545 4620 759 4693 decrevimus
778 4628 815 4693 et
833 4622 1017 4694 statuimus
1044 4643 1217 4713 expresse,
1245 4622 1337 4713 quod
1354 4621 1576 4694 interdictum
1595 4620 1805 4709 triduanum,
1909 4638 1910 4642 ’

228 4741 461 4833 Δ(ῃιι)ι1,οι1ἰειε
489 4734 695 4815 servabatur
729 4762 792 4832 per
820 4763 938 4814 omnes
974 4743 1136 4814 ecclesias
1171 4746 1315 4833 propter
1350 4741 1536 4814 adventum
1572 4741 1718 4813 alicuius
1745 4760 1805 4812 ex·

256 4843 509 4953 mmuuuimti,
535 4883 698 4964 exnunc
724 4884 788 4954 per
814 4864 1008 4954 qnempiam
1031 4864 1229 4936 nullatenus
1255 4860 1369 4936 teneri
1395 4862 1520 4936 debeat
1537 4882 1601 4933 uec
1619 4862 1806 4950 observari,

235 5000 301 5054 cue
326 4970 514 5074 pluralitas,
536 4984 648 5076 plebis
660 4964 821 5074 devotae,
839 4990 989 5074 propter
1002 4985 1131 5056 crimen
1157 4965 1258 5057 unius
1276 4983 1453 5076 obstinati,
1481 4983 1693 5055 salutaribus
1719 4982 1807 5054 divi-

256 5103 312 5174 nis
331 5101 462 5176 officiis
490 5110 525 5177 et
552 5126 615 5177 sua
642 5105 786 5177 orbetur
812 5105 1007 5194 devotione;
1033 5105 1093 5176 ubi
1120 5109 1237 5177 autem
1264 5103 1449 5176 sententia
1463 5102 1806 5199 sedis-Apostolicae

256 5222 373 5315 fuerit,
400 5225 456 5296 cui
483 5247 546 5298 nos
572 5227 684 5317 legem
712 5226 854 5303 dicum
868 5246 939 5298 uon
965 5246 1164 5318 possumus,
1192 5224 1367 5313 volumus,
1397 5223 1488 5315 qnod
1514 5222 1626 5296 forms
1650 5221 1806 5296 mundati

259 5344 296 5417 iu
322 5346 493 5436 rescripto
519 5347 652 5441 posita,
688 5345 873 5439 diligenter
903 5350 1062 5420 servetur
1086 5351 1122 5417 et
1148 5350 1358 5441 exequatur;
1396 5344 1552 5418 clausula
1576 5345 1736 5446 superius
1762 5344 1806 5426 de
