4050 6054
1668 418 1742 493 cvl

192 616 388 708 dequibus
423 617 571 690 solvitur
605 616 739 689 decima
772 616 1001 710 manipularis
1035 622 1072 693 et
1105 638 1170 711 per
1205 618 1355 711 quatior
1389 623 1535 714 ierugas·
1568 624 1744 719 cannpdis

190 738 410 829 praebendae
436 735 696 829 Jaszkovskcy,
722 743 759 809 et
785 758 849 828 per
876 738 1075 812 cmetbones
1111 737 1251 813 ducitur
1275 741 1314 813 in
1341 742 1505 815 borreum
1527 765 1553 816 a
1578 746 1743 820 canonmo

190 858 373 930 locandum
400 864 436 930 et
463 859 536 930 eius
563 858 663 930 valor
687 858 733 929 ad
759 878 863 931 unam
890 878 1041 933 marcam
1079 860 1294 933 aestimetur.
1337 862 1427 935 Item
1456 863 1624 956 taberna,
1658 866 1742 940 item

190 978 386 1069 hortulani,
423 981 505 1050 item
532 979 715 1070 praedium
741 980 880 1051 unicum
904 980 1067 1072 militare,
1095 982 1138 1054 de
1164 1003 1234 1074 quo
1259 984 1486 1074 manipularis
1512 982 1646 1059 decima
1671 988 1742 1060 aol-

191 1099 286 1171 vitur
312 1100 477 1171 ecclesiae
511 1101 549 1170 in
576 1096 935 1191 Govorzyczov.
979 1099 1150 1175 Variatur
1176 1108 1293 1175 antem
1318 1106 1498 1197 perceptio
1525 1105 1679 1179 decimae
1703 1109 1742 1181 in

189 1218 274 1291 villa
299 1220 478 1311 praefata,
513 1241 593 1293 nam
621 1222 707 1293 duas
733 1226 852 1312 partes
879 1224 1029 1315 percipit
1053 1225 1237 1316 episcopus
1263 1222 1571 1318 VindislaviensiS,
1597 1227 1740 1301 tertiam

190 1360 275 1412 vero
301 1361 345 1412 ex
371 1362 494 1432 campo
520 1363 589 1415 uuo
616 1362 738 1415 versus
763 1340 1018 1435 Milyakow
1041 1346 1192 1437 percipit
1217 1345 1418 1437 praebenda
1443 1346 1680 1422 iasakouslra

543 1604 709 1686 vicarie
744 1607 1014 1711 praebendae
1046 1607 1397 1714 laacbkowakey.

294 1825 500 1899 Praebenda
524 1826 814 1899 Sandomiriensis
839 1824 1068 1900 Jaszlrowska
1098 1827 1185 1899 alias
1211 1828 1468 1901 Radosziczska
1501 1828 1610 1903 babet
1634 1829 1741 1905 babe-

188 1966 297 2038 reque
322 1948 502 2020 conaverit
527 1948 692 2019 vicariam
718 1954 923 2038 perpetuam
949 1948 986 2018 in
1013 1948 1133 2020 eadem
1158 1948 1307 2020 ccclesia
1332 1946 1615 2041 Sandomlriensi,
1640 1951 1740 2024 cuiae

188 2068 372 2141 muenicus
398 2068 625 2159 iaszkovslry
660 2089 724 2158 pro
752 2075 909 2159 tempore
945 2070 1068 2141 unicus
1092 2075 1150 2141 est
1176 2070 1324 2142 collator
1349 2076 1386 2141 et
1411 2075 1600 2162 patronus,
1635 2084 1748 2163 qnam.

187 2207 279 2260 nunc
304 2194 402 2261 tanet
425 2188 603 2261 Martinus
639 2188 682 2259 de
708 2187 927 2269 Tlucbow
961 2188 1164 2279 presbyter,
1200 2208 1289 2279 quae
1323 2208 1388 2280 pro
1424 2210 1489 2263 sua
1515 2190 1598 2264 dota
1632 2190 1741 2267 babet

189 2309 293 2381 villae
319 2308 343 2380 J
352 2309 533 2381 aszlrow
560 2314 700 2399 sortem,
727 2329 816 2399 quae
842 2309 1040 2399 praedictae
1067 2294 1288 2399 praebendae
1315 2316 1477 2382 censetur
1501 2300 1639 2384 mudus.

215 2473 219 2480 ·
292 2429 479 2521 Jaszuovr,
506 2430 591 2501 villa
617 2431 681 2501 sub
708 2430 875 2520 parocbia
901 2428 1068 2502 ecclesiae
1095 2430 1138 2502 de
1165 2429 1527 2523 Schydlowyecz
1554 2432 1637 2523 sita,
1661 2432 1752 2504 iun·-

189 2552 254 2625 dus
279 2550 403 2622 unicus
437 2550 657 2642 praebendae
681 2544 932 2642 dasnkovslrey
957 2556 995 2622 et
1020 2549 1083 2622 dos
1110 2570 1150 2621 ac
1175 2550 1373 2641 proprietas
1398 2551 1551 2623 vicariae
1576 2551 1739 2643 eiusdem,

187 2673 223 2742 in
249 2693 319 2763 qua
344 2672 440 2745 dicta
463 2671 595 2744 vicaria
619 2671 727 2743 babet
752 2672 839 2743 duos
865 2671 985 2743 laneos
1012 2671 1257 2761 cmetbonales,
1284 2688 1431 2761 quorum
1458 2670 1606 2763 quilibet
1628 2672 1739 2746 solvit

188 2792 318 2865 vicario
344 2812 409 2883 pro
435 2812 551 2865 annuo
579 2812 686 2865 censu
712 2796 844 2883 septem
861 2791 1022 2881 florenos3
1048 2812 1118 2863 non
1133 2790 1306 2882 laborant,
1334 2812 1403 2865 uon
1421 2786 1508 2864 dant
1525 2810 1600 2883 ova,
1627 2808 1739 2884 nequa

187 2932 315 3004 cascos,
340 2932 453 3005 neque
469 2914 591 3005 gallos,
617 2933 729 3004 neque
745 2933 900 2986 avenam.
926 2913 1016 2985 Item
1042 2908 1192 3004 praefati
1210 2912 1278 2985 duo
1295 2910 1389 2984 lanei
1415 2911 1554 2984 solvunt
1571 2911 1738 2987 dammam

187 3034 438 3126 manipularem
464 3039 502 3107 et
526 3054 591 3124 per
617 3038 767 3124 quatuor
792 3035 932 3125 ierugas
958 3033 1159 3124 canapalam
1185 3033 1338 3105 vicariae
1363 3033 1542 3125 praefatae
1560 3032 1740 3107 Jasnkov·

189 3155 297 3248 skiay,
323 3160 361 3228 et
385 3154 518 3228 ducunt
543 3175 620 3227 eam
654 3156 690 3226 iu
716 3154 881 3228 borreum
905 3176 929 3227 a
954 3155 1085 3227 vicario
1121 3154 1304 3227 locandum
1335 3160 1371 3225 et
1396 3155 1496 3228 valor
1530 3155 1605 3227 eius
1630 3154 1739 3229 acati·

186 3282 303 3349 matur
327 3276 373 3348 ad
399 3275 487 3349 duas
511 3296 664 3366 marcas3
699 3277 784 3349 item
809 3276 984 3349 residuam
1010 3280 1148 3367 partem
1174 3272 1328 3347 eiusdem
1354 3275 1458 3347 villae
1483 3274 1590 3349 babet
1615 3267 1739 3349 Sethe-

186 3399 265 3490 gius
290 3397 532 3469 Parthelra
559 3397 603 3468 dc
630 3397 737 3469 armis
763 3395 874 3488 Oua,
901 3397 966 3469 sub
993 3401 1162 3489 quaeunt
1185 3396 1279 3468 lanei
1304 3396 1548 3486 memorales,
1575 3396 1740 3488 quidant

187 3520 356 3592 decimam
380 3519 632 3609 manipularem
659 3518 821 3609 episcopo
848 3516 1081 3608 (iracoviensi3
1108 3517 1191 3589 item
1219 3516 1280 3588 alii
1306 3517 1392 3588 dant
1417 3517 1585 3589 decimam
1603 3571 1738 3608 ......

187 3641 270 3712 item
294 3640 476 3732 praedium
501 3640 551 3713 ibi
576 3640 716 3713 unicum
742 3640 903 3730 militare,
929 3638 1022 3731 quod
1040 3638 1146 3711 solvit
1172 3638 1340 3711 decimam
1361 3637 1611 3728 manipularem
1630 3638 1739 3711 ecclc-

31 3754 34 3759 ’
187 3763 257 3833 siae
285 3763 321 3832 in
348 3760 709 3854 Schydlovyecz
735 3760 935 3851 parochiali,
963 3760 1060 3831 cuius
1086 3758 1420 3833 valor.aestimatur
1445 3758 1491 3830 ad
1508 3811 1677 3829 .......
1703 3796 1708 3805 ·

289 3883 378 3954 Item
404 3882 604 3973 praebenda
631 3880 791 3972 praelata
807 3880 1097 3953 Sandomiriensis
1114 3878 1352 3970 Jaszkowaka,
1378 3899 1441 3952 seu
1465 3876 1742 3972 Radoazyczska·

186 4009 309 4075 taxata
342 4009 397 4075 est
431 4005 530 4075 iuxta
564 4009 685 4075 vetera
711 4007 748 4074 et
772 4023 863 4074 nova
892 4008 1052 4093 regestro
1086 4001 1131 4073 ad
1157 4006 1237 4073 octo
1269 4020 1423 4090 marcam
1458 4000 1544 4073 item
1578 4001 1739 4092 praefata

186 4122 386 4215 praebenda
411 4125 518 4197 babet
544 4125 682 4197 domum
708 4124 885 4215 propriam
907 4130 944 4196 et
961 4143 1078 4194 aream
1104 4120 1323 4195 conculcatui
1348 4140 1528 4213 annexam,
1555 4122 1592 4195 in
1609 4124 1739 4196 cimen-
1871 4202 1874 4207 ,

185 4246 275 4318 terio
302 4247 339 4317 in
365 4246 449 4336 acie,
476 4245 514 4317 in
539 4252 640 4337 parte
667 4244 941 4338 septentrionali,
969 4244 1081 4317 eundo
1108 4264 1231 4317 versus
1256 4243 1290 4317 S.
1308 4243 1452 4319 Petrum
1475 4244 1593 4336 eitam,
1618 4242 1737 4319 domm

186 4367 415 4440 vicccustodis
442 4369 646 4459 contiguam.

596 4628 841 4715 Praebenda
874 4630 929 4713 de
960 4629 1115 4716 annulo
1150 4626 1361 4736 replnell.¹

261 4851 492 4926 ¹Praebenda
517 4850 806 4925 Sandomirienais
832 4852 875 4924 de
901 4851 1028 4924 annulo
1055 4851 1203 4942 reginali
1230 4851 1274 4923 ob
1292 4849 1331 4922 id
1357 4848 1555 4922 huiusmodi
1581 4848 1732 4921 vocaba-

184 4974 256 5046 lum
281 4980 320 5047 et
345 4980 610 5066 cognomentum
636 4974 762 5047 sortita
779 4979 844 5065 est,
871 4973 1033 5066 quonlam
1059 4973 1173 5047 nielles
1198 4972 1306 5045 babet
1324 4971 1474 5044 decimas
1500 4969 1735 5062 manipulares

186 5101 247 5167 aut
272 5094 470 5187 fertonales,
497 5102 559 5168 aut
584 5095 738 5188 praedia,
764 5101 826 5169 ant
850 5096 961 5188 villas,
988 5094 1050 5168 sed
1075 5092 1313 5168 tantammodo
1340 5110 1481 5165 censam
1506 5110 1550 5164 ex
1564 5089 1733 5183 domibus,

184 5217 295 5288 vineis
322 5223 359 5289 ct
384 5217 594 5290 hortulaniis
620 5216 740 5309 oppidi
766 5216 1064 5307 Sandomin'ensis,
1091 5216 1152 5306 qui
1178 5220 1361 5288 consvetns
1384 5213 1500 5288 iuerat
1523 5212 1654 5306 reginis
1671 5218 1756 5286 ant-

184 5338 329 5419 ducissa
356 5336 538 5435 Poloniae,
575 5339 675 5434 quasi
700 5359 764 5433 pro
791 5339 922 5417 annulo
958 5339 1058 5411 annis
1085 5334 1231 5433 singulis
1258 5336 1345 5413 (laris
1386 5333 1505 5412 Habet
1538 5354 1615 5453 eain
1640 5346 1734 5411 nvnc
