<?xml version="1.0" encoding="UTF-8"?>
<!DOCTYPE html PUBLIC "-//W3C//DTD XHTML 1.0 Transitional//EN"
    "http://www.w3.org/TR/xhtml1/DTD/xhtml1-transitional.dtd">
<html xmlns="http://www.w3.org/1999/xhtml" xml:lang="en" lang="en">
 <head>
  <title>
</title>
<meta http-equiv="Content-Type" content="text/html;charset=utf-8" />
  <meta name='ocr-system' content='tesseract 3.04.00' />
  <meta name='ocr-capabilities' content='ocr_page ocr_carea ocr_par ocr_line ocrx_word'/>
</head>
<body>
  <div class='ocr_page' id='page_1' title='image "./joannisdugoszse00dugoog_0150.png"; bbox 0 0 4050 6054; ppageno 0'>
   <div class='ocr_carea' id='block_1_1' title="bbox 1538 461 1788 533">
    <p class='ocr_par' dir='ltr' id='par_1_1' title="bbox 1538 461 1788 533">
     <span class='ocr_line' id='line_1_1' title="bbox 1538 461 1788 533; baseline -0.008 1"><span class='ocrx_word' id='word_1_1' title='bbox 1538 482 1542 492; x_wconf 78' lang='grc'><em>“</em></span> <span class='ocrx_word' id='word_1_2' title='bbox 1681 461 1788 533; x_wconf 76' lang='lat'>123·</span> 
     </span>
    </p>
   </div>
   <div class='ocr_carea' id='block_1_2' title="bbox 202 656 1760 2079">
    <p class='ocr_par' dir='ltr' id='par_1_2' title="bbox 202 656 1760 1835">
     <span class='ocr_line' id='line_1_2' title="bbox 308 656 1759 760; baseline 0.01 -34"><span class='ocrx_word' id='word_1_3' title='bbox 308 656 396 728; x_wconf 91' lang='lat' dir='ltr'>Item</span> <span class='ocrx_word' id='word_1_4' title='bbox 422 656 529 729; x_wconf 91' lang='lat' dir='ltr'>habet</span> <span class='ocrx_word' id='word_1_5' title='bbox 560 656 744 731; x_wconf 88' lang='lat' dir='ltr'>secundam</span> <span class='ocrx_word' id='word_1_6' title='bbox 780 659 1028 749; x_wconf 77' lang='lat' dir='ltr'>manipularem</span> <span class='ocrx_word' id='word_1_7' title='bbox 1064 659 1241 735; x_wconf 71' lang='lat' dir='ltr'>decimam,</span> <span class='ocrx_word' id='word_1_8' title='bbox 1266 661 1301 733; x_wconf 95' lang='lat' dir='ltr'>in</span> <span class='ocrx_word' id='word_1_9' title='bbox 1337 661 1759 760; x_wconf 81' lang='lat' dir='ltr'>Mlodzyeiowicze,</span> 
     </span>
     <span class='ocr_line' id='line_1_3' title="bbox 206 776 1759 870; baseline 0.01 -24"><span class='ocrx_word' id='word_1_10' title='bbox 206 776 270 848; x_wconf 91' lang='lat' dir='ltr'>sub</span> <span class='ocrx_word' id='word_1_11' title='bbox 298 776 463 867; x_wconf 89' lang='lat' dir='ltr'>parochia</span> <span class='ocrx_word' id='word_1_12' title='bbox 488 777 654 850; x_wconf 90' lang='lat' dir='ltr'>ecclesiae</span> <span class='ocrx_word' id='word_1_13' title='bbox 681 778 724 851; x_wconf 91' lang='lat' dir='ltr'>de</span> <span class='ocrx_word' id='word_1_14' title='bbox 750 777 1186 870; x_wconf 86' lang='lat' dir='ltr'>Wyanozslawicze‚</span> <span class='ocrx_word' id='word_1_15' title='bbox 1214 781 1311 852; x_wconf 89' lang='lat' dir='ltr'>cuius</span> <span class='ocrx_word' id='word_1_16' title='bbox 1337 783 1461 854; x_wconf 79' lang='lat' dir='ltr'>haeres</span> <span class='ocrx_word' id='word_1_17' title='bbox 1488 789 1546 855; x_wconf 86' lang='lat' dir='ltr'>est·</span> <span class='ocrx_word' id='word_1_18' title='bbox 1567 784 1759 861; x_wconf 85' lang='lat' dir='ltr'>Stanislaus</span> 
     </span>
     <span class='ocr_line' id='line_1_4' title="bbox 205 895 1760 998; baseline 0.008 -31"><span class='ocrx_word' id='word_1_19' title='bbox 205 895 610 990; x_wconf 82' lang='lat' dir='ltr'>M-lodzyeiowsky,</span> <span class='ocrx_word' id='word_1_20' title='bbox 638 899 763 971; x_wconf 94' lang='lat' dir='ltr'>nobilis</span> <span class='ocrx_word' id='word_1_21' title='bbox 781 899 943 977; x_wconf 88' lang='lat' dir='ltr'>dedomo</span> <span class='ocrx_word' id='word_1_22' title='bbox 970 898 1278 991; x_wconf 81' lang='lat' dir='ltr'>Antiquarum</span> <span class='ocrx_word' id='word_1_23' title='bbox 1306 901 1606 996; x_wconf 75' lang='lat' dir='ltr'>(labellorum.</span> <span class='ocrx_word' id='word_1_24' title='bbox 1633 906 1760 998; x_wconf 86' lang='lat' dir='ltr'>Inque</span> 
     </span>
     <span class='ocr_line' id='line_1_5' title="bbox 207 999 1758 1117; baseline 0.008 -29"><span class='ocrx_word' id='word_1_25' title='bbox 207 1023 288 1089; x_wconf 91' lang='lat' dir='ltr'>sunt</span> <span class='ocrx_word' id='word_1_26' title='bbox 315 1024 463 1108; x_wconf 90' lang='lat' dir='ltr'>quatuor</span> <span class='ocrx_word' id='word_1_27' title='bbox 489 1019 579 1091; x_wconf 89' lang='lat' dir='ltr'>lanei</span> <span class='ocrx_word' id='word_1_28' title='bbox 606 1019 848 1110; x_wconf 79' lang='lat' dir='ltr'>cmethonalcs‚</span> <span class='ocrx_word' id='word_1_29' title='bbox 875 999 948 1092; x_wconf 92' lang='lat' dir='ltr'>sed</span> <span class='ocrx_word' id='word_1_30' title='bbox 963 1021 1228 1112; x_wconf 84' lang='lat' dir='ltr'>diversificatur,</span> <span class='ocrx_word' id='word_1_31' title='bbox 1246 1043 1325 1093; x_wconf 88' lang='lat' dir='ltr'>nam</span> <span class='ocrx_word' id='word_1_32' title='bbox 1343 1031 1477 1113; x_wconf 88' lang='lat' dir='ltr'>partem</span> <span class='ocrx_word' id='word_1_33' title='bbox 1495 1026 1644 1116; x_wconf 84' lang='lat' dir='ltr'><strong>percipit</strong></span> <span class='ocrx_word' id='word_1_34' title='bbox 1659 1047 1758 1117; x_wconf 88' lang='lat' dir='ltr'>prae-</span> 
     </span>
     <span class='ocr_line' id='line_1_6' title="bbox 205 1139 1758 1232; baseline 0.008 -24"><span class='ocrx_word' id='word_1_35' title='bbox 205 1158 285 1209; x_wconf 87' lang='lat' dir='ltr'>sens</span> <span class='ocrx_word' id='word_1_36' title='bbox 311 1139 508 1230; x_wconf 83' lang='lat' dir='ltr'>praebenda</span> <span class='ocrx_word' id='word_1_37' title='bbox 534 1139 847 1230; x_wconf 82' lang='lat' dir='ltr'>Gzechowslra,</span> <span class='ocrx_word' id='word_1_38' title='bbox 874 1146 1008 1232; x_wconf 88' lang='lat' dir='ltr'>partem</span> <span class='ocrx_word' id='word_1_39' title='bbox 1026 1141 1223 1231; x_wconf 89' lang='lat' dir='ltr'>praebenda</span> <span class='ocrx_word' id='word_1_40' title='bbox 1241 1140 1479 1216; x_wconf 85' lang='lat' dir='ltr'>Cracoviensis</span> <span class='ocrx_word' id='word_1_41' title='bbox 1505 1143 1758 1231; x_wconf 76' lang='lat' dir='ltr'>Krzcslau·</span> 
     </span>
     <span class='ocr_line' id='line_1_7' title="bbox 205 1259 1759 1358; baseline 0.008 -30"><span class='ocrx_word' id='word_1_42' title='bbox 205 1259 296 1348; x_wconf 80' lang='lat' dir='ltr'>ska,</span> <span class='ocrx_word' id='word_1_43' title='bbox 324 1259 455 1332; x_wconf 91' lang='lat' dir='ltr'>ducunt</span> <span class='ocrx_word' id='word_1_44' title='bbox 481 1281 556 1332; x_wconf 90' lang='lat' dir='ltr'>eam</span> <span class='ocrx_word' id='word_1_45' title='bbox 584 1261 780 1332; x_wconf 89' lang='lat' dir='ltr'>cmethones</span> <span class='ocrx_word' id='word_1_46' title='bbox 808 1261 843 1331; x_wconf 91' lang='lat' dir='ltr'>iu</span> <span class='ocrx_word' id='word_1_47' title='bbox 871 1262 1053 1352; x_wconf 87' lang='lat' dir='ltr'>horreum,</span> <span class='ocrx_word' id='word_1_48' title='bbox 1082 1263 1219 1334; x_wconf 88' lang='lat' dir='ltr'>solvunt</span> <span class='ocrx_word' id='word_1_49' title='bbox 1246 1263 1411 1336; x_wconf 82' lang='lat' dir='ltr'>decimam</span> <span class='ocrx_word' id='word_1_50' title='bbox 1438 1267 1560 1356; x_wconf 86' lang='lat' dir='ltr'>canapi</span> <span class='ocrx_word' id='word_1_51' title='bbox 1575 1286 1650 1355; x_wconf 89' lang='lat' dir='ltr'>per</span> <span class='ocrx_word' id='word_1_52' title='bbox 1676 1288 1759 1358; x_wconf 78' lang='lat' dir='ltr'>qua·</span> 
     </span>
     <span class='ocr_line' id='line_1_8' title="bbox 203 1381 1758 1485; baseline 0.006 -35"><span class='ocrx_word' id='word_1_53' title='bbox 203 1384 287 1451; x_wconf 92' lang='lat' dir='ltr'>tuor</span> <span class='ocrx_word' id='word_1_54' title='bbox 313 1381 500 1471; x_wconf 89' lang='lat' dir='ltr'>iuncturas,</span> <span class='ocrx_word' id='word_1_55' title='bbox 528 1382 854 1471; x_wconf 83' lang='lat' dir='ltr'>valoraestimatur</span> <span class='ocrx_word' id='word_1_56' title='bbox 880 1382 1053 1454; x_wconf 91' lang='lat' dir='ltr'>adunam</span> <span class='ocrx_word' id='word_1_57' title='bbox 1082 1404 1159 1454; x_wconf 92' lang='lat' dir='ltr'>cum</span> <span class='ocrx_word' id='word_1_58' title='bbox 1185 1383 1299 1455; x_wconf 88' lang='lat' dir='ltr'>media</span> <span class='ocrx_word' id='word_1_59' title='bbox 1324 1406 1476 1476; x_wconf 82' lang='lat' dir='ltr'>marnoa,</span> <span class='ocrx_word' id='word_1_60' title='bbox 1504 1386 1687 1477; x_wconf 89' lang='lat' dir='ltr'>aliquando</span> <span class='ocrx_word' id='word_1_61' title='bbox 1714 1388 1758 1485; x_wconf 82' lang='lat' dir='ltr'>ad</span> 
     </span>
     <span class='ocr_line' id='line_1_9' title="bbox 202 1502 1758 1597; baseline 0.006 -26"><span class='ocrx_word' id='word_1_62' title='bbox 202 1507 276 1576; x_wconf 92' lang='lat' dir='ltr'>tres</span> <span class='ocrx_word' id='word_1_63' title='bbox 299 1523 442 1574; x_wconf 88' lang='lat' dir='ltr'>marcas.</span> <span class='ocrx_word' id='word_1_64' title='bbox 469 1502 558 1574; x_wconf 87' lang='lat' dir='ltr'>Item</span> <span class='ocrx_word' id='word_1_65' title='bbox 585 1508 639 1574; x_wconf 89' lang='lat' dir='ltr'>est</span> <span class='ocrx_word' id='word_1_66' title='bbox 665 1503 714 1573; x_wconf 92' lang='lat' dir='ltr'>ibi</span> <span class='ocrx_word' id='word_1_67' title='bbox 741 1504 838 1576; x_wconf 88' lang='lat' dir='ltr'>curia</span> <span class='ocrx_word' id='word_1_68' title='bbox 863 1502 993 1574; x_wconf 89' lang='lat' dir='ltr'>habens</span> <span class='ocrx_word' id='word_1_69' title='bbox 1020 1523 1123 1594; x_wconf 84' lang='lat' dir='ltr'>agros</span> <span class='ocrx_word' id='word_1_70' title='bbox 1150 1503 1361 1595; x_wconf 90' lang='lat' dir='ltr'>praediales,</span> <span class='ocrx_word' id='word_1_71' title='bbox 1389 1505 1432 1577; x_wconf 96' lang='lat' dir='ltr'>de</span> <span class='ocrx_word' id='word_1_72' title='bbox 1459 1505 1584 1597; x_wconf 90' lang='lat' dir='ltr'>quibus</span> <span class='ocrx_word' id='word_1_73' title='bbox 1612 1508 1758 1581; x_wconf 89' lang='lat' dir='ltr'>solvitur</span> 
     </span>
     <span class='ocr_line' id='line_1_10' title="bbox 205 1620 1757 1719; baseline 0.007 -29"><span class='ocrx_word' id='word_1_74' title='bbox 205 1620 338 1693; x_wconf 88' lang='lat' dir='ltr'>decima</span> <span class='ocrx_word' id='word_1_75' title='bbox 365 1624 597 1714; x_wconf 86' lang='lat' dir='ltr'>manipularis,</span> <span class='ocrx_word' id='word_1_76' title='bbox 625 1627 661 1694; x_wconf 87' lang='lat' dir='ltr'>ot</span> <span class='ocrx_word' id='word_1_77' title='bbox 687 1623 729 1694; x_wconf 87' lang='lat' dir='ltr'>da</span> <span class='ocrx_word' id='word_1_78' title='bbox 756 1643 825 1695; x_wconf 91' lang='lat' dir='ltr'>una</span> <span class='ocrx_word' id='word_1_79' title='bbox 850 1623 995 1696; x_wconf 86' lang='lat' dir='ltr'>taberna</span> <span class='ocrx_word' id='word_1_80' title='bbox 1021 1630 1057 1695; x_wconf 90' lang='lat' dir='ltr'>et</span> <span class='ocrx_word' id='word_1_81' title='bbox 1080 1624 1122 1696; x_wconf 92' lang='lat' dir='ltr'>de</span> <span class='ocrx_word' id='word_1_82' title='bbox 1141 1629 1288 1716; x_wconf 89' lang='lat' dir='ltr'>quatuor</span> <span class='ocrx_word' id='word_1_83' title='bbox 1305 1626 1512 1700; x_wconf 89' lang='lat' dir='ltr'>hortulaniis</span> <span class='ocrx_word' id='word_1_84' title='bbox 1530 1648 1593 1719; x_wconf 90' lang='lat' dir='ltr'>pro</span> <span class='ocrx_word' id='word_1_85' title='bbox 1611 1628 1757 1719; x_wconf 77' lang='lat' dir='ltr'>plebano</span> 
     </span>
     <span class='ocr_line' id='line_1_11' title="bbox 205 1742 1069 1835; baseline 0.001 -21"><span class='ocrx_word' id='word_1_86' title='bbox 205 1749 242 1814; x_wconf 90' lang='lat' dir='ltr'>et</span> <span class='ocrx_word' id='word_1_87' title='bbox 268 1743 412 1815; x_wconf 91' lang='lat' dir='ltr'>ecclesia</span> <span class='ocrx_word' id='word_1_88' title='bbox 438 1746 475 1816; x_wconf 91' lang='lat' dir='ltr'>in</span> <span class='ocrx_word' id='word_1_89' title='bbox 502 1745 682 1835; x_wconf 76' lang='lat' dir='ltr'>Poraha</span> <span class='ocrx_word' id='word_1_90' title='bbox 708 1742 1069 1835; x_wconf 78' lang='lat' dir='ltr'>propewolfram.</span> 
     </span>
    </p>

    <p class='ocr_par' dir='ltr' id='par_1_3' title="bbox 206 1864 1758 2079">
     <span class='ocr_line' id='line_1_12' title="bbox 308 1864 1758 1959; baseline 0.005 -24"><span class='ocrx_word' id='word_1_91' title='bbox 308 1864 394 1936; x_wconf 89' lang='lat' dir='ltr'>Item</span> <span class='ocrx_word' id='word_1_92' title='bbox 420 1865 527 1937; x_wconf 88' lang='lat' dir='ltr'>habet</span> <span class='ocrx_word' id='word_1_93' title='bbox 552 1865 691 1937; x_wconf 79' lang='lat' dir='ltr'>tertiam</span> <span class='ocrx_word' id='word_1_94' title='bbox 718 1865 967 1955; x_wconf 83' lang='lat' dir='ltr'>manipularem</span> <span class='ocrx_word' id='word_1_95' title='bbox 994 1865 1162 1938; x_wconf 84' lang='lat' dir='ltr'>decimam</span> <span class='ocrx_word' id='word_1_96' title='bbox 1188 1867 1223 1937; x_wconf 94' lang='lat' dir='ltr'>in</span> <span class='ocrx_word' id='word_1_97' title='bbox 1251 1864 1648 1959; x_wconf 69' lang='lat' dir='ltr'>Gzyborzowicze</span> <span class='ocrx_word' id='word_1_98' title='bbox 1675 1869 1758 1944; x_wconf 90' lang='lat' dir='ltr'>villa</span> 
     </span>
     <span class='ocr_line' id='line_1_13' title="bbox 206 1984 1757 2079; baseline 0.005 -23"><span class='ocrx_word' id='word_1_99' title='bbox 206 1985 270 2056; x_wconf 92' lang='lat' dir='ltr'>sub</span> <span class='ocrx_word' id='word_1_100' title='bbox 297 1985 462 2075; x_wconf 90' lang='lat' dir='ltr'>parochia</span> <span class='ocrx_word' id='word_1_101' title='bbox 497 1986 661 2058; x_wconf 88' lang='lat' dir='ltr'>ecclesiae</span> <span class='ocrx_word' id='word_1_102' title='bbox 688 1986 731 2057; x_wconf 91' lang='lat' dir='ltr'>de</span> <span class='ocrx_word' id='word_1_103' title='bbox 756 1984 1087 2077; x_wconf 84' lang='lat' dir='ltr'>Kosczelyecz‚</span> <span class='ocrx_word' id='word_1_104' title='bbox 1115 1988 1211 2059; x_wconf 87' lang='lat' dir='ltr'>cuius</span> <span class='ocrx_word' id='word_1_105' title='bbox 1238 1988 1360 2059; x_wconf 85' lang='lat' dir='ltr'>haeres</span> <span class='ocrx_word' id='word_1_106' title='bbox 1387 1987 1603 2079; x_wconf 74' lang='lat' dir='ltr'>vladislaus,</span> <span class='ocrx_word' id='word_1_107' title='bbox 1632 1990 1757 2063; x_wconf 91' lang='lat' dir='ltr'>nobilis</span> 
     </span>
    </p>
   </div>
   <div class='ocr_carea' id='block_1_3' title="bbox 204 2104 1869 2200">
    <p class='ocr_par' dir='ltr' id='par_1_4' title="bbox 204 2104 1869 2200">
     <span class='ocr_line' id='line_1_14' title="bbox 204 2104 1869 2200; baseline 0.004 -24"><span class='ocrx_word' id='word_1_108' title='bbox 204 2105 246 2177; x_wconf 93' lang='lat' dir='ltr'>de</span> <span class='ocrx_word' id='word_1_109' title='bbox 274 2104 374 2177; x_wconf 94' lang='lat' dir='ltr'>domo</span> <span class='ocrx_word' id='word_1_110' title='bbox 402 2111 438 2177; x_wconf 93' lang='lat' dir='ltr'>et</span> <span class='ocrx_word' id='word_1_111' title='bbox 463 2105 593 2194; x_wconf 80' lang='lat' dir='ltr'>familia</span> <span class='ocrx_word' id='word_1_112' title='bbox 618 2106 817 2179; x_wconf 84' lang='lat' dir='ltr'>Zabaua.</span> <span class='ocrx_word' id='word_1_113' title='bbox 843 2106 883 2176; x_wconf 93' lang='lat' dir='ltr'>In</span> <span class='ocrx_word' id='word_1_114' title='bbox 912 2128 979 2197; x_wconf 92' lang='lat' dir='ltr'>qua</span> <span class='ocrx_word' id='word_1_115' title='bbox 1006 2112 1086 2179; x_wconf 93' lang='lat' dir='ltr'>sunt</span> <span class='ocrx_word' id='word_1_116' title='bbox 1114 2113 1261 2199; x_wconf 90' lang='lat' dir='ltr'>quatuor</span> <span class='ocrx_word' id='word_1_117' title='bbox 1286 2108 1377 2179; x_wconf 89' lang='lat' dir='ltr'>lanei</span> <span class='ocrx_word' id='word_1_118' title='bbox 1403 2110 1648 2200; x_wconf 87' lang='lat' dir='ltr'>cmethonalcs‚</span> <span class='ocrx_word' id='word_1_119' title='bbox 1675 2112 1757 2183; x_wconf 91' lang='lat' dir='ltr'>item</span> <span class='ocrx_word' id='word_1_120' title='bbox 1863 2120 1869 2131; x_wconf 80' lang='lat'><strong><em>‘</em></strong></span> 
     </span>
    </p>
   </div>
   <div class='ocr_carea' id='block_1_4' title="bbox 195 2214 1758 2561">
    <p class='ocr_par' dir='ltr' id='par_1_5' title="bbox 195 2214 1758 2561">
     <span class='ocr_line' id='line_1_15' title="bbox 195 2214 1758 2331; baseline 0.003 -34"><span class='ocrx_word' id='word_1_121' title='bbox 195 2214 386 2317; x_wconf 84' lang='lat' dir='ltr'>tabernae,</span> <span class='ocrx_word' id='word_1_122' title='bbox 415 2228 498 2307; x_wconf 88' lang='lat' dir='ltr'>item</span> <span class='ocrx_word' id='word_1_123' title='bbox 534 2229 768 2319; x_wconf 88' lang='lat' dir='ltr'>hortulaniae‚</span> <span class='ocrx_word' id='word_1_124' title='bbox 796 2227 839 2300; x_wconf 91' lang='lat' dir='ltr'>de</span> <span class='ocrx_word' id='word_1_125' title='bbox 866 2229 990 2319; x_wconf 89' lang='lat' dir='ltr'>quibus</span> <span class='ocrx_word' id='word_1_126' title='bbox 1017 2230 1176 2301; x_wconf 91' lang='lat' dir='ltr'>omnibus</span> <span class='ocrx_word' id='word_1_127' title='bbox 1204 2229 1350 2301; x_wconf 86' lang='lat' dir='ltr'>solvitur</span> <span class='ocrx_word' id='word_1_128' title='bbox 1376 2229 1509 2302; x_wconf 86' lang='lat' dir='ltr'>decima</span> <span class='ocrx_word' id='word_1_129' title='bbox 1535 2231 1758 2331; x_wconf 83' lang='lat' dir='ltr'>manipularis</span> 
     </span>
     <span class='ocr_line' id='line_1_16' title="bbox 203 2343 1757 2451; baseline 0.004 -34"><span class='ocrx_word' id='word_1_130' title='bbox 203 2347 419 2438; x_wconf 85' lang='lat' dir='ltr'>praebendae</span> <span class='ocrx_word' id='word_1_131' title='bbox 444 2343 618 2438; x_wconf 83' lang='lat' dir='ltr'>praelatae</span> <span class='ocrx_word' id='word_1_132' title='bbox 646 2354 682 2420; x_wconf 91' lang='lat' dir='ltr'>et</span> <span class='ocrx_word' id='word_1_133' title='bbox 707 2349 845 2451; x_wconf 82' lang='lat' dir='ltr'>ducitur</span> <span class='ocrx_word' id='word_1_134' title='bbox 871 2368 934 2439; x_wconf 89' lang='lat' dir='ltr'>per</span> <span class='ocrx_word' id='word_1_135' title='bbox 962 2349 1092 2421; x_wconf 90' lang='lat' dir='ltr'>incolas</span> <span class='ocrx_word' id='word_1_136' title='bbox 1111 2350 1261 2441; x_wconf 91' lang='lat' dir='ltr'>propriis</span> <span class='ocrx_word' id='word_1_137' title='bbox 1280 2350 1438 2422; x_wconf 90' lang='lat' dir='ltr'>curribus</span> <span class='ocrx_word' id='word_1_138' title='bbox 1457 2350 1493 2421; x_wconf 91' lang='lat' dir='ltr'>in</span> <span class='ocrx_word' id='word_1_139' title='bbox 1510 2351 1673 2423; x_wconf 89' lang='lat' dir='ltr'>horreum</span> <span class='ocrx_word' id='word_1_140' title='bbox 1694 2372 1757 2442; x_wconf 93' lang='lat' dir='ltr'>per</span> 
     </span>
     <span class='ocr_line' id='line_1_17' title="bbox 205 2469 1758 2561; baseline 0.004 -23"><span class='ocrx_word' id='word_1_141' title='bbox 205 2469 405 2539; x_wconf 91' lang='lat' dir='ltr'>canonicum</span> <span class='ocrx_word' id='word_1_142' title='bbox 440 2469 639 2559; x_wconf 90' lang='lat' dir='ltr'>locandum,</span> <span class='ocrx_word' id='word_1_143' title='bbox 667 2475 702 2541; x_wconf 93' lang='lat' dir='ltr'>et</span> <span class='ocrx_word' id='word_1_144' title='bbox 736 2469 875 2541; x_wconf 88' lang='lat' dir='ltr'>solvunt</span> <span class='ocrx_word' id='word_1_145' title='bbox 909 2469 1076 2540; x_wconf 88' lang='lat' dir='ltr'>decimam</span> <span class='ocrx_word' id='word_1_146' title='bbox 1103 2470 1225 2559; x_wconf 88' lang='lat' dir='ltr'>canapi</span> <span class='ocrx_word' id='word_1_147' title='bbox 1251 2489 1314 2560; x_wconf 93' lang='lat' dir='ltr'>per</span> <span class='ocrx_word' id='word_1_148' title='bbox 1342 2475 1490 2561; x_wconf 88' lang='lat' dir='ltr'>quatuor</span> <span class='ocrx_word' id='word_1_149' title='bbox 1516 2471 1694 2543; x_wconf 88' lang='lat' dir='ltr'>iuncturas</span> <span class='ocrx_word' id='word_1_150' title='bbox 1722 2477 1758 2544; x_wconf 88' lang='lat' dir='ltr'>et</span> 
     </span>
    </p>
   </div>
   <div class='ocr_carea' id='block_1_5' title="bbox 136 2588 1876 3048">
    <p class='ocr_par' dir='ltr' id='par_1_6' title="bbox 204 2588 1758 2682">
     <span class='ocr_line' id='line_1_18' title="bbox 204 2588 1758 2682; baseline 0.004 -24"><span class='ocrx_word' id='word_1_151' title='bbox 204 2588 405 2660; x_wconf 88' lang='lat' dir='ltr'>aestimatur</span> <span class='ocrx_word' id='word_1_152' title='bbox 441 2590 538 2661; x_wconf 88' lang='lat' dir='ltr'>valor</span> <span class='ocrx_word' id='word_1_153' title='bbox 573 2591 646 2660; x_wconf 91' lang='lat' dir='ltr'>eius</span> <span class='ocrx_word' id='word_1_154' title='bbox 673 2590 718 2661; x_wconf 93' lang='lat' dir='ltr'>ad</span> <span class='ocrx_word' id='word_1_155' title='bbox 745 2594 892 2680; x_wconf 89' lang='lat' dir='ltr'>quatuor</span> <span class='ocrx_word' id='word_1_156' title='bbox 919 2611 1061 2661; x_wconf 88' lang='lat' dir='ltr'>marcas.</span> <span class='ocrx_word' id='word_1_157' title='bbox 1102 2589 1191 2661; x_wconf 90' lang='lat' dir='ltr'>Sunt</span> <span class='ocrx_word' id='word_1_158' title='bbox 1216 2591 1319 2663; x_wconf 90' lang='lat' dir='ltr'>etiam</span> <span class='ocrx_word' id='word_1_159' title='bbox 1345 2591 1394 2662; x_wconf 93' lang='lat' dir='ltr'>ibi</span> <span class='ocrx_word' id='word_1_160' title='bbox 1421 2590 1509 2662; x_wconf 88' lang='lat' dir='ltr'>duae</span> <span class='ocrx_word' id='word_1_161' title='bbox 1536 2593 1666 2682; x_wconf 88' lang='lat' dir='ltr'>curiae,</span> <span class='ocrx_word' id='word_1_162' title='bbox 1697 2594 1758 2664; x_wconf 89' lang='lat' dir='ltr'>ha·</span> 
     </span>
    </p>

    <p class='ocr_par' dir='ltr' id='par_1_7' title="bbox 202 2710 1498 2802">
     <span class='ocr_line' id='line_1_19' title="bbox 202 2710 1498 2802; baseline 0.002 -22"><span class='ocrx_word' id='word_1_163' title='bbox 202 2711 322 2782; x_wconf 90' lang='lat' dir='ltr'>bentes</span> <span class='ocrx_word' id='word_1_164' title='bbox 352 2731 455 2800; x_wconf 86' lang='lat' dir='ltr'>agros</span> <span class='ocrx_word' id='word_1_165' title='bbox 482 2711 684 2802; x_wconf 89' lang='lat' dir='ltr'>praediales,</span> <span class='ocrx_word' id='word_1_166' title='bbox 712 2711 905 2802; x_wconf 88' lang='lat' dir='ltr'>dequibus</span> <span class='ocrx_word' id='word_1_167' title='bbox 933 2711 1066 2782; x_wconf 92' lang='lat' dir='ltr'>decima</span> <span class='ocrx_word' id='word_1_168' title='bbox 1091 2710 1315 2802; x_wconf 88' lang='lat' dir='ltr'>manipularis</span> <span class='ocrx_word' id='word_1_169' title='bbox 1342 2710 1498 2783; x_wconf 88' lang='lat' dir='ltr'>solvitur.</span> 
     </span>
    </p>

    <p class='ocr_par' dir='ltr' id='par_1_8' title="bbox 136 2831 1876 3048">
     <span class='ocr_line' id='line_1_20' title="bbox 136 2831 1790 2930; baseline 0.002 -28"><span class='ocrx_word' id='word_1_170' title='bbox 136 2926 138 2930; x_wconf 8' lang='lat' dir='ltr'>y</span> <span class='ocrx_word' id='word_1_171' title='bbox 308 2831 396 2903; x_wconf 88' lang='lat' dir='ltr'>Item</span> <span class='ocrx_word' id='word_1_172' title='bbox 422 2832 529 2904; x_wconf 88' lang='lat' dir='ltr'>babet</span> <span class='ocrx_word' id='word_1_173' title='bbox 546 2837 704 2923; x_wconf 88' lang='lat' dir='ltr'>quartam</span> <span class='ocrx_word' id='word_1_174' title='bbox 722 2831 969 2922; x_wconf 91' lang='lat' dir='ltr'>manipularem</span> <span class='ocrx_word' id='word_1_175' title='bbox 988 2831 1153 2903; x_wconf 89' lang='lat' dir='ltr'>decimam</span> <span class='ocrx_word' id='word_1_176' title='bbox 1171 2832 1207 2902; x_wconf 93' lang='lat' dir='ltr'>in</span> <span class='ocrx_word' id='word_1_177' title='bbox 1233 2831 1654 2922; x_wconf 86' lang='lat' dir='ltr'>Losszoskowiczo,</span> <span class='ocrx_word' id='word_1_178' title='bbox 1672 2833 1757 2905; x_wconf 85' lang='lat' dir='ltr'>villa</span> <span class='ocrx_word' id='word_1_179' title='bbox 1786 2860 1790 2866; x_wconf 95' lang='lat'><em>·</em></span> 
     </span>
     <span class='ocr_line' id='line_1_21' title="bbox 204 2940 1876 3048; baseline 0.001 -24"><span class='ocrx_word' id='word_1_180' title='bbox 204 2953 267 3024; x_wconf 92' lang='lat' dir='ltr'>sub</span> <span class='ocrx_word' id='word_1_181' title='bbox 302 2953 468 3044; x_wconf 87' lang='lat' dir='ltr'>parochia</span> <span class='ocrx_word' id='word_1_182' title='bbox 494 2954 659 3026; x_wconf 88' lang='lat' dir='ltr'>ecclesiae</span> <span class='ocrx_word' id='word_1_183' title='bbox 686 2953 729 3025; x_wconf 91' lang='lat' dir='ltr'>de</span> <span class='ocrx_word' id='word_1_184' title='bbox 755 2940 1017 3048; x_wconf 69' lang='lat' dir='ltr'>Konyusba,</span> <span class='ocrx_word' id='word_1_185' title='bbox 1047 2953 1144 3024; x_wconf 92' lang='lat' dir='ltr'>cuius</span> <span class='ocrx_word' id='word_1_186' title='bbox 1170 2953 1367 3025; x_wconf 90' lang='lat' dir='ltr'>haereditas</span> <span class='ocrx_word' id='word_1_187' title='bbox 1395 2958 1430 3024; x_wconf 91' lang='lat' dir='ltr'>et</span> <span class='ocrx_word' id='word_1_188' title='bbox 1455 2955 1650 3045; x_wconf 84' lang='lat' dir='ltr'>proprietas</span> <span class='ocrx_word' id='word_1_189' title='bbox 1677 2975 1755 3044; x_wconf 90' lang='lat' dir='ltr'>per·</span> <span class='ocrx_word' id='word_1_190' title='bbox 1868 2961 1876 2971; x_wconf 83' lang='lat'><em>&#39;</em></span> 
     </span>
    </p>
   </div>
   <div class='ocr_carea' id='block_1_6' title="bbox 185 3073 1759 3650">
    <p class='ocr_par' dir='ltr' id='par_1_9' title="bbox 185 3073 1759 3650">
     <span class='ocr_line' id='line_1_22' title="bbox 203 3073 1759 3166; baseline 0.001 -21"><span class='ocrx_word' id='word_1_191' title='bbox 203 3075 292 3146; x_wconf 92' lang='lat' dir='ltr'>tinet</span> <span class='ocrx_word' id='word_1_192' title='bbox 322 3074 366 3145; x_wconf 86' lang='lat' dir='ltr'>ad</span> <span class='ocrx_word' id='word_1_193' title='bbox 402 3074 589 3166; x_wconf 90' lang='lat' dir='ltr'>capitulum</span> <span class='ocrx_word' id='word_1_194' title='bbox 617 3073 852 3146; x_wconf 83' lang='lat' dir='ltr'>Gracoviense.</span> <span class='ocrx_word' id='word_1_195' title='bbox 893 3074 933 3145; x_wconf 93' lang='lat' dir='ltr'>ln</span> <span class='ocrx_word' id='word_1_196' title='bbox 961 3095 1029 3164; x_wconf 91' lang='lat' dir='ltr'>qua</span> <span class='ocrx_word' id='word_1_197' title='bbox 1055 3079 1136 3146; x_wconf 89' lang='lat' dir='ltr'>sunt</span> <span class='ocrx_word' id='word_1_198' title='bbox 1163 3080 1295 3164; x_wconf 87' lang='lat' dir='ltr'>septem</span> <span class='ocrx_word' id='word_1_199' title='bbox 1321 3074 1412 3145; x_wconf 92' lang='lat' dir='ltr'>lanei</span> <span class='ocrx_word' id='word_1_200' title='bbox 1440 3074 1688 3164; x_wconf 90' lang='lat' dir='ltr'>cmethonalcs‚</span> <span class='ocrx_word' id='word_1_201' title='bbox 1715 3075 1759 3146; x_wconf 87' lang='lat' dir='ltr'>de</span> 
     </span>
     <span class='ocr_line' id='line_1_23' title="bbox 204 3195 1756 3286; baseline -0.001 -19"><span class='ocrx_word' id='word_1_202' title='bbox 204 3195 327 3286; x_wconf 86' lang='lat' dir='ltr'>quibus</span> <span class='ocrx_word' id='word_1_203' title='bbox 353 3195 607 3268; x_wconf 89' lang='lat' dir='ltr'>diversificatur</span> <span class='ocrx_word' id='word_1_204' title='bbox 634 3196 785 3268; x_wconf 89' lang='lat' dir='ltr'>decimae</span> <span class='ocrx_word' id='word_1_205' title='bbox 812 3195 1035 3286; x_wconf 87' lang='lat' dir='ltr'>manipularis</span> <span class='ocrx_word' id='word_1_206' title='bbox 1062 3197 1249 3286; x_wconf 89' lang='lat' dir='ltr'>perceptio,</span> <span class='ocrx_word' id='word_1_207' title='bbox 1276 3216 1355 3266; x_wconf 94' lang='lat' dir='ltr'>nam</span> <span class='ocrx_word' id='word_1_208' title='bbox 1381 3201 1516 3286; x_wconf 90' lang='lat' dir='ltr'>partem</span> <span class='ocrx_word' id='word_1_209' title='bbox 1535 3197 1700 3267; x_wconf 89' lang='lat' dir='ltr'>maiorem</span> <span class='ocrx_word' id='word_1_210' title='bbox 1719 3201 1756 3267; x_wconf 92' lang='lat' dir='ltr'>et</span> 
     </span>
     <span class='ocr_line' id='line_1_24' title="bbox 185 3316 1754 3409; baseline -0.001 -21"><span class='ocrx_word' id='word_1_211' title='bbox 185 3317 302 3406; x_wconf 62' lang='lat' dir='ltr'>›quasi</span> <span class='ocrx_word' id='word_1_212' title='bbox 327 3317 471 3390; x_wconf 89' lang='lat' dir='ltr'>totalem</span> <span class='ocrx_word' id='word_1_213' title='bbox 496 3317 644 3409; x_wconf 90' lang='lat' dir='ltr'>percipit</span> <span class='ocrx_word' id='word_1_214' title='bbox 670 3316 870 3408; x_wconf 91' lang='lat' dir='ltr'>praebenda</span> <span class='ocrx_word' id='word_1_215' title='bbox 887 3316 1125 3388; x_wconf 77' lang='lat' dir='ltr'>cracoviensis</span> <span class='ocrx_word' id='word_1_216' title='bbox 1143 3321 1266 3388; x_wconf 82' lang='lat' dir='ltr'>vocata</span> <span class='ocrx_word' id='word_1_217' title='bbox 1289 3316 1565 3407; x_wconf 76' lang='lat' dir='ltr'>Thopolska</span> <span class='ocrx_word' id='word_1_218' title='bbox 1590 3336 1754 3406; x_wconf 90' lang='lat' dir='ltr'>praesens</span> 
     </span>
     <span class='ocr_line' id='line_1_25' title="bbox 204 3435 1754 3529; baseline -0.001 -21"><span class='ocrx_word' id='word_1_219' title='bbox 204 3444 319 3509; x_wconf 90' lang='lat' dir='ltr'>autem</span> <span class='ocrx_word' id='word_1_220' title='bbox 354 3438 550 3529; x_wconf 89' lang='lat' dir='ltr'>praebenda</span> <span class='ocrx_word' id='word_1_221' title='bbox 577 3438 816 3511; x_wconf 85' lang='lat' dir='ltr'>Cracoviensis</span> <span class='ocrx_word' id='word_1_222' title='bbox 844 3437 938 3508; x_wconf 88' lang='lat' dir='ltr'>dicta</span> <span class='ocrx_word' id='word_1_223' title='bbox 964 3435 1289 3527; x_wconf 82' lang='lat' dir='ltr'>Ozechowska,</span> <span class='ocrx_word' id='word_1_224' title='bbox 1316 3437 1464 3527; x_wconf 87' lang='lat' dir='ltr'>percipit</span> <span class='ocrx_word' id='word_1_225' title='bbox 1491 3436 1656 3508; x_wconf 85' lang='lat' dir='ltr'>decimam</span> <span class='ocrx_word' id='word_1_226' title='bbox 1683 3457 1754 3507; x_wconf 80' lang='lat' dir='ltr'>ma</span> 
     </span>
     <span class='ocr_line' id='line_1_26' title="bbox 204 3555 1756 3650; baseline -0.003 -20"><span class='ocrx_word' id='word_1_227' title='bbox 204 3559 394 3650; x_wconf 87' lang='lat' dir='ltr'>nipularem</span> <span class='ocrx_word' id='word_1_228' title='bbox 421 3563 501 3650; x_wconf 88' lang='lat' dir='ltr'>post</span> <span class='ocrx_word' id='word_1_229' title='bbox 526 3580 653 3650; x_wconf 90' lang='lat' dir='ltr'>paucos</span> <span class='ocrx_word' id='word_1_230' title='bbox 680 3578 783 3648; x_wconf 81' lang='lat' dir='ltr'>agros</span> <span class='ocrx_word' id='word_1_231' title='bbox 810 3557 1051 3646; x_wconf 88' lang='lat' dir='ltr'>cmethonalcs‚</span> <span class='ocrx_word' id='word_1_232' title='bbox 1078 3558 1230 3629; x_wconf 89' lang='lat' dir='ltr'>iacentes</span> <span class='ocrx_word' id='word_1_233' title='bbox 1257 3563 1337 3647; x_wconf 87' lang='lat' dir='ltr'>post</span> <span class='ocrx_word' id='word_1_234' title='bbox 1364 3557 1463 3645; x_wconf 85' lang='lat' dir='ltr'>riam,</span> <span class='ocrx_word' id='word_1_235' title='bbox 1493 3575 1580 3646; x_wconf 91' lang='lat' dir='ltr'>quae</span> <span class='ocrx_word' id='word_1_236' title='bbox 1599 3555 1694 3626; x_wconf 90' lang='lat' dir='ltr'>ducit</span> <span class='ocrx_word' id='word_1_237' title='bbox 1712 3555 1756 3626; x_wconf 92' lang='lat' dir='ltr'>ad</span> 
     </span>
    </p>
   </div>
   <div class='ocr_carea' id='block_1_7' title="bbox 204 3674 1873 3781">
    <p class='ocr_par' dir='ltr' id='par_1_10' title="bbox 204 3674 1873 3781">
     <span class='ocr_line' id='line_1_27' title="bbox 204 3674 1873 3781; baseline -0.004 -29"><span class='ocrx_word' id='word_1_238' title='bbox 204 3680 546 3769; x_wconf 88' lang='lat' dir='ltr'>Luborziczam,</span> <span class='ocrx_word' id='word_1_239' title='bbox 574 3686 610 3751; x_wconf 89' lang='lat' dir='ltr'>et</span> <span class='ocrx_word' id='word_1_240' title='bbox 636 3684 715 3769; x_wconf 91' lang='lat' dir='ltr'>post</span> <span class='ocrx_word' id='word_1_241' title='bbox 738 3676 1229 3781; x_wconf 73' lang='lat' dir='ltr'>poyomllrziszousky,</span> <span class='ocrx_word' id='word_1_242' title='bbox 1257 3680 1399 3766; x_wconf 86' lang='lat' dir='ltr'>etpost</span> <span class='ocrx_word' id='word_1_243' title='bbox 1421 3696 1523 3765; x_wconf 82' lang='lat' dir='ltr'>agros</span> <span class='ocrx_word' id='word_1_244' title='bbox 1542 3674 1758 3765; x_wconf 89' lang='lat' dir='ltr'>supplemen-</span> <span class='ocrx_word' id='word_1_245' title='bbox 1867 3695 1873 3702; x_wconf 90' lang='lat'>·</span> 
     </span>
    </p>
   </div>
   <div class='ocr_carea' id='block_1_8' title="bbox 205 3794 1759 4237">
    <p class='ocr_par' dir='ltr' id='par_1_11' title="bbox 205 3794 1759 4237">
     <span class='ocr_line' id='line_1_28' title="bbox 206 3794 1758 3900; baseline -0.005 -26"><span class='ocrx_word' id='word_1_246' title='bbox 206 3807 320 3874; x_wconf 89' lang='lat' dir='ltr'>torum</span> <span class='ocrx_word' id='word_1_247' title='bbox 345 3802 431 3872; x_wconf 84' lang='lat' dir='ltr'>ahos</span> <span class='ocrx_word' id='word_1_248' title='bbox 450 3795 670 3897; x_wconf 76' lang='lat' dir='ltr'>przimyorlci</span> <span class='ocrx_word' id='word_1_249' title='bbox 687 3819 808 3871; x_wconf 84' lang='lat' dir='ltr'>versus</span> <span class='ocrx_word' id='word_1_250' title='bbox 825 3798 943 3900; x_wconf 86' lang='lat' dir='ltr'>villam</span> <span class='ocrx_word' id='word_1_251' title='bbox 969 3796 1335 3870; x_wconf 84' lang='lat' dir='ltr'>Polukarczicze</span> <span class='ocrx_word' id='word_1_252' title='bbox 1362 3799 1551 3885; x_wconf 88' lang='lat' dir='ltr'>porrectos.</span> <span class='ocrx_word' id='word_1_253' title='bbox 1569 3794 1636 3867; x_wconf 85' lang='lat' dir='ltr'>Est</span> <span class='ocrx_word' id='word_1_254' title='bbox 1654 3795 1758 3867; x_wconf 90' lang='lat' dir='ltr'>etiam</span> 
     </span>
     <span class='ocr_line' id='line_1_29' title="bbox 205 3914 1759 4014; baseline -0.003 -20"><span class='ocrx_word' id='word_1_255' title='bbox 205 3923 252 3995; x_wconf 92' lang='lat' dir='ltr'>ibi</span> <span class='ocrx_word' id='word_1_256' title='bbox 270 3922 468 4014; x_wconf 86' lang='lat' dir='ltr'>praedium,</span> <span class='ocrx_word' id='word_1_257' title='bbox 493 3921 638 3993; x_wconf 88' lang='lat' dir='ltr'>taberna</span> <span class='ocrx_word' id='word_1_258' title='bbox 663 3940 741 4010; x_wconf 85' lang='lat' dir='ltr'>una,</span> <span class='ocrx_word' id='word_1_259' title='bbox 767 3918 855 3991; x_wconf 89' lang='lat' dir='ltr'>duae</span> <span class='ocrx_word' id='word_1_260' title='bbox 881 3918 1099 3991; x_wconf 89' lang='lat' dir='ltr'>hortulaniae</span> <span class='ocrx_word' id='word_1_261' title='bbox 1126 3922 1161 3988; x_wconf 91' lang='lat' dir='ltr'>et</span> <span class='ocrx_word' id='word_1_262' title='bbox 1187 3914 1420 3988; x_wconf 92' lang='lat' dir='ltr'>molendinum</span> <span class='ocrx_word' id='word_1_263' title='bbox 1452 3916 1620 3989; x_wconf 87' lang='lat' dir='ltr'>habentes</span> <span class='ocrx_word' id='word_1_264' title='bbox 1646 3937 1759 4008; x_wconf 85' lang='lat' dir='ltr'>agros,</span> 
     </span>
     <span class='ocr_line' id='line_1_30' title="bbox 205 4037 1756 4135; baseline -0.005 -18"><span class='ocrx_word' id='word_1_265' title='bbox 205 4044 247 4116; x_wconf 91' lang='lat' dir='ltr'>de</span> <span class='ocrx_word' id='word_1_266' title='bbox 283 4044 408 4135; x_wconf 83' lang='lat' dir='ltr'>quibus</span> <span class='ocrx_word' id='word_1_267' title='bbox 443 4042 629 4134; x_wconf 91' lang='lat' dir='ltr'>capitulum</span> <span class='ocrx_word' id='word_1_268' title='bbox 665 4041 831 4114; x_wconf 91' lang='lat' dir='ltr'>decimam</span> <span class='ocrx_word' id='word_1_269' title='bbox 866 4040 1032 4131; x_wconf 88' lang='lat' dir='ltr'>percipit,</span> <span class='ocrx_word' id='word_1_270' title='bbox 1059 4043 1095 4110; x_wconf 92' lang='lat' dir='ltr'>et</span> <span class='ocrx_word' id='word_1_271' title='bbox 1121 4057 1245 4129; x_wconf 85' lang='lat' dir='ltr'>regens</span> <span class='ocrx_word' id='word_1_272' title='bbox 1272 4037 1389 4109; x_wconf 87' lang='lat' dir='ltr'>villam</span> <span class='ocrx_word' id='word_1_273' title='bbox 1416 4058 1479 4128; x_wconf 92' lang='lat' dir='ltr'>pro</span> <span class='ocrx_word' id='word_1_274' title='bbox 1508 4041 1664 4129; x_wconf 86' lang='lat' dir='ltr'>temporo</span> <span class='ocrx_word' id='word_1_275' title='bbox 1690 4039 1756 4111; x_wconf 89' lang='lat' dir='ltr'>tol-</span> 
     </span>
     <span class='ocr_line' id='line_1_31' title="bbox 205 4165 374 4237; baseline -0.006 -1"><span class='ocrx_word' id='word_1_276' title='bbox 205 4165 246 4237; x_wconf 95' lang='lat' dir='ltr'>lit</span> <span class='ocrx_word' id='word_1_277' title='bbox 272 4165 374 4237; x_wconf 89' lang='lat' dir='ltr'>illam.</span> 
     </span>
    </p>
   </div>
   <div class='ocr_carea' id='block_1_9' title="bbox 307 4253 1904 4389">
    <p class='ocr_par' dir='ltr' id='par_1_12' title="bbox 307 4253 1904 4389">
     <span class='ocr_line' id='line_1_32' title="bbox 307 4253 1904 4389; baseline -0.003 -32"><span class='ocrx_word' id='word_1_278' title='bbox 307 4286 395 4358; x_wconf 90' lang='lat' dir='ltr'>Item</span> <span class='ocrx_word' id='word_1_279' title='bbox 421 4285 528 4358; x_wconf 90' lang='lat' dir='ltr'>habet</span> <span class='ocrx_word' id='word_1_280' title='bbox 554 4284 709 4376; x_wconf 89' lang='lat' dir='ltr'>quintam</span> <span class='ocrx_word' id='word_1_281' title='bbox 735 4280 983 4389; x_wconf 84' lang='lat' dir='ltr'>manipularem</span> <span class='ocrx_word' id='word_1_282' title='bbox 1010 4280 1177 4352; x_wconf 88' lang='lat' dir='ltr'>decimam</span> <span class='ocrx_word' id='word_1_283' title='bbox 1204 4280 1240 4350; x_wconf 93' lang='lat' dir='ltr'>in</span> <span class='ocrx_word' id='word_1_284' title='bbox 1268 4279 1563 4371; x_wconf 85' lang='lat' dir='ltr'>Thaschiczc,</span> <span class='ocrx_word' id='word_1_285' title='bbox 1590 4281 1673 4352; x_wconf 88' lang='lat' dir='ltr'>villa</span> <span class='ocrx_word' id='word_1_286' title='bbox 1691 4281 1755 4352; x_wconf 89' lang='lat' dir='ltr'>sub</span> <span class='ocrx_word' id='word_1_287' title='bbox 1832 4306 1834 4310; x_wconf 36' lang='lat'>³</span> <span class='ocrx_word' id='word_1_288' title='bbox 1889 4253 1904 4274; x_wconf 46' lang='lat'>⁸</span> 
     </span>
    </p>
   </div>
   <div class='ocr_carea' id='block_1_10' title="bbox 187 4399 1875 5223">
    <p class='ocr_par' dir='ltr' id='par_1_13' title="bbox 187 4399 1875 5102">
     <span class='ocr_line' id='line_1_33' title="bbox 205 4399 1755 4500; baseline -0.007 -19"><span class='ocrx_word' id='word_1_289' title='bbox 205 4407 369 4500; x_wconf 89' lang='lat' dir='ltr'>parochia</span> <span class='ocrx_word' id='word_1_290' title='bbox 404 4407 569 4479; x_wconf 89' lang='lat' dir='ltr'>ecclesiae</span> <span class='ocrx_word' id='word_1_291' title='bbox 604 4405 647 4477; x_wconf 93' lang='lat' dir='ltr'>de</span> <span class='ocrx_word' id='word_1_292' title='bbox 677 4402 958 4496; x_wconf 81' lang='lat' dir='ltr'>Wyeliczka‚</span> <span class='ocrx_word' id='word_1_293' title='bbox 986 4402 1083 4473; x_wconf 89' lang='lat' dir='ltr'>cuius</span> <span class='ocrx_word' id='word_1_294' title='bbox 1119 4402 1313 4493; x_wconf 88' lang='lat' dir='ltr'>proprietas</span> <span class='ocrx_word' id='word_1_295' title='bbox 1341 4401 1492 4491; x_wconf 88' lang='lat' dir='ltr'>pertinet</span> <span class='ocrx_word' id='word_1_296' title='bbox 1518 4400 1563 4473; x_wconf 94' lang='lat' dir='ltr'>ad</span> <span class='ocrx_word' id='word_1_297' title='bbox 1589 4399 1755 4472; x_wconf 86' lang='lat' dir='ltr'>haeredes</span> 
     </span>
     <span class='ocr_line' id='line_1_34' title="bbox 203 4505 1755 4625; baseline -0.008 -24"><span class='ocrx_word' id='word_1_298' title='bbox 203 4528 412 4602; x_wconf 86' lang='lat' dir='ltr'>Stanislaum</span> <span class='ocrx_word' id='word_1_299' title='bbox 443 4526 577 4625; x_wconf 76' lang='lat' dir='ltr'>Olap,</span> <span class='ocrx_word' id='word_1_300' title='bbox 604 4524 750 4596; x_wconf 90' lang='lat' dir='ltr'>Paulum</span> <span class='ocrx_word' id='word_1_301' title='bbox 775 4529 812 4596; x_wconf 87' lang='lat' dir='ltr'>et</span> <span class='ocrx_word' id='word_1_302' title='bbox 839 4521 1027 4614; x_wconf 81' lang='lat' dir='ltr'>Georgium</span> <span class='ocrx_word' id='word_1_303' title='bbox 1054 4521 1097 4595; x_wconf 89' lang='lat' dir='ltr'>de</span> <span class='ocrx_word' id='word_1_304' title='bbox 1124 4522 1248 4595; x_wconf 92' lang='lat' dir='ltr'>domo.</span> <span class='ocrx_word' id='word_1_305' title='bbox 1276 4578 1283 4592; x_wconf 95' lang='lat'><strong><em>.</em></strong></span> <span class='ocrx_word' id='word_1_306' title='bbox 1311 4577 1319 4612; x_wconf 89' lang='lat'>,</span> <span class='ocrx_word' id='word_1_307' title='bbox 1347 4577 1354 4590; x_wconf 94' lang='lat'><strong>.</strong></span> <span class='ocrx_word' id='word_1_308' title='bbox 1380 4522 1421 4593; x_wconf 91' lang='lat' dir='ltr'>In</span> <span class='ocrx_word' id='word_1_309' title='bbox 1449 4505 1516 4612; x_wconf 68' lang='lat' dir='ltr'>(pua</span> <span class='ocrx_word' id='word_1_310' title='bbox 1533 4520 1668 4591; x_wconf 85' lang='lat' dir='ltr'>docimo</span> <span class='ocrx_word' id='word_1_311' title='bbox 1684 4539 1755 4590; x_wconf 90' lang='lat' dir='ltr'>ma-</span> 
     </span>
     <span class='ocr_line' id='line_1_35' title="bbox 205 4641 1844 4759; baseline -0.009 -36"><span class='ocrx_word' id='word_1_312' title='bbox 205 4650 372 4743; x_wconf 87' lang='lat' dir='ltr'>nipularis</span> <span class='ocrx_word' id='word_1_313' title='bbox 402 4655 476 4720; x_wconf 89' lang='lat' dir='ltr'>tom</span> <span class='ocrx_word' id='word_1_314' title='bbox 502 4652 582 4740; x_wconf 92' lang='lat' dir='ltr'>post</span> <span class='ocrx_word' id='word_1_315' title='bbox 607 4667 711 4737; x_wconf 82' lang='lat' dir='ltr'>agros</span> <span class='ocrx_word' id='word_1_316' title='bbox 738 4645 906 4718; x_wconf 92' lang='lat' dir='ltr'>nobilium</span> <span class='ocrx_word' id='word_1_317' title='bbox 934 4653 1036 4735; x_wconf 86' lang='lat' dir='ltr'>quam</span> <span class='ocrx_word' id='word_1_318' title='bbox 1063 4644 1299 4734; x_wconf 88' lang='lat' dir='ltr'>cmethonum‚</span> <span class='ocrx_word' id='word_1_319' title='bbox 1326 4645 1548 4716; x_wconf 89' lang='lat' dir='ltr'>tabernarum</span> <span class='ocrx_word' id='word_1_320' title='bbox 1575 4645 1610 4712; x_wconf 92' lang='lat' dir='ltr'>et</span> <span class='ocrx_word' id='word_1_321' title='bbox 1635 4641 1755 4713; x_wconf 91' lang='lat' dir='ltr'>hortu-</span> <span class='ocrx_word' id='word_1_322' title='bbox 1829 4732 1844 4759; x_wconf 39' lang='grc' dir='ltr'><strong><em>ο</em></strong></span> 
     </span>
     <span class='ocr_line' id='line_1_36' title="bbox 187 4747 1875 4857; baseline -0.008 -13"><span class='ocrx_word' id='word_1_323' title='bbox 187 4772 362 4844; x_wconf 68' lang='lat' dir='ltr'>vlanorum</span> <span class='ocrx_word' id='word_1_324' title='bbox 388 4775 425 4840; x_wconf 92' lang='lat' dir='ltr'>et</span> <span class='ocrx_word' id='word_1_325' title='bbox 451 4767 733 4840; x_wconf 90' lang='lat' dir='ltr'>molendinatoris</span> <span class='ocrx_word' id='word_1_326' title='bbox 761 4747 907 4841; x_wconf 88' lang='lat' dir='ltr'>solvitur</span> <span class='ocrx_word' id='word_1_327' title='bbox 933 4764 1150 4856; x_wconf 87' lang='lat' dir='ltr'>praebendae</span> <span class='ocrx_word' id='word_1_328' title='bbox 1177 4764 1354 4857; x_wconf 87' lang='lat' dir='ltr'>praefatae</span> <span class='ocrx_word' id='word_1_329' title='bbox 1372 4769 1408 4837; x_wconf 90' lang='lat' dir='ltr'>et</span> <span class='ocrx_word' id='word_1_330' title='bbox 1426 4762 1564 4835; x_wconf 91' lang='lat' dir='ltr'>ducitur</span> <span class='ocrx_word' id='word_1_331' title='bbox 1581 4781 1644 4852; x_wconf 89' lang='lat' dir='ltr'>per</span> <span class='ocrx_word' id='word_1_332' title='bbox 1662 4761 1756 4832; x_wconf 91' lang='lat' dir='ltr'>inco-</span> <span class='ocrx_word' id='word_1_333' title='bbox 1867 4759 1875 4775; x_wconf 86' lang='grc'><strong><em>’</em></strong></span> 
     </span>
     <span class='ocr_line' id='line_1_37' title="bbox 205 4879 1760 4978; baseline -0.009 -12"><span class='ocrx_word' id='word_1_334' title='bbox 205 4895 258 4966; x_wconf 91' lang='lat' dir='ltr'>las</span> <span class='ocrx_word' id='word_1_335' title='bbox 292 4893 328 4964; x_wconf 91' lang='lat' dir='ltr'>in</span> <span class='ocrx_word' id='word_1_336' title='bbox 363 4892 526 4964; x_wconf 88' lang='lat' dir='ltr'>horreum</span> <span class='ocrx_word' id='word_1_337' title='bbox 552 4911 575 4976; x_wconf 86' lang='lat' dir='ltr'>a</span> <span class='ocrx_word' id='word_1_338' title='bbox 600 4890 764 4962; x_wconf 87' lang='lat' dir='ltr'>canonico</span> <span class='ocrx_word' id='word_1_339' title='bbox 799 4887 981 4964; x_wconf 89' lang='lat' dir='ltr'>locandum</span> <span class='ocrx_word' id='word_1_340' title='bbox 1006 4887 1158 4978; x_wconf 88' lang='lat' dir='ltr'>propriis</span> <span class='ocrx_word' id='word_1_341' title='bbox 1186 4886 1344 4960; x_wconf 86' lang='lat' dir='ltr'>curribus</span> <span class='ocrx_word' id='word_1_342' title='bbox 1370 4890 1407 4957; x_wconf 88' lang='lat' dir='ltr'>et</span> <span class='ocrx_word' id='word_1_343' title='bbox 1433 4882 1636 4955; x_wconf 89' lang='lat' dir='ltr'>aestimatur</span> <span class='ocrx_word' id='word_1_344' title='bbox 1662 4879 1760 4966; x_wconf 75' lang='lat' dir='ltr'>palor</span> 
     </span>
     <span class='ocr_line' id='line_1_38' title="bbox 205 5008 1235 5102; baseline -0.01 -15"><span class='ocrx_word' id='word_1_345' title='bbox 205 5015 279 5087; x_wconf 87' lang='lat' dir='ltr'>eius</span> <span class='ocrx_word' id='word_1_346' title='bbox 306 5014 349 5086; x_wconf 89' lang='lat' dir='ltr'>ad</span> <span class='ocrx_word' id='word_1_347' title='bbox 376 5012 462 5085; x_wconf 91' lang='lat' dir='ltr'>duas</span> <span class='ocrx_word' id='word_1_348' title='bbox 488 5030 632 5102; x_wconf 90' lang='lat' dir='ltr'>marcas,</span> <span class='ocrx_word' id='word_1_349' title='bbox 649 5031 718 5084; x_wconf 88' lang='lat' dir='ltr'>aon</span> <span class='ocrx_word' id='word_1_350' title='bbox 746 5009 885 5083; x_wconf 81' lang='lat' dir='ltr'>solvunt</span> <span class='ocrx_word' id='word_1_351' title='bbox 910 5008 1076 5082; x_wconf 92' lang='lat' dir='ltr'>decimam</span> <span class='ocrx_word' id='word_1_352' title='bbox 1104 5008 1235 5099; x_wconf 91' lang='lat' dir='ltr'>canapi.</span> 
     </span>
    </p>

    <p class='ocr_par' dir='ltr' id='par_1_14' title="bbox 317 5121 1760 5223">
     <span class='ocr_line' id='line_1_39' title="bbox 317 5121 1760 5223; baseline -0.008 -17"><span class='ocrx_word' id='word_1_353' title='bbox 317 5136 406 5208; x_wconf 92' lang='lat' dir='ltr'>Item</span> <span class='ocrx_word' id='word_1_354' title='bbox 440 5133 546 5207; x_wconf 90' lang='lat' dir='ltr'>hahet</span> <span class='ocrx_word' id='word_1_355' title='bbox 581 5137 713 5207; x_wconf 84' lang='lat' dir='ltr'>sextam</span> <span class='ocrx_word' id='word_1_356' title='bbox 746 5132 996 5223; x_wconf 89' lang='lat' dir='ltr'>manipularem</span> <span class='ocrx_word' id='word_1_357' title='bbox 1032 5130 1199 5203; x_wconf 89' lang='lat' dir='ltr'>decimam</span> <span class='ocrx_word' id='word_1_358' title='bbox 1234 5128 1270 5198; x_wconf 94' lang='lat' dir='ltr'>in</span> <span class='ocrx_word' id='word_1_359' title='bbox 1297 5122 1649 5216; x_wconf 83' lang='lat' dir='ltr'>Wythkouicze,</span> <span class='ocrx_word' id='word_1_360' title='bbox 1677 5121 1760 5195; x_wconf 86' lang='lat' dir='ltr'>villa</span> 
     </span>
    </p>
   </div>
   <div class='ocr_carea' id='block_1_11' title="bbox 205 5230 2006 5347">
    <p class='ocr_par' dir='ltr' id='par_1_15' title="bbox 205 5230 2006 5347">
     <span class='ocr_line' id='line_1_40' title="bbox 205 5230 2006 5347; baseline -0.007 -17"><span class='ocrx_word' id='word_1_361' title='bbox 205 5259 269 5332; x_wconf 89' lang='lat' dir='ltr'>sub</span> <span class='ocrx_word' id='word_1_362' title='bbox 291 5257 461 5347; x_wconf 88' lang='lat' dir='ltr'>parocbia</span> <span class='ocrx_word' id='word_1_363' title='bbox 485 5255 650 5329; x_wconf 87' lang='lat' dir='ltr'>ecclesiae</span> <span class='ocrx_word' id='word_1_364' title='bbox 677 5254 720 5327; x_wconf 92' lang='lat' dir='ltr'>de</span> <span class='ocrx_word' id='word_1_365' title='bbox 745 5252 1021 5344; x_wconf 71' lang='lat' dir='ltr'>Wyeliczlra,</span> <span class='ocrx_word' id='word_1_366' title='bbox 1048 5250 1145 5322; x_wconf 81' lang='lat' dir='ltr'>cuius</span> <span class='ocrx_word' id='word_1_367' title='bbox 1172 5248 1367 5340; x_wconf 88' lang='lat' dir='ltr'>proprietas</span> <span class='ocrx_word' id='word_1_368' title='bbox 1393 5245 1546 5337; x_wconf 88' lang='lat' dir='ltr'>pertinet</span> <span class='ocrx_word' id='word_1_369' title='bbox 1569 5230 1616 5317; x_wconf 62' lang='lat' dir='ltr'>‚ad</span> <span class='ocrx_word' id='word_1_370' title='bbox 1643 5243 1759 5331; x_wconf 87' lang='lat' dir='ltr'>Stani·</span> <span class='ocrx_word' id='word_1_371' title='bbox 1876 5338 1880 5344; x_wconf 21' lang='grc' dir='ltr'>Ι</span> <span class='ocrx_word' id='word_1_372' title='bbox 1995 5309 2006 5326; x_wconf 84' lang='grc'><strong><em>,</em></strong></span> 
     </span>
    </p>
   </div>
   <div class='ocr_carea' id='block_1_12' title="bbox 192 5366 1761 5473">
    <p class='ocr_par' dir='ltr' id='par_1_16' title="bbox 192 5366 1761 5473">
     <span class='ocr_line' id='line_1_41' title="bbox 192 5366 1761 5473; baseline -0.009 -19"><span class='ocrx_word' id='word_1_373' title='bbox 192 5379 316 5456; x_wconf 80' lang='lat' dir='ltr'>slsum</span> <span class='ocrx_word' id='word_1_374' title='bbox 339 5378 459 5473; x_wconf 73' lang='lat' dir='ltr'>Klap</span> <span class='ocrx_word' id='word_1_375' title='bbox 495 5376 666 5453; x_wconf 91' lang='lat' dir='ltr'>dedomo</span> <span class='ocrx_word' id='word_1_376' title='bbox 694 5375 975 5466; x_wconf 86' lang='lat' dir='ltr'>Streparum.</span> <span class='ocrx_word' id='word_1_377' title='bbox 1010 5372 1052 5444; x_wconf 91' lang='lat' dir='ltr'>ln</span> <span class='ocrx_word' id='word_1_378' title='bbox 1078 5390 1146 5465; x_wconf 87' lang='lat' dir='ltr'>qua</span> <span class='ocrx_word' id='word_1_379' title='bbox 1175 5369 1307 5442; x_wconf 85' lang='lat' dir='ltr'>decima</span> <span class='ocrx_word' id='word_1_380' title='bbox 1334 5366 1557 5461; x_wconf 86' lang='lat' dir='ltr'>manipularis</span> <span class='ocrx_word' id='word_1_381' title='bbox 1584 5371 1655 5439; x_wconf 87' lang='lat' dir='ltr'>tam</span> <span class='ocrx_word' id='word_1_382' title='bbox 1681 5369 1761 5457; x_wconf 91' lang='lat' dir='ltr'>post</span> 
     </span>
    </p>
   </div>
   <div class='ocr_carea' id='block_1_13' title="bbox 0 0 2030 6052">
    <p class='ocr_par' dir='ltr' id='par_1_17' title="bbox 0 0 2030 6052">
     <span class='ocr_line' id='line_1_42' title="bbox 0 0 2030 6052; baseline 0 0"><span class='ocrx_word' id='word_1_383' title='bbox 0 0 2030 6052; x_wconf 95' lang='lat' dir='ltr'> </span> 
     </span>
    </p>
   </div>
  </div>
 </body>
</html>
