4050 6054
1666 404 1739 477 369

191 610 286 699 agris
312 609 515 698 impetrarit
541 629 617 680 eam
645 629 708 700 pro
727 608 872 681 ecclesia
888 628 999 681 novae
1016 606 1248 697 hrndationiS,
1274 605 1403 680 ibidem
1421 609 1465 680 ab
1484 610 1743 700 archiepiscopo

194 726 403 825 Gnesnensi,
423 728 465 799 de
484 730 610 819 quibus
627 750 696 801 non
715 730 864 801 solvitur
881 728 1014 800 decima
1032 728 1168 819 canapi,
1186 728 1248 799 sed
1265 728 1503 799 tantummodo
1522 727 1565 799 de
1583 730 1743 819 antiquis.

295 848 635 941 Oascnamowrczn,
661 850 745 921 villa
771 850 835 921 sub
862 850 1027 939 parochia
1053 849 1218 921 ecclesiae
1245 848 1288 920 de
1307 847 1510 939 Czyrnin
1537 849 1619 937 sita,
1646 851 1743 923 cuius

190 971 315 1042 haeres
341 968 519 1041 Johannes
545 969 769 1060 Dolanga‚
795 971 921 1045 nobilis
949 971 992 1041 de
1014 969 1145 1041 familia
1170 970 1397 1060 palanga,
1425 970 1461 1040 in
1480 990 1548 1060 qna
1566 976 1647 1041 sunt
1665 978 1743 1043 octo

189 1089 282 1161 lanei
318 1090 568 1180 cmethonales‚
605 1089 647 1161 de
680 1091 804 1180 quibus
839 1090 1066 1180 manipularis
1102 1090 1234 1161 decima
1260 1096 1295 1161 et
1321 1111 1384 1181 per
1422 1097 1572 1180 quatuor
1603 1090 1743 1181 ierugas

192 1210 367 1299 canapalis
393 1210 541 1281 solvitur
566 1210 785 1300 praebendae
811 1210 1088 1303 Jaszkowshiey‚
1115 1215 1150 1282 et
1177 1211 1308 1282 ductant
1334 1231 1410 1281 eam
1437 1212 1636 1282 cmethones
1663 1232 1744 1302 pro-

189 1331 276 1422 priis
305 1332 465 1402 curribus
492 1332 528 1400 in
546 1329 710 1401 horreum
737 1332 940 1403 acanonico
966 1331 1149 1402 locandum
1176 1337 1212 1402 et
1238 1330 1336 1401 valor
1363 1332 1570 1402 aestimatur
1596 1332 1671 1403 eius
1697 1331 1743 1403 ad

190 1472 312 1523 novom
339 1471 481 1522 marcas.
520 1451 609 1523 Item
627 1453 792 1524 tabernae
811 1451 939 1523 ibidem
956 1473 1026 1524 non
1044 1457 1134 1523 sunt.
1170 1451 1258 1522 Item
1277 1452 1496 1523 hortulaniae
1524 1452 1630 1541 duae,
1658 1454 1742 1523 item

191 1571 371 1662 praedium
389 1572 527 1643 unicum
545 1572 713 1661 militare,
740 1572 782 1644 de
803 1594 869 1663 quo
893 1572 1041 1644 solvitur
1058 1572 1191 1645 decima
1212 1572 1438 1662 manipularis
1457 1572 1622 1644 ecclesiae
1640 1594 1742 1662 paro·

193 1692 297 1763 chiali
322 1693 359 1763 in
384 1691 582 1763 Falkow.

295 1812 445 1902 Lares,
474 1813 557 1883 villa
582 1812 715 1884 habens
741 1813 777 1883 in
796 1833 833 1884 se
860 1813 1094 1904 parochialem
1121 1814 1314 1903 ecelesiam,
1342 1814 1439 1885 cuius
1465 1814 1589 1885 haeres
1616 1810 1742 1885 Petrus

192 1932 222 2002 L
230 1933 379 2024 ypshy
406 1933 448 2003 de
476 1934 582 2004 mmis
607 1932 814 2023 Dolywa,
841 1934 877 2003 in
906 1954 973 2024 qaia
1000 1939 1082 2005 sunt
1118 1954 1179 2005 sex
1205 1934 1299 2005 lanei
1325 1932 1576 2025 cmethonales‚
1603 1933 1646 2005 de
1669 1935 1744 2026 qui-

192 2054 257 2123 bus
283 2054 508 2143 manipularis
535 2052 669 2124 decima
695 2059 730 2125 et
746 2074 810 2145 per
828 2061 978 2143 quatuor
1005 2056 1142 2145 ierugas
1166 2053 1340 2144 canapahs
1358 2054 1506 2126 solvitur
1524 2056 1743 2144 praebendae

191 2172 464 2263 Jaszkonshiey,
491 2180 526 2245 et
545 2173 675 2244 ducunt
693 2194 769 2245 earn
787 2175 988 2246 cmethones
1005 2177 1156 2266 propriis
1175 2176 1334 2246 curribus
1357 2176 1393 2245 in
1413 2174 1576 2246 horreum
1604 2196 1745 2247 acano-

192 2294 269 2365 nico
297 2294 479 2366 locandum
506 2301 542 2364 et
568 2293 667 2366 valor
693 2296 899 2366 aestimatur
926 2296 1001 2366 eins
1037 2297 1081 2366 ad
1109 2296 1259 2386 quinque
1295 2316 1439 2367 marcas.
1482 2296 1572 2366 Item
1599 2295 1746 2367 taberna

192 2435 261 2484 una
279 2414 410 2485 hahens
429 2434 542 2504 agros
570 2413 756 2504 dequibus
776 2416 924 2486 solvitur
943 2415 1076 2487 decima
1093 2415 1320 2505 manipularis
1339 2416 1504 2486 ecclesiae
1523 2416 1558 2485 in
1577 2416 1746 2507 Lyppa3

192 2533 276 2605 item
302 2534 522 2606 hortulaniae
548 2540 622 2605 tres
639 2536 808 2607 hahentes
835 2557 955 2626 agros,
983 2536 1169 2627 dequibus
1197 2536 1345 2607 solvitur
1363 2535 1496 2607 decima
1520 2535 1746 2625 manipularis

192 2654 357 2725 ecclesiae
391 2655 428 2725 in
454 2654 629 2745 Lyppa‚
665 2655 749 2726 item
784 2656 965 2745 praedium
998 2657 1049 2727 ibi
1079 2658 1217 2727 unicum
1252 2656 1422 2743 militare;
1458 2657 1543 2727 item
1577 2656 1744 2728 scoltetus

191 2772 322 2845 habens
348 2796 453 2846 uuum
480 2775 632 2865 laneum,
660 2775 847 2866 dequibus
875 2777 1033 2848 omnibus
1061 2777 1208 2849 solvitur
1226 2777 1359 2848 decima
1385 2776 1611 2866 manipularis
1638 2777 1746 2849 eccle-

194 2895 267 2965 siae
293 2896 485 2985 parochiali
512 2897 547 2967 in
575 2895 741 2989 Lyppa.

298 3013 527 3089 Gnonzrsna
553 3018 666 3108 regis,
692 3018 776 3089 villa
803 3020 867 3090 suh
885 3018 1052 3109 parocbia
1069 3020 1233 3091 eeclesiae
1260 3018 1303 3093 de
1320 3018 1641 3092 Radoschicae
1667 3020 1750 3109 sita,

191 3138 288 3208 cuius
314 3138 509 3228 proprietas
536 3138 581 3209 ad
599 3137 868 3211 illustrissimum
886 3139 1053 3212 Poloniae
1079 3162 1196 3229 regem
1223 3142 1383 3230 pertinet
1410 3140 1446 3211 in
1466 3161 1534 3231 qua
1552 3148 1634 3213 sunt
1661 3163 1746 3232 qua·

192 3263 271 3330 tuor
297 3258 389 3329 lanei
416 3259 666 3349 cmethonaleS,
694 3258 737 3330 de
756 3260 880 3350 quibus
899 3261 1056 3332 omnibus
1076 3261 1224 3332 soluitur
1242 3260 1375 3332 decima
1400 3261 1628 3351 manipularis
1647 3283 1748 3351 prae·

192 3378 325 3450 bendae
342 3377 620 3469 Jaszkowskiey,
647 3384 683 3450 et
700 3379 831 3451 ducunt
849 3401 924 3450 eam
951 3382 987 3451 in
1005 3382 1169 3452 horreum
1187 3383 1340 3472 propriis
1358 3382 1517 3453 curribus
1544 3382 1746 3455 acanonico

190 3498 394 3589 locandum,
430 3505 465 3571 et
491 3499 625 3571 decima
651 3501 775 3590 canapi
809 3522 872 3591 per
900 3507 1049 3591 quatuor
1076 3503 1227 3591 ierugas,
1255 3508 1291 3572 et
1316 3502 1414 3574 valor
1440 3503 1514 3574 eius
1542 3503 1747 3573 aestimatur

191 3619 236 3691 ad
262 3626 335 3692 tres
364 3641 508 3691 marcas.
553 3619 641 3693 Item
669 3622 849 3710 tabernae,
876 3622 961 3692 item
987 3622 1179 3712 hortulani,
1216 3623 1299 3692 item
1327 3621 1508 3712 praedium
1533 3622 1583 3694 ibi
1610 3623 1747 3694 unicum

192 3742 339 3832 regium,
354 3742 397 3812 de
416 3764 484 3833 qno
500 3742 633 3845 decima
649 3742 875 3831 manipularis
894 3742 998 3813 datur
1016 3744 1180 3814 ecclesiae
1199 3742 1390 3833 parochiali
1408 3742 1444 3812 in
1457 3741 1748 3824 Radoschiczo,

294 3862 584 3951 Janruowrcza,
610 3863 694 3933 villa
711 3865 775 3935 suh
793 3864 959 3953 parochia
986 3864 1150 3935 ecclesiae
1177 3863 1220 3935 de
1238 3863 1398 3955 Lyppa
1424 3863 1510 3953 sita,
1537 3863 1634 3934 cuins
1660 3863 1745 3936 hae-

192 3983 293 4055 redes
311 3982 354 4055 de
372 3986 479 4055 armis
497 3984 792 4074 Accipitrnrn
811 4039 953 4055 .......
964 4040 972 4075 ,
996 3986 1031 4055 in
1051 4005 1119 4075 qua
1137 3991 1218 4055 sunt
1235 3990 1307 4056 tres
1326 3984 1416 4055 lanei
1436 3982 1683 4075 cmethonales‚
1702 3984 1745 4056 de

198 4105 324 4194 quibus
338 4105 487 4175 solvitur
501 4104 633 4176 decima
645 4106 870 4196 manipularis
885 4111 920 4178 et
934 4127 996 4194 per
1015 4111 1164 4197 quatuor
1181 4105 1319 4195 ierugas
1338 4106 1514 4196 canapalis
1532 4106 1752 4197 praebendae

191 4223 461 4316 Jaszkowskiey‚
489 4232 525 4297 et
551 4227 703 4316 propriis
730 4228 888 4298 curribus
916 4227 1054 4298 ducitur
1080 4228 1116 4298 in
1143 4228 1308 4299 horreum
1335 4227 1538 4299 acanonico
1565 4224 1748 4299 locandum

193 4351 229 4416 et
246 4346 344 4417 valor
361 4346 435 4417 aius
462 4346 667 4418 aestimatur
683 4347 728 4418 ad
745 4368 849 4418 unam
867 4368 1027 4418 marcam.
1064 4348 1153 4419 Item
1170 4349 1317 4419 taberna
1342 4348 1426 4419 item
1443 4346 1638 4436 hortrrlani,
1665 4348 1763 4429 item,

192 4465 336 4555 praedia
361 4466 398 4537 in
416 4467 535 4538 eadem
561 4467 645 4539 villa
671 4468 741 4540 tria
767 4467 950 4559 militaria,
978 4467 1165 4559 dequibus
1192 4468 1339 4540 solvitur
1365 4468 1498 4540 decima
1523 4468 1749 4557 manipularis
1808 4518 1811 4523 «

193 4587 358 4659 ecclesiae
384 4589 574 4678 parochiali
600 4588 635 4659 in
662 4589 827 4681 Lyppa.

296 4708 579 4799 Suburburum,
614 4711 698 4781 villa
732 4711 796 4782 sub
833 4711 1008 4801 parochia,
1033 4711 1198 4783 ecclesiae
1234 4711 1277 4783 de
1304 4711 1492 4782 Falhow
1527 4711 1612 4799 sita,
1649 4711 1746 4782 cuius

192 4830 387 4922 proprietas
406 4836 443 4902 et
456 4830 645 4902 dominium
663 4832 816 4921 pertinet
834 4832 878 4903 ad
896 4832 1092 4922 plebaniam
1110 4833 1236 4904 eteius
1254 4832 1437 4923 plebanum
1456 4852 1520 4921 pro
1538 4838 1693 4920 tempore
1711 4832 1748 4902 in

192 4952 396 5041 Pallon,
423 4952 459 5022 in
484 4972 552 5041 qua
570 4958 652 5023 sunt
670 4959 820 5043 quatuor
842 4952 934 5023 lanei
958 4952 1210 5043 cmethonales‚
1237 4953 1424 5042 dequibus
1447 4952 1595 5023 solvitur
1617 4950 1750 5023 decima

193 5070 417 5160 manipularis
454 5077 490 5141 et
516 5092 579 5161 per
607 5079 755 5162 quatuor
790 5074 929 5163 ierugas
966 5072 1142 5163 canapalis
1168 5071 1389 5162 praebendae
1419 5071 1686 5163 Jaszkouskey,
1712 5076 1749 5143 et

192 5192 343 5281 propriis
379 5193 538 5264 curribus
575 5192 713 5264 ducitur
748 5195 783 5265 in
810 5195 975 5265 horreum
1010 5192 1222 5264 acanonioo
1257 5191 1439 5264 locandum
1475 5196 1512 5263 et
1538 5191 1637 5263 valor
1672 5191 1746 5263 eins

194 5312 400 5383 aestimatur
432 5313 477 5384 ad
503 5319 576 5385 tres
604 5310 758 5403 marcas,
786 5316 869 5386 item
885 5315 1051 5385 tahemae
1079 5333 1147 5384 non
1175 5317 1275 5403 sunt,
1302 5312 1386 5385 item
1412 5312 1632 5386 hortulaniae
1658 5312 1748 5399 duae
1855 5416 1861 5429 Ι
1893 5380 1901 5389 .
1977 5410 1983 5419 Ι

1471 5412 1480 5435 0

299 5480 349 5523 le.
365 5479 461 5521 aeneae.
1519 5526 1522 5531 ,
1541 5434 1584 5497 ⁴⁷
1609 5446 1615 5451 ι
1678 5458 1685 5471 1
