4050 6054
1629 534 1703 611 537

161 742 203 815 de
230 740 330 816 laneo
366 747 506 815 tenetur
533 740 677 834 singulis
710 742 910 834 septimanis
947 742 1033 817 duos
1065 742 1139 815 dies
1171 743 1206 815 in
1234 763 1323 817 anno
1350 745 1491 835 proprio
1519 766 1622 816 curru
1649 751 1711 818 aut

161 871 280 937 aratro
307 865 484 955 laborare,
511 869 667 955 ternpore
685 865 846 937 messium
874 870 1027 956 excepto,
1055 886 1122 955 quo
1145 865 1305 957 instante,
1332 871 1471 937 tenetur
1497 866 1642 956 quilibet
1667 865 1711 937 de

161 985 261 1057 laneo
289 990 438 1075 quatuor
465 986 538 1056 dies
565 985 699 1058 duobus
717 985 862 1057 falcibus
889 990 1018 1057 metere
1045 992 1080 1057 et
1097 986 1276 1074 laborare3
1302 986 1386 1057 item
1405 984 1531 1077 singuli
1559 985 1711 1057 cruetho-

151 1126 230 1197 nes,
256 1106 433 1178 hortulani
460 1112 498 1178 et
514 1107 769 1196 tabernatores,
797 1112 833 1177 et
851 1106 910 1177 alii
929 1126 1047 1178 omnes
1065 1106 1198 1177 incolae
1226 1110 1262 1177 et
1280 1105 1439 1196 inquilini
1457 1105 1560 1177 villae
1588 1104 1710 1198 Thur,

159 1227 265 1297 etiam
292 1227 352 1316 qui
378 1227 490 1297 nullos
516 1231 637 1298 tenent
662 1248 766 1316 agros
794 1232 854 1297 aut
880 1226 1115 1315 hortulaniaS,
1142 1232 1179 1297 et
1196 1225 1248 1296 illi
1274 1225 1396 1315 etiam,
1423 1226 1482 1316 qui
1508 1247 1572 1316 pro
1594 1226 1710 1317 pretio

161 1345 399 1417 emethcnihus
435 1345 613 1437 laborant,
649 1352 816 1418 tenentur
849 1367 955 1417 unum
982 1345 1073 1417 diem
1100 1346 1136 1417 in
1162 1344 1344 1417 frumentIs
1371 1345 1584 1435 hyemalibus
1609 1366 1710 1435 prae-

160 1464 327 1555 dialibuS,
354 1472 391 1535 et
416 1466 520 1535 alium
547 1466 638 1537 diem
664 1466 699 1535 in
726 1465 907 1537 frumemn
943 1463 1186 1555 aestivalibus,
1223 1465 1318 1536 ultra
1344 1463 1417 1535 dies
1444 1464 1479 1534 in
1516 1465 1709 1555 septimana

160 1585 312 1675 debitos,
339 1584 486 1676 quilibet
511 1587 653 1676 propria
678 1585 765 1657 falce
791 1592 922 1657 metere
949 1592 985 1657 et
1002 1585 1180 1674 laborare,
1208 1585 1266 1675 qui
1284 1584 1384 1655 labor
1408 1589 1554 1656 vocatur
1579 1581 1709 1679 wpellca

158 1703 324 1799 peecata·
357 1705 442 1777 item
469 1705 666 1777 emethones
697 1705 846 1797 praelati
872 1710 1035 1777 tenentur
1061 1705 1154 1775 ultra
1187 1704 1261 1775 dies
1289 1705 1324 1774 in
1350 1705 1544 1795 septimana
1570 1704 1707 1777 debitos

160 1825 290 1915 absque
317 1824 373 1898 die
399 1825 513 1896 facere
539 1824 705 1897 ducturas
738 1824 784 1896 ad
810 1824 938 1916 oppida
964 1824 1267 1916 Andrzcyow,
1294 1823 1646 1915 Pyandziczow,
1673 1829 1709 1895 et

160 1944 205 2015 ad
229 1943 307 2017 lora
332 1945 369 2015 in
395 1944 562 2016 distantia
587 1944 734 2016 duorum
759 1943 964 2034 miliarium,
991 1944 1074 2015 item
1102 1964 1145 2015 ne
1171 1942 1297 2014 damna
1324 1944 1359 2013 in
1385 1942 1585 2033 frumentis,
1612 1963 1710 2034 sege·

159 2066 253 2137 tibus
279 2070 316 2137 et
332 2066 444 2155 pratis
470 2065 704 2155 praedialibus
731 2063 940 2155 inferantur,
966 2069 1130 2136 tenentur
1148 2064 1346 2136 emethones
1373 2062 1547 2153 praefatas
1574 2068 1708 2153 segetes

160 2191 196 2256 et
221 2192 323 2275 prata
349 2186 479 2275 absque
507 2184 563 2256 die
590 2186 723 2275 sepire,
758 2185 841 2255 item
868 2189 922 2255 est
946 2184 984 2255 in
1011 2185 1129 2256 eadem
1162 2184 1246 2255 villa
1282 2184 1377 2255 curia
1402 2184 1490 2256 hene
1517 2183 1707 2275 aedificata,

159 2304 291 2376 habens
317 2305 435 2397 largos
461 2325 563 2396 agros
589 2304 801 2395 praediales,
828 2305 954 2376 intres
972 2324 1111 2395 campos
1137 2304 1284 2395 divisos,
1312 2303 1498 2394 dequibus
1524 2306 1703 2394 praeposi-

160 2431 218 2496 tus
243 2425 330 2496 nulli
357 2424 461 2497 soluit
488 2424 655 2496 decimam
681 2423 938 2515 manipularem,
965 2423 1026 2496 sed
1054 2445 1128 2495 eam
1155 2445 1219 2513 pro
1246 2443 1283 2495 se
1309 2423 1402 2495 toIIIt
1429 2429 1464 2494 et
1481 2424 1518 2494 in
1544 2423 1709 2497 horreum

161 2566 259 2616 suum
277 2545 418 2615 inducit.
444 2545 531 2615 Item
551 2545 685 2616 suntin
704 2544 823 2615 cadem
841 2544 926 2615 villa
943 2544 1032 2615 duae
1050 2544 1218 2615 tabernae
1236 2544 1402 2615 habentes
1422 2564 1534 2635 agros,
1551 2548 1588 2615 et
1601 2564 1706 2636 qnae-

160 2664 246 2736 lihet
271 2664 376 2736 solvit
409 2684 473 2755 pro
501 2685 606 2736 censu
641 2685 754 2736 annuo
790 2664 1052 2756 praepositurae
1088 2664 1174 2735 duas
1210 2684 1418 2754 sexagenas3
1453 2662 1537 2735 item
1564 2664 1708 2735 suntin

160 2783 280 2856 eadem
314 2784 398 2856 villa
434 2791 581 2876 quatuor
613 2784 803 2875 hortulani,
839 2784 943 2856 etiam
977 2784 1147 2856 hahentes
1173 2804 1295 2875 agros,
1331 2789 1367 2855 et
1393 2782 1539 2874 quilibet
1568 2788 1709 2856 tenetur

159 2924 223 2995 pro
250 2923 355 2975 censu
381 2924 495 2977 annno
522 2904 655 2977 soluere
680 2906 880 2995 praeposito
907 2924 969 2977 sex
994 2924 1152 2995 grossos,
1178 2904 1262 2976 item
1289 2924 1394 2976 unum
1421 2903 1512 2975 diem
1538 2903 1574 2974 in
1602 2905 1709 2995 septi-

160 3043 262 3095 mana
286 3024 450 3116 pedester
466 3025 636 3115 laborare,
663 3024 706 3097 de
723 3023 904 3098 undecimo
921 3026 1090 3097 triturare
1117 3025 1268 3115 coretho,
1295 3030 1332 3096 et
1350 3042 1493 3096 acervos
1510 3024 1710 3096 reformare.

160 3145 249 3216 Item
275 3144 484 3235 cmethones,
510 3145 686 3217 hortulani
713 3152 750 3217 et
766 3146 1006 3218 tabernatores
1033 3165 1151 3217 omnes
1178 3150 1215 3217 et
1232 3143 1359 3235 singuli
1386 3143 1526 3217 solvunt
1543 3145 1710 3216 decimam

160 3265 408 3356 manipularem
435 3266 698 3357 praepositurae
724 3264 757 3337 S.
775 3264 957 3337 Michaelis
983 3271 1019 3336 et
1038 3285 1113 3336 eam
1138 3264 1290 3355 propriis
1308 3265 1467 3336 cunibus
1492 3264 1529 3335 in
1546 3265 1708 3337 horreum

161 3384 360 3476 praeposito
387 3384 551 3457 inducere
576 3390 757 3485 tenentur,
785 3391 821 3456 et
838 3385 937 3457 valor
963 3385 1038 3457 eius
1066 3384 1271 3456 aestimatur
1298 3384 1342 3456 ad
1361 3383 1539 3456 duodecim
1566 3404 1711 3474 marcas,

161 3506 338 3596 perceptio
362 3510 477 3577 tamen
505 3506 579 3577 eius
597 3504 870 3593 diversificatum
897 3525 976 3576 narn
1003 3505 1045 3576 de
1066 3504 1198 3576 duobus
1224 3504 1383 3595 partibus
1410 3504 1598 3577 maioribus
1616 3504 1710 3576 tollit

163 3624 257 3696 illam
274 3626 518 3717 praepositura
544 3626 576 3696 S.
594 3625 795 3715 Michaelis,
822 3625 864 3696 de
883 3625 990 3696 tertia
1007 3646 1090 3696 vero
1108 3629 1209 3716 parte
1226 3625 1353 3695 minori
1383 3644 1454 3695 una
1480 3642 1556 3695 cnm
1576 3624 1709 3696 decima

161 3745 263 3816 totali
289 3740 445 3836 canapali
463 3746 565 3817 villae
584 3745 772 3836 praefatae,
796 3745 890 3817 tollit
915 3766 991 3816 cam
1010 3745 1210 3835 praehenda
1228 3743 1476 3834 cracoviensis,
1504 3764 1591 3835 quae
1608 3764 1711 3816 roca·

162 3871 221 3936 tur
247 3865 451 3937 Nanouska.
490 3866 579 3937 Item
606 3871 689 3938 sunt
722 3864 758 3937 in
786 3866 904 3936 eadem
939 3865 1024 3937 villa
1051 3866 1119 3937 duo
1146 3871 1248 3955 prata
1272 3885 1336 3954 pro
1364 3865 1579 3955 praeposito,
1605 3884 1712 3937 unum

163 3990 243 4075 post
269 3986 417 4076 curiam,
452 3987 545 4058 alind
572 3988 665 4057 circa
689 3984 829 4057 fluuium
856 3984 991 4075 Nida,
1028 4006 1114 4075 quae
1146 4006 1167 4056 a
1194 3983 1432 4056 cmcthonihus
1458 3983 1560 4056 villae
1588 3984 1712 4056 Thur
1827 3988 1830 3993 ’

163 4105 208 4176 ad
233 4104 404 4176 rationem
431 4105 564 4178 dicrum
591 4107 627 4177 in
654 4106 848 4196 septimana
874 4105 1069 4177 debitorum
1094 4104 1361 4195 falcastrantur,
1392 4111 1428 4175 et
1453 4110 1617 4176 tenentur
1643 4104 1711 4195 ipsi

164 4223 361 4296 emethones
387 4225 517 4317 absque
545 4226 599 4296 die
627 4225 788 4316 colligere
815 4231 851 4296 et
872 4225 908 4295 in
935 4226 1070 4297 casulas
1106 4244 1316 4315 congregare
1348 4224 1485 4295 foenum
1513 4244 1613 4296 omne
1639 4220 1710 4295 illic

163 4343 452 4434 falcastrandum3
479 4346 560 4416 item
588 4346 672 4418 villa
697 4344 856 4437 praefata
880 4346 988 4418 hahet
1010 4345 1121 4436 ripam
1146 4344 1243 4416 fluvii
1268 4342 1411 4436 Nyda,
1439 4349 1475 4415 et
1493 4344 1561 4415 duo
1588 4350 1712 4434 stagna

163 4465 350 4537 servientia
376 4465 566 4555 praepositi
591 4466 756 4555 utilitati3
791 4466 873 4536 item
901 4465 1100 4538 cruethones
1126 4464 1229 4536 villae
1256 4463 1431 4555 praelatae
1457 4469 1621 4535 tenentur
1647 4484 1711 4554 pro

162 4584 295 4656 decima
329 4584 372 4656 de
398 4605 518 4656 eorum
552 4585 636 4657 villa
661 4584 886 4676 proveniente
912 4583 1075 4674 locanda,
1111 4605 1252 4657 aceruos
1287 4582 1494 4673 reformare,
1521 4589 1556 4654 et
1583 4583 1707 4673 denno,

166 4704 302 4795 qnando
337 4724 477 4776 necesse
504 4711 576 4796 est,
601 4724 735 4796 parare.
778 4705 866 4775 Item
901 4704 1008 4776 hahet
1034 4704 1117 4775 villa
1142 4702 1299 4797 praefata
1334 4702 1401 4774 duo
1425 4724 1519 4798 papa
1550 4702 1715 4793 quercina

163 4825 271 4916 bona,
298 4830 335 4896 et
360 4823 447 4897 duas
473 4822 602 4897 dorca.
1665 4864 1668 4869 ·

265 4942 355 5017 Item
381 4944 532 5017 confluat
565 4945 648 5018 villa
682 4944 840 5035 praefata
874 4964 951 5018 cum
987 4944 1080 5018 rillis
1115 4944 1415 5038 Koporynya,
1450 4941 1713 5035 Oppathlro·

162 5063 311 5154 wicze,
336 5062 738 5157 Nyegoslauicze,
764 5065 1089 5138 Wroczirzisz.

267 5183 436 5255 Brnown
470 5184 618 5257 Wonrn
653 5185 740 5257 alias
775 5184 968 5277 Zaconzn,
1011 5186 1111 5277 villa,
1148 5189 1268 5257 sextus
1298 5182 1425 5256 fundus
1450 5166 1712 5281 praepositurae

163 5303 196 5373 S.
227 5302 424 5395 Michaelis,
454 5304 520 5377 sub
549 5305 716 5396 parochIa
746 5304 911 5380 ecclesiae
947 5305 991 5376 de
1008 5304 1336 5396 Wroczirzysz
1368 5303 1459 5391 sita,
1502 5304 1600 5381 cuins
1630 5322 1717 5395 pro:

164 5423 295 5514 prletas
329 5430 366 5496 et
392 5422 580 5498 domimum
616 5424 660 5499 ad
687 5418 923 5518 praepositum
959 5424 992 5499 S.
1015 5424 1197 5499 Michaelis
1231 5424 1335 5519 pleno
1367 5424 1444 5499 iure
1478 5424 1650 5517 pertinet,
1675 5424 1721 5529 in¹
1803 5500 1810 5511 ,

266 5590 314 5631 nn.
327 5591 424 5633 auam.
1269 5634 1272 5639 ,
1313 5636 1317 5643 ,
1426 5582 1435 5593 ”
1504 5544 1548 5611 ⁰⁸
1696 5570 1700 5575 ’
