4050 6054
1625 349 1712 422 '353

130 575 137 585 ·
271 552 479 645 Gansrnorr,
505 557 590 627 villa
616 558 680 630 sub
698 556 865 648 parocbia
890 557 1057 628 ecclesiae
1083 556 1126 627 de
1153 555 1387 653 Trzesnya
1412 555 1491 646 sita,
1516 555 1713 648 cuins—pro-

166 678 299 767 pristas
325 676 370 747 ad
396 676 669 751 illustrissimum
694 699 813 768 regem
839 676 1005 751 Poloniae
1031 676 1196 773 pertinet·¹
1200 698 1275 779 pro
1299 677 1414 748 tribus
1438 676 1616 767 partibus,
1649 696 1715 766 pro

166 804 294 889 quarta
317 786 435 893 autem
462 804 562 887 parte
589 799 741 888 pertinet
767 799 812 870 ad
838 799 989 870 Felicem
1015 774 1299 891 Tarnonsky
1325 798 1368 869 de
1394 799 1502 869 armis
1527 796 1716 888 Leliwa,

166 920 202 989 in
228 939 300 1009 qua
323 898 406 1011 sunt
431 918 589 990 undecim
617 920 708 989 lanei
735 919 981 1008 cmetbonales,
1006 916 1049 989 de
1076 920 1201 1008 quibus
1228 919 1386 990 omnibus
1413 918 1561 991 soluitur
1585 916 1718 989 decima

166 1038 394 1131 manipularIs
419 1044 455 1110 et
480 1059 552 1129 per-
570 1045 721 1129 quatnor
746 1040 886 1129 iemgas
913 1039 1087 1128 canapalis
1114 1017 1264 1111 vicariae
1290 1038 1486 1129 praefatae,
1521 1044 1558 1109 et
1583 1038 1715 1109 ducunt

167 1181 243 1232 eam
279 1160 478 1230 cmethones
516 1161 553 1229 in
578 1160 742 1234 borreum
770 1180 791 1230 a
817 1161 947 1231 vicario
982 1160 1165 1230 locandum
1199 1167 1235 1231 et
1269 1160 1477 1263 valor„eius
1511 1160 1718 1231 aestimatur

167 1280 213 1351 ad
239 1286 316 1351 octo
344 1300 488 1352 marcas.
530 1280 620 1352 Item
647 1302 716 1352 non
744 1286 798 1352 est
823 1282 872 1352 ibi
899 1281 1097 1370 praedium,
1118 1302 1204 1352 non
1220 1288 1303 1354 sunt
1326 1280 1513 1371 mbernae,
1540 1302 1609 1353 non
1635 1286 1718 1353 sunt

167 1401 395 1471 hortulaniae

272 1520 437 1612 Tunnrn,
464 1523 548 1595 villa
574 1522 638 1594 sub
666 1524 832 1612 parocbia
858 1523 1024 1615 ecelesiae
1051 1523 1094 1594 de
1121 1523 1445 1603 Charzewieze
1471 1526 1548 1614 sita,
1583 1529 1621 1597 et
1644 1522 1714 1596 inm

169 1645 206 1713 in
231 1644 469 1732 summioribus
495 1642 681 1733 descripta,
706 1642 834 1714 fundus
860 1644 1047 1733 primarius
1071 1644 1290 1737 praebendae
1308 1644 1497 1736 lbrebska,
1524 1646 1560 1716 in
1578 1650 1720 1737 quaest

168 1763 362 1855 praedium.
378 1764 594 1852 canonicale,
631 1763 674 1834 de
701 1766 798 1835 cuins
825 1765 920 1857 agris
955 1765 1105 1837 solvitur
1139 1765 1272 1835 decima
1306 1765 1532 1856 manipularis
1567 1767 1718 1838 vicariae

168 1883 344 1975 praelatae
371 1891 408 1955 et
433 1885 533 1956 valor
557 1885 633 1981 eius
660 1884 704 1955 ad
727 1885 813 1955 duas
840 1905 976 1957 marcas
1003 1887 1216 1975 aestimatur,
1243 1886 1428 1977 aliquando
1454 1887 1500 1958 ad
1521 1893 1604 1961 tres
1629 1886 1719 1958 Item

171 2006 303 2076 vicaria
328 2005 489 2096 praefata
523 2002 630 2076 habet
665 1990 804 2076 domum
830 2007 867 2076 in
893 2005 1205 2098 Sandomiria,
1236 2007 1272 2077 in
1299 2026 1382 2079 area
1408 2008 1598 2080 canonicali
1624 2007 1719 2078 aedi-

33 2111 39 2116 ’
172 2126 311 2197 beatam
338 2135 374 2198 et
401 2127 517 2197 hostio
545 2127 710 2197 ecclesiae
736 2128 881 2198 australi
908 2127 1172 2200 confrontatam.

271 2248 359 2318 Item
385 2248 585 2339 praebenda
614 2247 796 2319 Turebslra
823 2246 1113 2320 Sandomiriensis
1139 2249 1298 2339 praefata
1323 2251 1422 2322 iuxta
1438 2255 1559 2323 vetera
1576 2255 1613 2324 et
1629 2271 1721 2323 nova

170 2376 327 2458 regestra
351 2375 472 2440 mnata
498 2374 553 2439 est
579 2368 623 2440 ad
651 2369 882 2460 quadraginta
907 2389 1050 2441 marcas.

322 2632 567 2715 Praebeoda
600 2632 998 2738 Zaynnozkowslra,
1031 2634 1241 2736 quondam
1275 2633 1586 2738 Odpcbowska.

275 2853 481 2927 Praebenda
501 2853 791 2926 Sandomiriensis
810 2853 1120 2948 Zayanczlrowslra,
1148 2857 1321 2948 quondam
1338 2855 1604 2931 Odancbowska
1618 2877 1721 2932 voca·

172 2976 288 3065 batur,
312 2977 465 3049 habebat
491 2977 583 3046 enim
609 2974 753 3047 fundum
780 2997 880 3047 snum
906 2977 1024 3047 sillam
1050 2976 1306 3049 Odancbow
1332 2979 1512 3070 integram,
1533 3000 1642 3070 onam
1661 2979 1723 3052 Jo-

172 3097 306 3169 han'nes
331 3097 567 3188 Dlngoscb
595 3098 719 3186 senior,
746 3103 829 3168 tuno
856 3097 1010 3168 eiusdem
1037 3098 1255 3187 praebendae
1281 3101 1477 3191 canonicus,
1503 3101 1661 3192 quamvis
1687 3101 1725 3173 in

174 3217 293 3329 eptem
327 3219 411 3291 villa
450 3219 723 3308 Odanchow,
765 3239 864 3289 muro
899 3218 1056 3289 latericio
1092 3220 1273 3290 ecclesiam
1309 3220 1530 3297 aedificasset
1569 3221 1723 3313 propriis

174 3340 374 3457 smgdrbus,
399 3342 567 3414 remotius
595 3361 615 3410 a
642 3338 937 3409 Sandomiria
963 3339 1158 3428 elongatam
1176 3359 1262 3429 esse,
1290 3341 1400 3429 ipsam
1418 3360 1482 3430 pro
1499 3341 1613 3412 tribus
1631 3340 1724 3412 villis

174 3480 281 3551 prope
298 3460 569 3554 Wasznyow
597 3459 762 3550 oppidum
781 3459 867 3547 sitis,
885 3457 1504 3549 videlicetZayanozkowicze,
1531 3461 1724 3552 Pruszy·

173 3583 371 3655 nowicze
398 3590 434 3655 et
459 3582 683 3672 Podolye,
711 3600 787 3650 cum
805 3576 1008 3649 Prandotha
1026 3578 1068 3648 de
1086 3576 1236 3649 Konin
1261 3579 1372 3649 milite
1394 3578 1437 3650 de
1455 3581 1561 3650 armis
1579 3580 1720 3671 Rana,

174 3701 302 3774 additis
328 3704 440 3775 eidem
465 3702 766 3775 Prandotbae
793 3707 929 3770 centum
956 3699 1081 3770 marcis
1100 3699 1143 3769 de
1162 3719 1332 3770 consensu
1359 3697 1595 3790 Gasimiri,
1621 3692 1725 3772 Polo-
1780 3772 1785 3783 ,

173 3823 251 3894 uiae
278 3826 370 3915 regis
406 3825 652 3914 illustrissimi,
688 3843 779 3893 anno
806 3820 945 3892 Domini
974 3821 1084 3891 1462.
1119 3819 1300 3908 cambivit,
1336 3820 1422 3890 baec
1455 3820 1655 3911 praebenda
1681 3840 1724 3892 ex

174 3943 316 4016 decimis
342 3952 378 4016 et
404 3947 630 4037 proventibus
657 3943 878 4015 ecclesiarum
905 3941 1065 4031 duarum,
1092 3940 1253 4011 videlicet
1280 3939 1464 4012 Tsczow
1491 3948 1527 4012 et
1553 3938 1724 4013 Sidlow

174 4062 319 4137 lundata
344 4073 382 4139 et
407 4067 530 4140 dotata
555 4072 626 4152 est,
654 4072 689 4136 et
716 4066 753 4135 in
780 4062 949 4136 eiusmodi
976 4063 1112 4152 signum
1139 4061 1324 4133 canonicus
1350 4060 1529 4151 praefatae
1554 4063 1725 4152 praeben·

174 4183 238 4256 dae
265 4204 328 4277 pro
355 4193 512 4280 tempore
539 4189 661 4259 unicus
689 4192 744 4258 est
770 4185 916 4256 collator
942 4190 977 4254 et
1002 4189 1171 4273 patronus
1199 4182 1363 4253 ecclesiae
1389 4181 1432 4252 de
1460 4181 1655 4255 Tsczow.

278 4305 652 4398 Zarnncznowrczm
688 4308 771 4379 villa
798 4308 862 4378 snb
889 4305 1055 4396 parochia
1081 4304 1247 4375 ecclesiae
1274 4303 1317 4374 de
1344 4303 1613 4393 Wasznyow
1639 4303 1725 4394 sita,

175 4427 221 4499 ad
246 4430 479 4519 praebendam
514 4430 827 4502 Sandomiriensem
862 4426 1164 4519 Zayanczlrowska
1199 4425 1327 4497 dictam
1359 4424 1558 4515 pertinens,
1594 4423 1641 4521 in,
1658 4444 1727 4513 qua

66 4608 69 4613 .
175 4555 256 4621 sunt
282 4558 416 4642 septem
442 4554 556 4624 minus
583 4551 697 4623 modio
723 4551 825 4641 lanei,
854 4554 889 4621 et
915 4550 1061 4641 quilibet
1086 4568 1152 4638 pro
1168 4567 1282 4620 annuo
1309 4565 1416 4617 censu
1441 4543 1547 4615 solvit
1573 4542 1723 4614 mediam

175 4691 335 4744 marcam.
360 4673 449 4745 Item
467 4695 485 4744 a
505 4673 593 4745 festo
612 4672 645 4744 S.
663 4672 809 4745 loannis
828 4669 1019 4761 Baptistae,
1044 4688 1154 4759 usque
1181 4667 1226 4739 ad
1242 4664 1368 4739 festum
1386 4663 1419 4736 S.
1436 4663 1619 4737 Michaelis
1637 4662 1724 4735 duos

176 4791 260 4884 dies,
286 4814 308 4865 a
332 4793 422 4867 festo
449 4802 565 4868 autem
592 4794 625 4866 S.
652 4793 836 4866 Michaelis
863 4790 907 4863 ad
932 4791 1058 4864 festum
1085 4788 1118 4861 S.
1144 4787 1304 4878 Joannis,
1331 4805 1437 4859 unum
1462 4783 1554 4855 diem
1580 4784 1724 4883 proprio

176 4932 280 5005 curru
307 4922 368 4988 aut
395 4923 514 4989 aratro
541 4917 722 5007 laborant,
758 4915 923 4988 dammas
949 4913 1080 5004 absque
1106 4910 1162 4981 die
1189 4908 1234 4980 ad
1259 4907 1365 4977 trium
1391 4903 1579 4977 miliarium
1605 4909 1726 4979 exten:

176 5032 307 5107 'sionem
333 5036 483 5131 faciunt,
519 5038 666 5130 quilibet
692 5038 736 5109 de
761 5037 861 5108 laneo
898 5033 1002 5107 solvit
1028 5033 1116 5103 duos
1140 5048 1309 5118 capones,
1344 5045 1411 5097 ova
1435 5021 1601 5112 triginta,
1637 5022 1724 5096 dnos

176 5154 302 5228 choros
328 5177 459 5231 avenae
486 5167 523 5232 et
549 5160 694 5231 totidem
725 5158 835 5230 tritici
863 5172 1044 5228 mensurae
1071 5143 1386 5240 Wasznyovyensis
1411 5138 1604 5232 confertae,
1624 5144 1725 5243 ,item

178 5293 246 5343 non
272 5283 328 5349 est
353 5279 402 5349 ibi
429 5281 546 5373 aliqua
572 5281 728 5353 taberna
755 5279 843 5353 Item
870 5284 924 5349 est
950 5295 1038 5347 tinus
1065 5270 1271 5342 hortulanus
1298 5264 1430 5337 babens
1456 5283 1585 5352 paucos
1611 5284 1725 5358 agros,

281 5439 328 5481 le.
342 5442 437 5487 Βακὰ
1519 5403 1560 5462 45
