4050 6054
1647 474 1742 561 too·
1850 588 1855 599 ι

163 688 312 782 ¹absque
336 687 583 779 dininutione,
609 709 674 781 pro
700 686 872 771 canona
892 686 1112 763 Oraooviensi
1139 690 1252 763 dictae
1279 670 1739 782 manducaturum-1

177 811 312 884 decima
336 809 496 901 propriis.
515 811 673 883 curribus
699 811 736 882 in
762 810 925 883 tumeam
952 831 974 882 a
1000 812 1165 903 canonico
1192 810 1489 902 constituendum,
1515 817 1551 884 et
1569 802 1729 907 sol*

179 931 313 1004 decima
343 929 519 1019 canapalis
553 950 617 1020 per
644 935 793 1021 quatuor
827 929 1015 1003 iuncturas
1059 930 1126 1002 Est
1151 931 1274 1002 etiam·
1291 933 1329 1003 in
1356 930 1477 1004 eadem
1510 922 1597 1006 offla
1620 894 1733 1007 ffi

178 1050 349 1140 militaris,
376 1050 509 1122 habens
535 1049 702 1140 speciales
728 1070 830 1140 agros
853 1050 1055 1142 praediolcs,
1082 1051 1268 1143 dequibus
1295 1052 1444 1124 solvitur
1470 1044 1726 1127 decarmoni-

179 1168 312 1264 pularis
337 1170 504 1244 ecclesiae
526 1170 718 1261 parochiali
744 1171 780 1242 in
814 1169 1035 1244 Koszlow.
1078 1169 1146 1243 Eat
1171 1170 1222 1244 ibi
1246 1172 1408 1263 taberna,
1434 1172 1592 1247 aede'non
1617 1140 1726 1248 nabeo

180 1311 301 1383 agros,
337 1295 420 1362 sunt
445 1292 534 1363 duae
559 1291 780 1365 hortulaaiae
806 1291 975 1364 habentes
1008 1311 1131 1382 agros,
1166 1312 1209 1365 ex
1235 1292 1378 1383 praedio
1405 1293 1456 1365 eis
1482 1290 1646 1386 largitos,
1682 1294 1726 1367 de

181 1414 305 1504 quibua
331 1411 368 1483 in
394 1410 608 1485 Kosrlcw
634 1410 815 1504 decimant,
843 1408 937 1486 item‘
953 1417 1007 1487 eat
1029 1411 1078 1486 ibi
1104 1403 1212 1487 tertia
1237 1413 1444 1506 hortulanis,
1472 1434 1560 1510 quae
1578 1414 1727 1491 decimat

181 1510 348 1639 canctiloo
370 1533 408 1605 in
430 1530 646 1629 pastuum.

282 1656 372 1727 Item
398 1652 556 1747 praefata
581 1653 913 1745 praebenda'habet
940 1655 1095 1746 quintam
1111 1656 1361 1749 manipularem
1387 1654 1553 1729 decimam
1580 1657 1616 1731 iri
1643 1657 1727 1733 vlla

181 1775 412 1866 Goznbow,
439 1776 504 1847 sub
520 1775 686 1866 parochia
703 1775 931 1848 ecclesiaede
957 1774 1018 1846 Ml
1029 1775 1220 1867 odzewi,
1246 1777 1344 1849 cuius
1361 1776 1557 1851 haereditas
1575 1780 1729 1870 pertinet

181 1897 225 1969 ad
239 1896 445 1969 iohannem
473 1894 828 1988 Thaneuynslry,
864 1895 946 1969 olim
972 1884 1198 1969 matellanum
1224 1893 1498 1988 Ora'coviensem,
1524 1918 1617 1971 nunc
1642 1918 1727 1973 vero

182 2018 226 2090 ad
243 2016 334 2090 filios
353 2020 434 2089 snos
451 2017 494 2089 de
513 2017 619 2088 armis
645 2015 965 2106 Bippennium.
990 2017 1031 2088 In
1050 2038 1118 2108 qua
1135 2023 1217 2090 sunt
1235 2037 1296 2090 sex
1313 2018 1405 2090 lanei
1426 2018 1667 2110 cmetbonales,
1685 2018 1729 2093 de
1872 1993 1879 2007 ’

183 2140 307 2230 quibus
334 2138 491 2211 omnibus
519 2138 648 2235 absque
666 2137 892 2210 diminutione
918 2138 1068 2230 percipit
1085 2138 1252 2210 decimam
1278 2137 1527 2230 manipularem
1545 2140 1729 2215 canonicus
1762 2158 1765 2165 ’

182 2259 400 2351 praebendae
426 2258 641 2351 praedictae,
676 2263 713 2330 et
738 2258 877 2330 ducitur
903 2260 1054 2351 propriis
1081 2260 1242 2332 curribus
1268 2280 1332 2350 per
1357 2260 1558 2333 emetbones
1584 2261 1621 2332 in
1646 2261 1729 2334 bor-

182 2399 279 2454 reum
306 2400 329 2451 a
354 2380 518 2453 amonica
543 2378 703 2469 locatum,
729 2378 877 2451 soluitur
903 2379 1038 2451 decima
1054 2379 1178 2471 canapi
1201 2400 1265 2470 per
1284 2385 1432 2472 quatuor
1449 2381 1638 2454 iuncturas.
1664 2378 1732 2453 Est

183 2502 289 2574 etiam
316 2501 352 2572 in
378 2499 499 2572 eadem
524 2498 608 2570 villa
633 2491 733 2571 curia
754 2498 925 2600 militaris,
950 2499 1082 2573 babens
1108 2520 1213 2591 agros
1239 2500 1414 2592 proprios,
1441 2500 1485 2573 de
1511 2501 1635 2593 quibus
1661 2501 1730 2574 sol·

188 2622 282 2695 vitur
309 2621 442 2693 decima
466 2619 692 2711 manipularis
718 2619 937 2710 praebendae
963 2620 1116 2711 capellae
1143 2620 1250 2694 castri
1276 2619 1592 2693 Tannonius-*³

244 2822 247 2827 ¹
287 2743 375 2814 Item
401 2740 602 2831 notandum,
628 2739 721 2831 quod
746 2741 783 2811 in
810 2739 943 2812 duabus
969 2740 1080 2830 villis,
1107 2740 1269 2813 videlicet
1294 2741 1331 2812 in
1357 2740 1668 2815 Parscb'ebi-lra
1694 2748 1731 2815 et

60 2932 63 2940 .
183 2864 220 2934 in
246 2862 617 2952 Przeczslawac,
643 2859 793 2952 praelati
819 2861 990 2934 lobannis
1016 2861 1060 2933 de
1087 2860 1290 2954 Gzyuow,
1317 2854 1479 2936 dicuutur
1504 2860 1613 2936 fuifflb
1637 2863 1731 2936 deoi-

183 3004 260 3056 mae
285 2983 520 3074 manipulares
555 2982 718 3054 eiusdem
744 2983 965 3073 praebendae
990 2987 1027 3055 et
1053 2982 1098 3055 ad
1124 3002 1200 3055 eam
1227 2987 1421 3074 spectasse,
1459 3002 1546 3074 quas
1572 2983 1731 3056 dominus

62 3196 66 3200 .
183 3103 351 3178 Albertas
385 3103 408 3176 J
418 3090 769 3202 astrze'mbyecz
803 3103 915 3175 bonae
941 3104 1127 3176 memoriae
1161 3107 1246 3176 tunc
1280 3105 1463 3196 episcopus
1489 3101 1729 3178 cracoviensis

185 3226 317 3318 recepit
340 3229 379 3297 et
404 3224 548 3298 abstulit
574 3224 749 3315 canonico,
776 3243 944 3315 assereus,
971 3244 1031 3297 eas
1057 3225 1232 3316 pertinere
1258 3225 1303 3297 ad
1320 3242 1474 3297 mensam
1501 3192 1731 3317 episcopalem

83 3361 87 3375 ·
183 3353 361 3439 tamquam
387 3346 539 3437 novales,
565 3365 630 3437 pro
649 3345 774 3436 quibus
792 3346 926 3418 duabus
953 3345 1093 3418 decimis
1110 3345 1271 3418 dominus
1288 3345 1467 3418 lohannes
1485 3346 1598 3419 dietus
1616 3345 1731 3418 Janek

185 3468 229 3540 de
255 3466 487 3561 Rudzicza
521 3466 565 3537 de
591 3466 696 3538 armis
723 3465 864 3557 Drya,
900 3469 984 3537 tunc
1016 3463 1256 3538 Gracovienais
1292 3467 1494 3569 canonicuass
1511 3464 1732 3556 praebendae

184 3588 392 3680 praedictae,
417 3587 570 3660 bab'ebat
596 3588 693 3658 litem
711 3607 789 3658 cum
807 3586 900 3659 dicto
923 3585 1063 3658 domino
1089 3584 1113 3658 J
1121 3570 1669 3678 astruembyeea‘'·'episcopo,
1695 3589 1734 3656 et

135 3800 139 3807 r
184 3710 318 3784 inducti
351 3708 493 3783 fuerant
527 3712 637 3780 testes
672 3708 753 3778 hinc
780 3705 878 3798 inde,
914 3706 977 3779 sed
1007 3728 1049 3778 ex
1074 3712 1155 3798 post
1189 3706 1283 3779 dicto
1319 3704 1458 3778 domiuo
1493 3704 1670 3778 Jcbaune·
1687 3706 1732 3778 de

186 3822 420 3904 Rudzidza
445 3830 627 3902 deserente
645 3828 878 3919 praebendam
896 3826 1168 3918 cracoviensem,
1195 3834 1238 3898 ex
1264 3826 1370 3898 musa
1386 3826 1650 3916 permutationis
1668 3846 1732 3917 pro

185 3953 430 4044 praepositura
455 3949 618 4023 Sredensi
644 3949 813 4022 dioecesis
838 3948 1101 4039 Posnaniensis,
1128 3946 1371 4020 attestationes
1396 3945 1538 4018 fuerunt
1563 3945 1732 4038 perditae:

185 4094 250 4165 pro
285 4073 415 4146 eisdem
450 4072 557 4145 etiam
591 4071 726 4145 duabus
761 4069 903 4142 decimis
939 4068 1098 4141 domiuus
1132 4068 1297 4141 Nicolaus
1327 4067 1655 4162 Lyassoozsky
1690 4068 1734 4141 de

171 4195 293 4266 'armis
320 4193 549 4284 Dolauga,
576 4192 726 4265 damnus
753 4188 1010 4280 Oroandensis,
1038 4190 1096 4282 qui
1122 4188 1214 4261 dicto
1241 4187 1265 4261 J
1273 4189 1446 4262 ankoui
1472 4189 1509 4260 in
1534 4178 1735 4293 praemla
1783 4183 1791 4192 ’

185 4314 347 4409 praefata
372 4318 595 4405 successerat,
621 4317 779 4385 moverat
803 4313 902 4384 litem
927 4310 1037 4383 felicia
1063 4310 1317 4386 recordatiouis
1348 4311 1486 4385 domino
1513 4286 1736 4402 Sbiffile‘o,

49 4474 52 4478 Δ
187 4436 355 4509 cardinali
382 4441 420 4508 et
446 4435 606 4525 episcopo
634 4431 864 4522 Oraeovieusi,
890 4433 927 4504 in
945 4432 1043 4505 coria
1059 4432 1226 4523 Romana,
1252 4432 1312 4524 qui
1330 4436 1447 4505 tamen
1465 4431 1652 4504 cardinalis
1668 4429 1737 4502 fnit

187 4559 224 4630 in
250 4557 470 4649 possessione
497 4542 684 4628 eara'ridem
711 4555 935 4627 decimarum.

249 4728 251 4733 .
291 4679 381 4751 Item
406 4675 608 4769 praebenda
631 4674 809 4767 praedicta
834 4675 942 4748 habet
967 4658 1132 4748 vicariam
1158 4668 1373 4777 perpefflmt
1387 4674 1423 4746 in
1449 4671 1596 4746 ecclesia
1612 4668 1737 4744 Gracu-

189 4798 309 4890 riensi,
336 4799 434 4872 euius
459 4818 551 4870 nunc
576 4797 726 4870 vicarius
761 4803 816 4871 est
833 4795 988 4870 Mathias
1015 4795 1058 4868 de
1084 4794 1458 4884 Proacbcrdicze,
1487 4812 1574 4884 quae
1592 4811 1656 4883 pro
1675 4811 1739 4864 aua

189 4921 270 4993 dote
297 4926 334 4993 et
358 4918 466 4992 fundo
491 4918 598 4991 babet
615 4896 785 5007 decimam
810 4918 1061 5011 manipularem
1078 4917 1115 4988 iu
1133 4916 1217 4988 villa
1241 4913 1645 5007 Dzewyanczicze,
1673 4912 1737 4986 snb

190 5041 356 5133 parocbia
373 5040 537 5113 ecelesiae
555 5038 598 5111 de
616 5038 700 5110 villa
725 5034 867 5129 Wolya
893 5037 1226 5130 Schyszkowska,
1252 5040 1332 5126 post
1349 5053 1452 5125 agros
1470 5014 1622 5143 omniuin
1640 5030 1738 5107 uobi-

189 5160 275 5234 num
301 5161 429 5233 orcam
455 5159 876 5251 ammanuensium,
904 5159 964 5251 qur
980 5160 1078 5249 psus
1095 5156 1235 5230 ruerat
1258 5155 1335 5247 agri
1352 5148 1580 5251 cneum,
1597 5130 1738 5259 com

189 5279 339 5374 praefati
364 5280 499 5353 nobiles
526 5280 644 5354 colunt
669 5278 908 5353 emethonibua
934 5278 1111 5369 depositis,
1137 5280 1279 5368 praeter
1304 5294 1408 5366 agros
1568 5280 1607 5348 at
1624 5275 1738 5349 cuida-

191 5395 1408 5506 taaPaa'oncueka,quisuutettaeruntaquauodiatctco
1462 5382 1718 5477 militant*
1765 5396 1807 5456 s
1895 5448 1913 5455 ··
