4050 6054
1633 491 1707 562 643

159 713 299 784 grossos
336 693 377 763 de
404 714 543 782 manso,
579 695 663 765 item
690 716 753 783 pro
779 717 838 788 sep
865 695 951 765 dnos
979 697 1102 765 choros
1129 695 1256 784 tritici,
1290 696 1374 767 item
1400 717 1465 787 pre
1495 719 1554 791 sepi
1580 717 1710 769 avenae

158 822 232 887 tres
260 815 384 886 choros
410 838 559 905 avenae,
587 817 669 885 item
697 814 783 885 duos
819 816 932 905 pullos
958 816 994 885 in
1020 814 1109 889 festo
1146 815 1415 906 Assumptionis.
1431 817 1474 888 de
1499 838 1638 908 manso,
1674 826 1710 890 et

159 937 228 1008 dno
255 938 346 1007 casei
374 944 409 1007 et
436 938 559 1027 viginti
586 956 670 1024 ova,
702 936 785 1006 item
813 936 932 1006 rustici
967 937 1124 1008 servimrt
1148 957 1213 1027 per
1239 937 1325 1008 duos
1354 936 1427 1008 dies
1454 938 1491 1009 in
1517 939 1710 1029 septimana

158 1058 202 1129 de
229 1058 385 1147 quolibet
411 1079 532 1128 manso
559 1057 702 1146 proprio
739 1077 843 1127 curru
879 1063 1100 1146 antandro,
1141 1058 1224 1129 item
1250 1081 1314 1148 pro
1341 1059 1491 1131 statione
1517 1060 1610 1149 regis
1624 1067 1708 1131 tres

158 1180 312 1251 fertones
340 1184 377 1249 et
395 1200 455 1249 sex
483 1199 663 1249 mensuras
691 1199 820 1248 avenae
848 1183 883 1248 et
901 1178 1081 1250 duodecim
1108 1179 1230 1275 pullos.
1270 1179 1413 1250 Decima
1439 1180 1531 1250 valet
1557 1181 1709 1273 quinque

158 1320 302 1389 mareas,
330 1320 418 1389 qnae
435 1300 588 1389 pertinet
613 1319 689 1368 curn
717 1299 809 1369 omni
836 1300 911 1369 iure
937 1298 983 1371 ad
999 1299 1197 1391 episcopum
1225 1299 1497 1390 Lubuozensem‚
1525 1306 1559 1371 et
1577 1301 1709 1374 ducunt

159 1442 235 1494 eam
262 1421 461 1499 emetlrones
498 1421 533 1489 in
560 1421 723 1490 horreum
751 1420 794 1490 ab
822 1419 984 1511 episcopo
1010 1419 1207 1511 locandum,
1235 1427 1271 1492 et
1298 1421 1464 1492 decimam
1491 1424 1614 1515 canapi
1640 1424 1708 1495 sol-

157 1548 245 1615 vunt
269 1562 333 1631 per
360 1546 509 1631 quatuor
535 1541 680 1630 ierugas

169 1716 174 1725 .
246 1662 604 1751 ,Nuarrmnvczsnm
631 1661 714 1730 villa
741 1661 804 1731 sub
831 1661 996 1750 panochia
1029 1661 1194 1733 ecclesiae
1221 1663 1263 1733 de
1290 1662 1459 1733 Kunow
1486 1664 1572 1755 sita,
1609 1663 1705 1737 cuius

142 1782 353 1879 ,proprietas
380 1788 416 1854 et
435 1781 623 1853 dominium
650 1780 694 1851 ad
713 1781 911 1871 episcopum
934 1781 1192 1853 Lubuezensem
1211 1783 1374 1871 pertinet,
1401 1784 1491 1856 iacet
1509 1786 1579 1856 tria
1595 1785 1706 1857 milia·

145 1906 213 2003 ‘pie
234 1904 281 1977 de
307 1903 562 1995 Oppatlrovv
598 1923 702 1992 super
726 1902 852 1972 flumen
883 1902 1136 1992 Kamyona3
1172 1904 1207 1974 in
1234 1904 1303 1974 ista
1330 1904 1412 1974 villa
1448 1911 1530 1975 suut
1557 1906 1707 1996 quinque

139 2018 286 2118 'mansi
323 2025 468 2115 quilibet
504 2023 608 2094 solvit
644 2044 748 2094 uuum
782 2022 972 2113 iertonem;
1007 2024 1093 2095 item
1129 2023 1216 2094 duae
1244 2025 1429 2115 tabernae,
1465 2048 1611 2127 quarum
1637 2047 1707 2099 una

156 2147 263 2221 solvit
287 2145 477 2218 octodecim
496 2151 635 2232 scottos
663 2143 813 2214 secunda
840 2144 946 2217 solvit
962 2164 1067 2217 unam
1092 2165 1262 2236 marcam,
1289 2146 1373 2217 item
1391 2168 1480 2219 unus
1500 2147 1706 2220 hortulanus

155 2267 261 2341 solvit
295 2273 373 2336 octo
398 2284 548 2355 grossos.
588 2264 675 2334 ltem
712 2263 844 2334 decima
869 2263 965 2337 valet
991 2268 1141 2355 quatuor
1171 2285 1324 2355 marcas,
1361 2287 1448 2356 quae
1480 2268 1635 2357 pertinet
1656 2253 1706 2342 ‘ad

158 2389 355 2479 episcopum
373 2386 632 2456 Lubuozensem
659 2389 695 2454 et
712 2384 849 2455 ducitur
875 2385 911 2454 in
929 2384 1092 2457 horreum
1109 2385 1292 2457 locandum
1319 2388 1362 2457 ab
1381 2408 1431 2458 eo.
1469 2388 1559 2459 Item
1576 2390 1706 2461 molen-

157 2510 278 2581 dinum
295 2513 349 2579 est
366 2507 402 2578 in
419 2506 523 2577 fluvio
543 2506 619 2577 Slb
629 2506 785 2596 yslina
804 2512 839 2576 et
858 2506 962 2577 solvit
980 2511 1053 2577 tres
1072 2527 1224 2596 marcas;
1251 2507 1334 2578 item
1352 2508 1401 2578 ini
1419 2515 1474 2579 est
1492 2530 1580 2581 unus
1606 2532 1704 2582 mons

156 2628 315 2721 lapideus
344 2649 408 2719 pro
427 2632 541 2699 castro
569 2649 673 2717 snper
699 2627 803 2697 fluvio
830 2626 1072 2718 Kamyona.
1116 2627 1204 2698 Item
1232 2628 1412 2719 episeopus
1439 2630 1545 2700 habet
1571 2636 1704 2720 partem

157 2752 304 2822 merione
330 2771 400 2821 non
434 2750 617 2821 limitatam
645 2770 722 2820 cum
749 2749 910 2838 episcopo
939 2748 1179 2837 Oracoviensi3
1205 2750 1290 2820 item
1317 2750 1499 2841 episcopus
1525 2752 1632 2824 habet
1656 2752 1706 2823 ibi

155 2872 265 2944 multa
290 2877 391 2961 prata
426 2877 461 2941 et
487 2870 587 2940 valde
623 2871 722 2940 bona.
762 2869 850 2939 Item
877 2889 941 2958 pro
969 2891 1171 2964 rapqrrzowe
1208 2869 1294 2941 duos
1329 2892 1469 2960 grossos
1505 2870 1548 2943 de
1576 2893 1705 2964 manso,

153 2994 237 3065 item
273 3013 337 3082 pro
372 2991 484 3063 haedo
519 2991 669 3061 medinm
704 3011 863 3080 grossum
899 2990 1107 3080 demenso,
1143 2991 1225 3062 item
1254 3011 1318 3081 pro
1346 2993 1495 3063 statione
1523 2993 1615 3082 regis
1643 3015 1704 3067 sex

153 3136 294 3206 grossos
321 3113 364 3184 de
390 3133 527 3201 manso,
564 3113 647 3183 item
683 3112 925 3201 prestatione
961 3112 1054 3201 regis
1081 3118 1152 3183 tres
1188 3113 1312 3183 clroros
1340 3133 1487 3204 avenae,
1523 3113 1606 3184 item
1641 3136 1706 3205 pro

153 3257 212 3332 sep
246 3234 355 3307 tritici
397 3240 471 3305 tres
508 3234 631 3304 choros
669 3233 794 3321 tritici,
830 3233 914 3303 item
951 3254 1014 3322 pro
1049 3254 1107 3327 sep
1136 3234 1271 3305 aveuali
1303 3240 1376 3305 tros
1413 3236 1537 3306 choros
1567 3256 1705 3326 avenae,

152 3357 239 3439 item
265 3356 332 3428 duo
359 3356 444 3446 pulli
472 3355 515 3426 de
541 3375 661 3424 manso
687 3353 724 3425 in
741 3352 830 3424 festo
857 3353 1114 3443 Assumptionis
1142 3361 1177 3424 et
1200 3353 1267 3424 duo
1295 3356 1388 3425 casei
1415 3361 1451 3425 et
1478 3356 1604 3446 viginti
1630 3377 1705 3446 ova,

153 3478 322 3551 terminus
348 3477 517 3563 Paselrae;
544 3476 629 3547 item
654 3475 895 3545 tabernatores
922 3475 1060 3545 solvunt
1087 3475 1201 3545 omnia
1229 3496 1351 3564 onera,
1380 3474 1470 3546 sicut
1496 3477 1706 3567 cmethones‚

153 3601 238 3671 item
264 3599 463 3670 cmetlrones
490 3598 621 3668 habent
646 3596 682 3666 in
701 3596 820 3667 eadem
847 3595 931 3666 villa
956 3595 1137 3686 mollitieia,
1165 3594 1351 3685 dequibus
1379 3597 1518 3669 solvunt
1544 3592 1705 3688 episcope

153 3720 380 3793 Lubuozensi.

256 3840 445 3930 Mnuvnn,
472 3839 572 3930 villa,
607 3838 739 3910 habens
767 3840 802 3909 in
831 3859 868 3910 sc
895 3837 1074 3910 ecclesiam
1110 3837 1344 3929 parochialem
1376 3844 1565 3928 muratam,
1601 3860 1704 3930 quam

152 3962 331 4036 lohannes
365 3961 673 4033 Bronikowsk
683 3983 706 4051 y
750 3961 792 4031 de
829 3960 1131 4050 Bodzanczyn
1171 3960 1367 4032 tenutarius
1402 3958 1704 4051 Oppathoviensis

153 4085 321 4176 plebanus
349 4083 437 4174 eius,
464 4082 649 4173 plurimum
668 4081 765 4153 auxit
784 4089 820 4153 et
838 4082 1048 4152 instauravit
1066 4101 1163 4153 muro
1183 4088 1218 4152 et
1236 4081 1394 4172 pluribus
1413 4082 1640 4172 necessariis;
1668 4083 1705 4153 in

153 4206 224 4277 ista
248 4205 332 4277 villa
350 4205 457 4275 habet
483 4205 665 4294 episcopus
692 4224 796 4273 unam
824 4210 973 4291 sortem,
1000 4202 1176 4274 residuum
1203 4208 1258 4274 est
1275 4204 1414 4293 plebani
1442 4203 1484 4274 de
1510 4203 1706 4294 Manyna

152 4346 231 4399 cnm
256 4326 366 4398 laneis
394 4380 507 4395 .....
533 4326 623 4396 Item
658 4325 719 4395 illa
746 4345 823 4395 sors
859 4324 963 4395 solvit
999 4324 1035 4393 in
1062 4344 1152 4395 anno
1189 4324 1351 4415 episcopo
1387 4324 1605 4396 Lubuozensi
1631 4331 1705 4397 tres

152 4464 288 4519 mmcas
315 4450 351 4516 et
368 4445 456 4516 nihil
481 4445 639 4534 laborat;
666 4444 750 4515 item
777 4464 846 4516 non
874 4449 928 4515 est
954 4443 1135 4532 praedium
1163 4443 1375 4534 episcopale,
1402 4464 1513 4533 neque
1540 4443 1706 4515 molendi-

152 4588 254 4655 num;
289 4566 373 4637 item
408 4565 453 4637 ad
479 4566 660 4637 ecclesiam
696 4565 733 4635 in
759 4564 958 4656 Manyna
985 4564 1165 4654 episcopus
1202 4563 1437 4636 Lubuozensis
1469 4564 1575 4635 habet
1606 4584 1706 4657 prae·

152 4694 291 4791 sentare
326 4688 488 4778 episeopo
524 4687 762 4777 Cracovieusi,
799 4707 887 4778 quae
922 4686 1066 4757 ecclesia
1093 4691 1147 4756 cst
1173 4686 1282 4775 bona,
1315 4690 1351 4756 et
1377 4686 1559 4777 episcopus
1584 4686 1704 4759 Lubu-

152 4809 284 4881 ozensis
320 4817 375 4880 est
409 4810 530 4882 unicus
566 4810 640 4881 eins
676 4814 852 4899 patronus.
891 4809 981 4879 Item
1016 4808 1184 4879 decimam
1218 4807 1469 4897 manipularem
1505 4807 1705 4879 emethones

151 4931 255 5003 villae
291 4929 466 5021 praelatae
498 4930 637 5002 solvunt
671 4952 740 5001 una
776 4951 852 5001 cum
880 4929 1037 5019 canapali
1071 4929 1235 5000 ecelesiae
1270 4928 1307 4998 in
1333 4927 1532 5019 Manyna
1567 4934 1604 4999 et
1631 4929 1704 4999 eius

105 5116 109 5121 .
152 5051 318 5143 plebano,
345 5057 416 5122 tam
435 5052 656 5143 episcopales,
684 5073 786 5143 quam
804 5052 1013 5143 plebanaleS,
1040 5057 1077 5122 et
1094 5051 1191 5123 valor
1210 5051 1283 5123 eius
1310 5049 1514 5121 aestimatur
1541 5049 1586 5121 ad
1605 5050 1704 5141 quin·

153 5172 264 5245 decim
290 5192 435 5244 marcas.

256 5293 571 5377 Srnvezovvvean‚
608 5293 691 5364 villa
721 5294 785 5365 sub
812 5295 979 5385 parochia
1005 5294 1169 5366 ecclesiae
1197 5293 1239 5365 de
1266 5292 1466 5386 Manyna
1493 5291 1579 5381 sita,
1607 5290 1703 5361 cuius

152 5414 348 5506 proprietas
385 5419 422 5488 et
448 5414 637 5491 dominium
673 5415 717 5492 ad
744 5416 943 5511 episcopum
969 5415 1229 5491 Lubuozensem
1255 5414 1427 5510 pertinet3
1463 5412 1499 5485 in
1525 5413 1595 5486 ista
1620 5410 1705 5486 villa
