4050 6054
1663 491 1735 560 549

295 691 380 760 Item
411 689 599 760 decanatus
626 690 803 780 praelatus
824 692 932 762 habet
959 690 1095 761 domum
1114 698 1150 763 et
1168 712 1284 762 aream
1311 694 1435 763 honam
1453 694 1489 764 in
1507 693 1634 782 oppido
1653 695 1735 766 San-

192 810 350 882 deczensi
378 830 454 880 cunr
481 811 635 901 pomerio
654 818 690 882 et
709 812 814 901 curia,
840 811 967 901 partim
985 833 1093 901 muro,
1119 813 1246 902 partim
1273 813 1378 902 lignis
1396 813 1619 903 aedificatam,
1648 836 1735 905 quae

192 930 275 1000 olim
312 935 390 1000 erat
424 931 539 1020 portio
575 931 743 1021 praetorii
778 920 1022 1002 Sandeczensis
1058 933 1094 1001 in
1120 934 1325 1004 coemeterio
1361 933 1537 1023 praefatae
1573 934 1736 1006 ecclcsiae

192 1051 365 1138 66161666,
401 1070 503 1139 quam
529 1050 705 1141 praefatus
741 1051 971 1142 Sbigneus
1007 1051 1192 1123 cardinalis
1220 1059 1257 1125 et
1282 1054 1463 1144 episcopus
1500 1053 1738 1127 Gracouiensis

193 1191 215 1241 a
241 1171 422 1241 consulatu
448 1176 484 1241 ct
510 1171 651 1242 civitate
677 1171 885 1243 Sandecensi
912 1193 1041 1260 emens,
1069 1172 1234 1243 maiorem
1261 1179 1396 1263 partem
1424 1175 1497 1244 6166
1524 1175 1560 1244 16
1587 1195 1736 1246 commu-

193 1291 337 1361 nitatem
364 1290 570 1361 vicariorum
597 1291 763 1362 ecclesiae
790 1291 1035 1362 Sandeozcnsis
1061 1297 1097 1362 61
1123 1293 1402 1382 principaliorem
1430 1294 1592 1384 contulit,
1628 1295 1738 1365 mino·

192 1430 264 1485 rem
291 1429 374 1481 uero
402 1410 583 1483 decanatui
610 1410 838 1482 Sandeczensi
864 1417 1033 1502 perpetuo
1060 1410 1211 1483 donavit.

296 1530 385 1601 Item
411 1531 600 1604 decanatus
626 1531 802 1623 praelatus
829 1536 969 1603 1666166
996 1536 1049 1603 661
1076 1531 1119 1603 ad
1139 1585 1307 1603 .......
1341 1628 1343 1632 ⁴

517 1800 522 1809 ’
599 1790 978 1874 Archidiaconatus
1010 1793 1335 1876 Saudeczensis.

295 2013 541 2086 Sandeczensis
577 2013 877 2084 archidiaconatus
913 2019 1049 2084 creatus
1077 2020 1113 2084 61
1140 2013 1280 2086 1616166
1307 2019 1362 2086 661
1393 2015 1435 2085 (16
1461 2015 1606 2086 66616616
1632 2035 1738 2105 paro-

193 2133 298 2205 chiali
334 2133 376 2204 dc
403 2132 694 2223 Podgrodzo‚
731 2138 767 2203 61
792 2153 855 2221 666
892 2133 965 2203 6166
1002 2133 1228 2204 subsistentia
1255 2138 1290 2203 et
1316 2133 1542 2223 amplitudine
1579 2134 1738 2225 praelata

193 2254 339 2325 ecclesia
357 2253 390 2324 S.
408 2252 591 2324 Adalbcrti
618 2254 654 2323 in
681 2251 953 2342 Podgrodze
981 2251 1091 2322 eidem
1118 2253 1412 2325 archidiaconatui
1435 2273 1570 2325 annexa
1588 2260 1624 2324 et
1641 2255 1740 2325 unita

196 2379 258 2446 est.
284 2374 387 2446 Hunc
413 2394 548 2464 quoquc
575 2373 891 2445 archidiaconatum
926 2379 1024 2444 16661
1049 2373 1342 2445 nunoJohannes
1378 2374 1420 2446 (16
1448 2374 1739 2464 Bothurzyn,

193 2495 319 2567 nobilis
346 2494 388 2566 dc
416 2494 517 2567 domo
545 2493 782 2584 Gzewuya,
819 2494 916 2564 cuius
952 2493 1088 2584 quidem
1124 2495 1424 2565 archidiaconatus
1451 2499 1486 2566 61
1512 2495 1676 2566 ecclesiae
1703 2495 1739 2565 in

193 2616 467 2706 Podgrodze
494 2613 705 2705 infrascripti
732 2614 905 2690 habentur
931 2620 1130 2705 proventus.

297 2737 479 2825 Bracaros,
507 2735 591 2806 villa
617 2735 681 2806 sub
708 2735 874 2824 parochia
900 2735 942 2805 de
970 2733 1241 2825 Podgrodze
1271 2735 1359 2821 sita,
1388 2735 1484 2806 cuius
1510 2735 1633 2805 haeres
1660 2732 1739 2826 Gy-

142 2890 146 2897 ·
195 2855 338 2927 cthka
364 2856 407 2926 dc
434 2855 647 2944 Bobovda,
682 2855 808 2926 nobilis
836 2854 879 2926 de
906 2854 1007 2927 domo
1034 2852 1347 2946 Gryphonum,
1382 2855 1418 2924 in
1445 2875 1513 2945 qua
1540 2850 1739 2926 666116661

196 2976 437 3065 cmethonales,
465 2976 507 3046 (16
535 2976 658 3066 quibus
685 2975 830 3047 solvitur
857 2975 990 3047 decima
1016 2975 1241 3065 manipularis
1273 2980 1310 3047 61
1335 2996 1399 3065 per
1426 2980 1575 3066 quatuor
1600 2975 1739 3065 ierugas

58 3095 64 3107 “
196 3096 370 3186 canapalis
397 3095 693 3167 archidiaconatui
720 3095 947 3167 Sandeozensi
966 3102 1002 3168 et
1020 3094 1157 3166 ducitur
1183 3117 1246 3186 per
1268 3097 1466 3167 cmethones
1493 3095 1644 3186 propriis
1662 3116 1739 3167 cur-

194 3218 290 3289 ribus
317 3218 352 3288 16
380 3217 543 3288 horreum
575 3216 618 3287 ab
646 3214 889 3287 archidiacono
925 3215 1125 3305 locandum,
1152 3221 1189 3286 et
1214 3216 1418 3288 aestimatur
1453 3215 1551 3287 valor
1586 3215 1661 3286 6166
1695 3214 1740 3285 ad

194 3337 319 3427 viginti
344 3357 487 3407 marcas.
514 3335 603 3406 Item
629 3335 858 3426 hortulanus,
884 3336 968 3406 item
994 3336 1168 3424 tabernae,
1194 3335 1278 3407 item
1303 3335 1481 3426 praedium
1509 3340 1563 3406 est
1587 3335 1636 3406 ibi
1663 3335 1740 3405 661-

196 3478 282 3547 cum,
309 3457 352 3529 (16
379 3456 475 3528 66166
502 3455 596 3546 agris
615 3507 783 3527 .......

232 3657 234 3661 ‚
296 3577 413 3666 Roou,
439 3574 523 3647 villa
549 3576 612 3647 sub
639 3575 804 3666 parochia
831 3576 996 3647 ecelesiae
1023 3576 1066 3646 de
1092 3574 1366 3665 Podgrodze
1393 3574 1471 3663 sita,
1498 3576 1596 3646 cuius
1614 3575 1740 3647 haeres

193 3695 690 3784 lohannesKandzorha,
719 3696 844 3766 nobilis
872 3695 915 3767 (16
941 3695 1047 3766 armis
1067 3748 1235 3784 .......
1262 3695 1297 3764 16
1325 3714 1393 3784 qua
1421 3699 1502 3764 sunt
1528 3694 1619 3764 lanei
1647 3715 1736 3765 cme-

195 3817 364 3907 11666166,
391 3816 433 3887 (16
461 3816 585 3905 quibus
612 3816 758 3887 solvitur
784 3815 918 3887 decima
944 3814 1170 3905 manipularis
1198 3821 1235 3886 et
1260 3774 1324 3905 ffir
1351 3819 1499 3903 quatuor
1525 3814 1664 3904 icrugas
1684 3836 1740 3885 ca-

135 3994 137 3998 ,
195 3938 329 4029 napulis
357 3936 652 4008 archidiaconatui
680 3935 919 4026 Sandeczensi,
946 3942 983 4007 61
1009 3934 1139 4007 166661
1166 3956 1241 4006 earn
1260 3934 1460 4006 cmethones
1486 3935 1637 4025 propriis
1664 3956 1741 4006 cur-

56 4130 59 4135 .
169 4059 292 4130 'ribus
327 4058 363 4128 in
389 4058 552 4129 horreum
581 4059 624 4128 ab
652 4055 894 4127 archidiacono
930 4056 1129 4145 locandum,
1165 4061 1202 4128 et
1228 4056 1433 4127 aestimatur
1468 4055 1566 4126 valor
1593 4055 1668 4126 6166
1696 4055 1740 4126 61

196 4200 257 4250 sen
284 4198 428 4249 marcas,
454 4177 541 4248 Item
568 4177 744 4266 tabernae,
772 4176 855 4247 item
881 4175 1109 4266 hortulaniae,
1136 4176 1219 4247 item
1242 4175 1421 4266 praedium
1448 4175 1577 4246 661111
1604 4175 1741 4246 unicum

116 4323 123 4329 ·
196 4299 365 4389 militare·
383 4297 426 4369 (16
453 4297 550 4369 cuius
578 4297 672 4388 agris
699 4295 847 4368 solvitur
873 4295 1007 4367 decima
1037 4295 1261 4387 manipularis
1288 4294 1586 4367 archidiaconatui
1612 4294 1742 4367 Sanda-

196 4419 319 4490 czensi.

300 4537 641 4626 Nossnczowuczn‚
676 4535 761 4608 villa
791 4536 855 4608 661
881 4536 1049 4628 parochia
1083 4535 1248 4607 ecclesiae
1284 4534 1326 4606 (16
1354 4533 1626 4625 Podgrodze
1663 4534 1741 4625 sita,

70 4662 73 4668 ’
196 4660 294 4731 66166
320 4658 444 4729 haeres
467 4656 592 4729 Petrus
619 4657 906 4746 Franczuch‚
933 4657 1059 4729 nobilis
1078 4657 1120 4728 de
1139 4657 1245 4728 armis
1272 4654 1493 4746 Prusszy‚
1519 4655 1556 4726 in
1575 4675 1643 4745 qua
1660 4661 1741 4726 sunt

77 4783 87 4799 ’
196 4830 364 4850 .......
390 4777 482 4848 lanei
509 4777 760 4868 cmethonales,
797 4777 840 4850 de
868 4778 991 4869 quibus
1018 4779 1165 4851 solvitur
1200 4776 1334 4849 decima
1360 4775 1585 4865 manipularis
1617 4782 1653 4847 et
1679 4796 1742 4866 per
1803 4862 1808 4875 1

197 4900 346 4990 quatuor
372 4898 511 4987 ierugas
537 4898 713 4988 canapalis
740 4897 1035 4969 archidiaconatui
1061 4897 1303 4987 Sandeczensi,
1331 4900 1368 4967 61
1394 4895 1527 4966 (166661
1549 4915 1626 4966 eam
1653 4916 1743 4968 cme-

196 5020 321 5091 thones
347 5017 497 5109 propriis
525 5018 683 5090 curribus
710 5019 746 5088 in
771 5019 933 5089 horreum
960 5021 1003 5090 ab
1031 5018 1272 5090 archidiacono
1298 5015 1490 5105 locandum,
1517 5021 1554 5086 et
1580 5015 1740 5087 aestima·

197 5145 256 5211 tur
281 5140 379 5247 valor
414 5139 488 5210 6166
516 5139 560 5209 61
588 5145 735 5229 quatuor
762 5159 914 5228 marcas,
950 5138 1135 5230 aliquando
1166 5137 1210 5208 ad
1238 5138 1389 5228 quinque
1424 5141 1486 5208 aut
1512 5155 1573 5207 sex
1599 5156 1742 5209 marcas.

195 5259 284 5332 Item
311 5259 486 5349 tabernae,
513 5259 595 5329 item
621 5236 848 5350 hortulaniae‚
875 5261 959 5332 item
985 5258 1246 5359 praediumsest
1272 5257 1322 5328 111
1348 5257 1484 5328 unicum
1510 5256 1671 5347 militare,
1696 5257 1740 5329 de

197 5381 293 5460 cuins
312 5381 414 5481 agris
441 5380 589 5461 solvitur
615 5379 747 5455 decima
772 5380 998 5481 manipularis
1025 5377 1325 5460 archidiaconatui
1351 5376 1588 5459 Sandecconsi,
