4050 6054
1730 474 1779 548 29

228 703 292 774 pro
318 681 467 774 plebano
494 682 529 754 iu
547 680 963 755 Wroczimoviczc:
1010 680 1193 773 Aliquibus
1221 686 1336 752 autem
1364 681 1463 752 annis
1486 676 1688 772 praebenda
1714 681 1781 774 Zy·

228 805 367 876 ravska
401 805 549 894 percipit
584 811 720 894 partem
756 804 992 893 aestivalium,
1028 802 1213 894 aliquando
1248 802 1476 894 hyemalium,
1511 808 1548 874 et
1571 804 1780 877 aestimatur

112 970 115 976 -
229 925 328 996 valor
354 924 516 1015 decimae,
543 931 710 1015 quantum
727 924 772 995 ad
789 925 1022 1015 praehendam
1039 922 1245 1015 Zyravska,
1271 922 1316 994 ad
1332 929 1407 995 tres
1433 943 1575 995 marcas.

333 1045 421 1117 Item
439 1046 547 1117 hahet
573 1045 772 1135 praebenda
798 1045 957 1134 praelata
974 1051 1133 1136 quartam
1160 1044 1409 1135 manipularem
1436 1044 1604 1116 decimam
1630 1047 1666 1118 in
1684 1046 1781 1139 Pye·
1859 1095 1867 1117 .

229 1187 473 1258 czenyagy,
500 1166 596 1238 cuius
615 1168 739 1238 haeres
759 1167 1000 1238 serenissimus
1017 1165 1182 1238 Poloniae
1199 1185 1273 1256 rex,
1291 1166 1355 1237 suh
1374 1166 1540 1254 parochia
1554 1167 1721 1258 ecclesiae
1740 1167 1783 1239 de

130 1275 133 1280 ’
228 1286 633 1394 Wroczimowicze
662 1288 739 1358 sita.
787 1287 828 1357 In
856 1308 924 1378 qua
951 1294 1033 1359 sunt
1067 1293 1146 1360 octo
1180 1287 1272 1359 lanei
1307 1288 1558 1380 emethouales,
1594 1292 1677 1361 item
1713 1310 1784 1361 uua

229 1409 377 1480 taberna
393 1409 524 1480 habens
543 1428 646 1499 agros
665 1409 841 1499 speciales,
860 1409 904 1480 de
923 1410 1047 1500 quihus
1066 1410 1225 1482 omnibus
1244 1409 1390 1482 solvitur
1408 1408 1541 1482 decima
1558 1411 1782 1502 manipularis
1859 1430 1892 1503 ἢ,

228 1530 446 1621 praebendae
472 1529 669 1620 praelatae,
705 1536 742 1601 et
768 1551 831 1620 per
858 1531 988 1602 incolas
1023 1531 1176 1622 propriis
1203 1532 1363 1603 curribus
1389 1530 1529 1603 ducitur
1555 1523 1591 1603 in
1617 1532 1781 1605 horreum

230 1672 252 1723 a
269 1652 433 1723 canonico
453 1651 668 1741 eligendum3
696 1656 732 1721 et
750 1650 890 1738 solvunt
908 1651 1075 1723 decimam
1103 1652 1225 1743 canapi
1252 1652 1295 1724 de
1322 1652 1422 1725 laneo
1440 1673 1503 1744 per
1522 1659 1672 1746 quatuor
1688 1654 1781 1726 ieru-

225 1763 312 1863 gns,
340 1778 376 1844 et
394 1773 599 1844 aestimatur
625 1772 722 1844 ralor
741 1772 894 1844 decimae
912 1772 1091 1865 praelatae
1119 1772 1163 1844 ad
1182 1772 1360 1846 duodecim
1387 1794 1531 1845 marcas.
1564 1774 1653 1846 Item
1680 1776 1783 1847 etiam

228 1898 310 1964 suut
335 1893 370 1964 in
388 1893 471 1964 villa
489 1891 647 1983 praefata
666 1898 814 1983 quatuor
831 1893 1066 1984 hortulaniae‚
1094 1894 1281 1985 dequibus
1300 1915 1364 1985 pro
1382 1895 1560 1984 praesenti
1583 1894 1783 1986 praebenda

229 2014 429 2087 decimatur.
469 2015 558 2085 Item
577 2020 631 2085 est
649 2014 744 2085 curia
770 2015 868 2105 regIa
895 2022 931 2085 et
947 2015 1126 2105 praedium
1154 2011 1315 2106 speciale
1330 2016 1479 2106 regium3
1507 2015 1550 2088 de
1570 2017 1668 2088 cuius
1687 2017 1806 2108 agria,

119 2189 122 2195 -
230 2135 363 2208 decima
398 2135 622 2225 manipularis
650 2135 798 2208 solvitur
834 2142 871 2207 et
896 2135 1055 2208 redditur
1082 2137 1355 2229 vicepraeposito
1383 2137 1548 2209 ecclesiae
1576 2138 1780 2228 collegiatae

232 2256 350 2329 Sancti
376 2257 532 2328 Floriani
559 2245 595 2328 in
623 2255 829 2348 Gleparz.

331 2379 421 2451 Item
448 2378 646 2469 praebenda
677 2377 835 2470 praefata
859 2379 967 2451 hahet
993 2378 1160 2450 decimam
1187 2379 1436 2470 manipularem
1463 2379 1617 2470 quintam
1644 2381 1681 2452 in
1708 2379 1782 2452 Sn-

232 2498 502 2591 chodolyek,
529 2501 592 2571 sub
611 2500 776 2590 parochia
794 2499 960 2572 ecclesiae
978 2500 1021 2572 de
1040 2499 1417 2573 Wrocimowicze
1435 2502 1520 2591 sita,
1540 2502 1638 2573 cuius
1658 2502 1780 2573 haeres

222 2618 404 2699 ,Govorelr
421 2620 715 2692 Suchodolsk
724 2644 756 2711 y,
783 2620 908 2693 nobilis
936 2620 1099 2692 dedomo
1125 2620 1277 2718 Rarva.¹
1312 2621 1352 2693 lu
1372 2642 1440 2715 qua
1466 2629 1548 2694 suut
1573 2622 1666 2694 lan'ei
1692 2642 1783 2695 enre-

233 2741 413 2833 tbonales,
439 2741 523 2814 item
549 2742 697 2814 taberna
717 2742 855 2813 babens
882 2762 985 2833 agros
1013 2741 1198 2833 speciales,
1228 2742 1272 2813 de
1299 2742 1424 2834 quibus
1451 2744 1610 2816 omnibus
1637 2744 1785 2815 solvitur

231 2862 365 2934 decima
390 2862 631 2954 manipularis3
657 2862 719 2935 sed
737 2865 914 2954 perceptio
932 2863 1007 2934 eius
1024 2862 1278 2936 diversificatur
1296 2864 1333 2936 in
1350 2865 1438 2936 duas
1456 2863 1671 2956 praehendas
1698 2863 1783 2937 Gra·

190 3064 194 3073 x
228 2984 424 3073 comenses,
470 2984 634 3057 videlicet
652 2966 704 3055 'in
743 2990 961 3074 praesentem
997 2984 1230 3075 praebendam
1265 2984 1543 3077 Byezanowska‚
1590 3005 1679 3076 quae
1713 2966 1782 3056 uno

232 3126 323 3176 anno
350 3105 498 3196 percipit
524 3112 658 3196 partem
686 3105 852 3178 maiorem
878 3105 1088 3197 hyemalium
1115 3111 1177 3178 aut
1193 3106 1418 3198 aestivalium,
1446 3114 1482 3178 et
1499 3107 1535 3177 in
1554 3107 1666 3180 altero
1693 3126 1783 3179 anno

144 3260 151 3268 -
230 3232 367 3316 partem
385 3227 570 3317 minorem,
588 3231 651 3329 aut
668 3226 884 3299 aestivalium
903 3233 965 3297 ant
982 3226 1200 3319 hyemalium,
1218 3232 1255 3299 et
1272 3228 1308 3298 iu
1326 3228 1559 3318 praehendam
1578 3226 1785 3300 Gracovien-

103 3427 105 3430 y
230 3368 303 3419 sem
331 3346 537 3439 Zyravvslra,
570 3347 624 3419 cui
651 3348 856 3439 parimodo
883 3348 976 3419 cedit
1002 3353 1063 3420 aut
1089 3350 1214 3439 maior,
1240 3355 1302 3421 aut
1327 3350 1441 3422 minor
1466 3370 1549 3440 pars
1574 3350 1782 3441 hyemalium

230 3475 268 3540 et
294 3469 528 3559 aestivalium,
555 3490 618 3558 per
636 3470 802 3541 alteratas
821 3469 932 3560 vices,
965 3454 1002 3540 et
1026 3471 1203 3560 perceptio
1231 3469 1385 3541 decimae
1411 3471 1534 3561 canapi
1559 3473 1713 3562 pertinet
1739 3468 1783 3542 ad
1879 3520 1883 3528 ι

231 3610 310 3661 euru
328 3590 547 3679 canonicum,
575 3590 633 3680 qui
651 3591 816 3661 maiorem
835 3596 970 3682 partem
997 3591 1146 3680 percipit
1169 3590 1391 3680 hyemalium3
1418 3596 1583 3663 tenentur
1599 3613 1677 3663 earn
1695 3611 1785 3662 ome-

135 3769 141 3775 .
231 3711 356 3784 thones
373 3711 525 3803 propriis
544 3712 702 3782 curribus
720 3712 847 3783 ducere
875 3712 910 3781 in
929 3712 1091 3783 horreum
1110 3732 1173 3802 pro
1193 3711 1347 3802 quolibet
1364 3713 1547 3802 canonico,
1565 3719 1601 3783 et
1618 3711 1784 3783 decimam

117 3916 125 3928 Ι,
229 3833 354 3931 canapi
373 3832 513 3904 solvunt
531 3851 593 3922 per
612 3839 762 3922 quatuor
778 3834 931 3922 ierugas,
950 3838 986 3904 et
999 3833 1098 3903 valor
1116 3832 1191 3903 eius
1208 3819 1422 3922 aestimatur,
1442 3839 1609 3923 quantum
1627 3831 1672 3912 ad
1684 3851 1784 3922 prae·

233 3953 379 4025 bendam
398 3954 674 4051 Byezanowska,
702 3954 746 4025 ad
765 3960 837 4025 tres
855 3975 999 4025 marcas.
1039 3954 1105 4025 Est
1123 3954 1229 4025 etiarn
1248 3954 1296 4024 ibi
1315 3954 1412 4024 curia
1437 3960 1474 4026 et
1491 3954 1673 4046 praedium
1694 3953 1785 4025 mili-

233 4082 311 4147 tare
328 4077 459 4147 habens
478 4097 598 4166 agros,
627 4075 669 4146 de
689 4076 812 4166 quibus
830 4075 964 4147 decima
980 4075 1206 4165 manipularis
1233 4075 1381 4147 solvitur
1398 4075 1546 4167 plebano
1565 4082 1601 4149 et
1616 4075 1783 4148 ecclcsiae

234 4196 269 4267 in
297 4195 681 4268 Wrocimowicne.
993 4185 998 4200 ”

337 4319 425 4390 Item
443 4318 643 4410 praebenda
661 4318 819 4408 praelata
835 4318 941 4390 babet
956 4316 1122 4390 decimam
1141 4317 1392 4410 manipularem
1410 4324 1543 4392 sextam
1562 4312 1597 4392 in
1616 4318 1786 4410 Belzou,

159 4444 168 4458 “
234 4439 318 4512 villa
335 4441 400 4513 sub
413 4440 580 4530 parocbia
598 4440 762 4540 ecclesIae
781 4439 823 4512 de
842 4440 1165 4532 Scarbimiria,
1184 4443 1282 4514 cuius
1299 4443 1423 4515 haeres
1441 4441 1635 4515 Stanislaus
1653 4432 1785 4530 liotb,

233 4539 359 4632 nobilis
385 4561 552 4633 dedomo
579 4561 771 4652 Pylawa.
811 4561 852 4632 In
879 4583 950 4652 qua
976 4568 1057 4639 sunt
1082 4562 1150 4634 duo
1177 4584 1254 4636 cum
1280 4563 1393 4636 medio
1421 4563 1513 4634 lanei
1541 4561 1782 4651 cmethonales,

142 4724 147 4732 κ
234 4681 420 4772 dequibus
447 4683 593 4754 solvitur
621 4682 753 4754 decima
781 4683 1021 4773 manipularis3
1049 4683 1109 4754 sed
1128 4684 1305 4774 perceptio
1329 4684 1505 4775 praelatae
1524 4683 1676 4754 decimae
1695 4703 1784 4752 anno

235 4803 391 4893 quolibet
417 4803 672 4875 diversificatur
700 4804 840 4874 induas
867 4804 1083 4894 praebendas
1103 4805 1362 4895 cracoviensem
1390 4804 1551 4875 videlicet
1568 4804 1603 4873 in
1622 4822 1785 4891 praescn-

233 4930 304 4995 tern
329 4925 562 5014 praebendam
596 4925 856 5028 Byezanovrska
891 4932 928 4997 et
954 4919 1002 4996 in'
1026 4927 1258 5016 praebendam
1286 4925 1502 5013 Gonovska,
1539 4929 1577 4993 et
1602 4923 1785 4996 alternatis

232 5045 366 5118 vicibus
402 5054 507 5138 atque
542 5048 659 5138 annis,
704 5046 902 5137 praedictae
938 5046 1026 5118 duae
1070 5047 1288 5136 praebendae
1323 5045 1431 5115 illam·
1453 5044 1669 5135 percipinut;
1715 5066 1784 5115 rino

234 5166 362 5237 etenim
390 5188 481 5239 anno
507 5169 656 5258 percipit
681 5168 776 5238 illam
803 5168 937 5257 integre
963 5167 1163 5256 praehenda
1188 5164 1466 5257 Byezanovvslra,
1491 5171 1529 5236 et
1547 5165 1657 5237 altero
1685 5186 1786 5256 prac-

236 5287 351 5358 beuda
385 5286 598 5378 Gonowska,
644 5295 681 5358 et
714 5295 877 5359 tenentur
912 5289 1005 5358 illam
1041 5288 1239 5358 emethones
1277 5284 1403 5356 ducere
1438 5286 1475 5357 in
1506 5286 1687 5377 horreum,
1723 5308 1786 5376 per

235 5411 438 5483 canonicum
474 5410 641 5482 decimam
676 5410 922 5499 percipientem
950 5408 1163 5499 eligendum,
1197 5407 1348 5497 propriis
1376 5408 1554 5508 curribus,
1585 5414 1621 5480 et
1647 5408 1786 5480 solvunt
