4050 6054
298 450 346 523 98

296 660 405 732 bonos
423 663 459 731 et
476 657 608 751 amplos
626 677 729 749 agros
747 655 811 730 sub
829 677 876 749 sc,
903 674 946 731 cx
965 653 1060 749 agris
1078 652 1314 749 praedialibus
1333 655 1371 763 eix
1384 650 1574 746 adiunctos,
1595 659 1631 726 ct
1648 647 1849 746 frequenter

296 780 332 850 iu
359 799 402 850 ea
426 779 560 849 locatur
586 780 732 868 cmetho,
760 779 897 851 soluens
923 778 1073 850 mediam
1100 798 1251 850 marcam
1279 783 1315 848 et
1333 777 1403 848 alia
1428 777 1506 847 iura
1532 775 1577 846 ad
1603 776 1769 866 placitum
1795 796 1850 847 re

296 899 411 970 ctoria.
438 898 607 970 Gaetcrae
633 898 853 970 hortulaniae
879 899 1021 970 solvunt
1045 919 1149 969 uuam
1176 918 1326 970 marcam
1345 919 1422 969 cum
1441 897 1593 986 dimidia,
1620 903 1657 967 et
1672 896 1850 993 quaelibet

295 1019 435 1091 laborat
461 1041 564 1090 unam
583 1019 674 1091 diem
701 1020 737 1090 in
765 1021 968 1110 septimana,
996 1020 1142 1110 quilibet
1167 1020 1271 1090 etiam
1298 1019 1436 1115 cmetho
1463 1018 1506 1088 de
1524 1018 1623 1088 laneo
1650 1017 1849 1095 laboratio

295 1141 489 1230 septimana
506 1140 649 1230 proprio
676 1156 782 1212 curru
809 1146 870 1212 aut
896 1146 1014 1212 aratro
1040 1140 1128 1212 duos
1155 1140 1238 1229 dica,
1265 1140 1460 1229 incipiendo
1478 1160 1500 1210 a
1516 1137 1606 1210 festo
1624 1137 1744 1210 Sancti
1762 1138 1850 1208 Bar-

295 1260 494 1351 tholomaei,
529 1280 640 1350 usque
667 1261 712 1332 ad
738 1260 864 1331 festum
892 1260 1011 1333 Sancti
1037 1260 1207 1333 Jolraunis
1234 1261 1434 1350 Baptistac3
1460 1281 1482 1331 a
1507 1258 1597 1331 festo
1623 1279 1706 1330 uero
1733 1257 1850 1329 Sancti

295 1379 469 1452 Johannis
488 1381 679 1470 Baptistae,
705 1401 815 1471 usque
832 1381 877 1452 ad
893 1379 1020 1453 festum
1039 1380 1156 1455 Sancti
1175 1381 1453 1469 Bartholomaei,
1480 1401 1542 1470 per
1560 1385 1632 1451 tres
1650 1379 1733 1451 dies
1759 1379 1846 1449 item

295 1523 415 1573 omues
434 1503 509 1592 agri
528 1502 637 1573 totins
655 1502 776 1591 villae,
794 1510 865 1572 tam
883 1502 1128 1592 cmetbouales,
1146 1523 1248 1593 quam
1267 1501 1532 1573 hortulanorum
1550 1508 1587 1572 ct
1604 1500 1849 1597 tabernatoris,

295 1622 435 1695 summ
453 1623 619 1694 decimam
638 1612 890 1712 manipularem
900 1622 1093 1694 cuiuslibet
1109 1623 1211 1712 grani
1229 1628 1265 1693 et
1284 1623 1434 1710 seminis,
1453 1643 1516 1693 suo
1535 1621 1674 1693 domiuo
1688 1627 1731 1693 et
1746 1618 1849 1715 ψ

295 1744 382 1831 uico,
410 1750 447 1813 et
473 1743 603 1814 ducunt
629 1763 704 1814 earn
732 1743 883 1834 propriis
919 1744 1078 1815 curribus
1105 1744 1141 1814 in
1151 1744 1332 1815 nonaum
1359 1743 1394 1813 in
1421 1742 1850 1833 Wyanczkowycze,

295 1864 395 1936 cuius
421 1864 520 1934 valor
546 1864 752 1935 aestimatur
779 1864 823 1935 ad
850 1864 967 1936 decem
1003 1884 1147 1935 marcas.
1187 1864 1299 1936 Solvit
1325 1864 1432 1935 etiam
1470 1863 1617 1954 quilibet
1643 1863 1780 1934 cmetbo
1807 1862 1849 1932 de

296 1985 400 2057 laneo
425 2006 540 2089 unum·
558 2005 696 2057 caseum
722 1991 759 2057 ct
784 1984 915 2076 viginti
929 2004 996 2058 ova
1013 1992 1050 2057 et
1067 1985 1156 2058 dnos
1180 1985 1293 2075 gallos
1320 1983 1516 2057 annuatim:
1543 1984 1690 2057 audiunt
1716 1982 1849 2054 incolae

295 2105 399 2193 villae
424 2106 623 2196 praedictae
649 2107 686 2178 in
712 2107 858 2178 eeclesia
891 2106 1082 2196 parochiali
1114 2107 1151 2176 in
1177 2104 1556 2198 Bolecbowycze,
1593 2105 1729 2194 diviua,
1765 2104 1850 2175 daut

295 2214 402 2299 etiam
428 2227 628 2299 cmetboneo
654 2227 822 2299 decimam
849 2227 971 2317 canapi
998 2247 1061 2317 per
1088 2232 1238 2319 quatuor
1264 2228 1444 2299 iuncturas
1470 2225 1514 2298 dc
1540 2246 1672 2316 canapo
1699 2232 1849 2316 puroet
1897 2259 1903 2271 ·

295 2347 441 2421 etculto.

399 2468 488 2540 Item
506 2469 704 2559 praebentia
726 2469 906 2559 praedicta
931 2469 1040 2542 habet
1064 2469 1223 2541 undecim
1249 2468 1399 2541 decimas
1426 2468 1677 2559 manipularem
1704 2489 1726 2558 p
1748 2467 1757 2484 ‘
1807 2454 1817 2479 '⁸

296 2578 340 2661 in'
359 2589 443 2662 uilla
469 2590 611 2680 propria
637 2589 681 2658 W
689 2591 1073 2681 yanczkouycze,
1100 2591 1143 2661 de
1171 2612 1240 2681 qua
1264 2591 1333 2661 iam
1360 2591 1569 2680 explicatum
1596 2594 1659 2661 est.

402 2709 595 2782 Secundam
622 2731 706 2782 vero
730 2711 897 2782 decimam
915 2712 1023 2783 babet
1040 2711 1076 2782 iu
1094 2711 1178 2783 villa
1195 2711 1284 2783 Krz
1293 2711 1403 2803 ysch
1415 2731 1611 2801 owycze,
1639 2710 1683 2781 ad
1701 2708 1849 2782 nobilem

296 2829 447 2903 Felicem
474 2830 759 2903 Tharuowsk
767 2853 791 2922 y
816 2853 907 2903 nunc
925 2833 1141 2922 pertinente,
1167 2833 1203 2902 iu
1227 2828 1392 2922 parochia
1409 2832 1574 2903 ecclesiae
1592 2831 1636 2903 de
1654 2830 1848 2924 Byrkou

296 2953 375 3042 sita,
401 2953 437 3023 in
465 2974 533 3042 qua
560 2959 642 3024 suut
657 2953 929 3043 .quatuordecim
955 2954 1054 3025 lanei
1074 2952 1327 3044 emethuuales,
1354 2955 1521 3025 tabernae
1547 2953 1655 3042 duae,
1683 2952 1850 3025 babentes
1998 3026 2003 3037 ,

298 3093 402 3162 agros
428 3074 606 3163 proprios,
642 3081 679 3144 et
704 3073 796 3146 duae
819 3074 1056 3165 hortulaniae,
1092 3075 1198 3146 etiam
1225 3075 1394 3147 babentes
1421 3096 1524 3164 agros
1551 3074 1731 3166 proprios,
1765 3062 1848 3167 itdflr

259 3284 261 3289 ι
294 3193 529 3264 molendinum
556 3195 688 3266 babens
715 3214 818 3285 agros
844 3196 1017 3287 proprios
1041 3195 1086 3267 de
1112 3196 1237 3286 quibus
1265 3192 1423 3267 omuibus
1449 3195 1556 3266 datur
1581 3193 1716 3267 decima
1741 3193 1849 3297 matri-

299 3314 431 3403 pularis
458 3315 642 3386 cuiuslibet
668 3316 769 3405 grani
796 3323 834 3387 et
851 3317 1006 3407 seminia,
1032 3321 1069 3387 et
1086 3316 1227 3388 docitem
1243 3317 1278 3388 in
1297 3316 1409 3389 locum
1435 3336 1500 3407 per
1525 3315 1728 3387 carmuicum
1745 3314 1851 3404 depu-

300 3435 463 3525 tandum,
490 3434 641 3526 propriis
668 3437 828 3508 curribus
846 3456 910 3527 per
928 3437 1144 3527 curationes,
1171 3457 1339 3508 unacum
1367 3437 1499 3508 decima
1526 3437 1658 3526 canapi,
1685 3442 1722 3506 et
1748 3416 1852 3505 aesti-

146 3636 151 3642 ,
297 3563 414 3627 matur
439 3555 539 3628 valor
565 3556 764 3647 praedictae
791 3556 964 3646 decimae,
999 3563 1142 3647 propter
1178 3557 1382 3629 varietatem
1410 3556 1643 3647 camporum?
1661 3554 1849 3646 aliquando

295 3676 340 3747 ad
367 3678 509 3768 uiginti,
536 3677 722 3767 aliqnando
747 3677 792 3749 ad
819 3676 969 3750 sedecim
1004 3698 1148 3749 marcas.
1182 3676 1250 3749 Est
1275 3679 1381 3749 etiam
1407 3678 1444 3748 iu
1470 3677 1590 3751 eadam
1626 3677 1711 3748 villa
1745 3675 1850 3763 curia,

294 3797 426 3870 lubens
453 3819 557 3888 agros
584 3798 797 3889 praediales,
825 3818 868 3870 ex
896 3794 1022 3888 quibua
1048 3794 1154 3871 datur
1180 3798 1314 3870 decima
1339 3797 1565 3889 manipularis
1591 3819 1655 3888 pro
1683 3774 1850 3889 praeben-

294 3918 395 3991 dario
423 3919 460 3989 in
487 3925 603 3991 castro
631 3919 868 3990 Taruovieusi.

397 4039 486 4110 Item
512 4040 620 4110 habet
636 4041 778 4111 tertiam
797 4039 964 4112 decimam
990 4041 1128 4112 invilla
1154 4039 1488 4132 Radzymycze,
1515 4036 1642 4113 debilis
1669 4036 1851 4112 Michaelis

296 4157 625 4250 Lpaszoczsky
652 4160 823 4232 dedomo
860 4160 1090 4253 Dolanga,
1124 4163 1257 4252 inqua
1282 4162 1432 4234 babetur
1466 4162 1613 4234 ecclesia
1646 4159 1854 4252 parochialis

295 4279 428 4370 lignea,
455 4287 492 4352 et
509 4281 545 4351 iu
564 4301 635 4371 qua
661 4288 742 4352 suut
769 4281 949 4354 duodecim
977 4283 1069 4354 lanei
1087 4283 1337 4373 cmethonaleS,
1365 4284 1517 4355 etduae
1534 4284 1702 4355 tabernae
1719 4282 1850 4353 habeu-

295 4407 350 4472 tes
377 4422 480 4492 agros
507 4400 690 4492 speciales,
725 4410 761 4474 et
789 4403 1331 4491 dnae··lrortulauiae*.hubentcs
1352 4402 1519 4477 similiter
1545 4426 1648 4495 agros
1675 4400 1852 4501 speciales,

295 4521 492 4612 dequibus
521 4524 865 4625 omnibussoluitur
899 4484 1035 4599 «ἤπια
1069 4525 1294 4616 manipularis
1329 4527 1403 4598 sive
1430 4527 1633 4616 campestris
1669 4524 1853 4596 cuiuslibet

294 4643 406 4732 gram,
433 4626 657 4743 pfacbeudae·
686 4645 906 4737 praedictae,
941 4632 1152 4737 duciturque
1172 4666 1236 4737 per
1261 4648 1462 4719 cmethoncs
1488 4647 1524 4718 iu
1551 4648 1733 4736 borreum,
1760 4644 1851 4736 quod

296 4765 480 4835 canonicus
507 4765 843 4857 elegoutpexceptis
869 4767 987 4856 parvis
1013 4769 1212 4859 particulis,
1239 4770 1326 4840 alias
1345 4765 1583 4864 preproycrle‘,
1609 4789 1756 4859 quarum
1784 4787 1853 4836 una

295 4905 378 4975 pars
405 4888 560 4976 pertinet
586 4888 631 4960 ad
659 4868 1366 4982 plebatinm=in÷Wr⁴oczym'owycze,
1391 4890 1505 4962 altera
1530 4890 1575 4962 ad
1602 4889 1768 4961 vicariam
1795 4908 1872 4959 can

294 5005 474 5080 uouicatus
502 5014 538 5080 et
556 5009 777 5099 praebendae
794 5007 1052 5115 Oracouiensisp
1072 5032 1160 5102 quae
1170 5000 1597 5102 ’inuniunt-Teporem}
1624 5010 1729 5082 soluit
1746 5009 1851 5081 etiam

294 5127 415 5199 eadem
441 5130 527 5201 uilla
553 5129 724 5203 decimam
748 5131 885 5222 canapi,
910 5152 1043 5222 canapo
1070 5136 1203 5222 parato,
1226 5120 1279 5203 e't·
1292 5134 1496 5205 aestimatur
1521 5133 1622 5205 valm
1638 5131 1742 5204 buius
1760 5130 1852 5203 deci-

294 5269 371 5347 mae
396 5250 537 5323 bieuuio
563 5250 608 5321 ad
636 5250 869 5359 quindecim·
885 5253 992 5347 tertio
1018 5273 1102 5323 uero
1129 5272 1220 5324 anuo
1247 5252 1292 5325 ad
1319 5252 1500 5347 duodecim
1526 5273 1681 5344 marcas,
1707 5257 1852 5345 propter

294 5369 485 5469 particulas
511 5371 718 5464 Metus.
743 5358 811 5445 liat
827 5370 937 5447 aioni
952 5373 988 5444 iu
1006 5368 1127 5445 eaddru
1146 5373 1358 5467 vila-curra,
1371 5374 1516 5448 babeas
1531 5395 1637 5470 agros
1654 5368 1851 5470 maediulcs
