4050 6054
1650 544 1745 648 ἰι

196 768 421 847 diminutione
449 768 745 842 archidiaconatui
773 768 993 842 Craooviensi
1029 777 1065 841 et
1092 770 1134 841 de
1161 771 1260 843 laneo
1288 771 1435 844 solvitur
1462 773 1597 847 decima
1623 781 1746 871 canapi

102 959 104 963 .
194 910 256 978 per
274 896 424 989 quatuor
441 890 637 977 iuncturae,
667 895 703 960 et
721 895 883 961 tenentur
902 877 995 962 illam
1014 890 1146 962 incolae
1165 891 1315 1003 prqriis
1343 891 1502 993 curribus
1528 893 1565 966 in
1582 895 1746 973 horreum

194 1030 257 1098 per
283 1009 561 1090 archidiaconum
592 1009 788 1099 eligendum
819 1010 980 1082 inducere
1008 1017 1045 1081 et
1072 1011 1276 1085 aestimatur
1302 1011 1400 1083 valor
1427 1013 1502 1084 eius
1529 1014 1573 1084 ad
1601 1015 1710 1105 quind
1730 1056 1746 1072 ·

194 1130 260 1200 cim
286 1149 429 1209 mareas.
474 1128 563 1201 Sunt
588 1129 693 1200 etiam
719 1129 769 1199 ibi
787 1129 1005 1201 bortulauiae
1033 1130 1181 1224 sednon
1208 1130 1337 1203 habent
1365 1152 1482 1222 agros,
1509 1133 1594 1205 item
1620 1141 1676 1207 est
1693 1037 1763 1247 ιδ

193 1250 289 1321 curia
315 1249 524 1322 coenobialis
552 1249 682 1320 habens
710 1269 813 1339 agros
839 1250 1052 1341 praediales,
1089 1249 1131 1320 de
1159 1251 1283 1340 quibus
1310 1251 1397 1323 nulli
1424 1251 1540 1324 reddit
1565 1254 1745 1346 decimam,

194 1369 254 1441 sed
272 1369 518 1454 monasterium
547 1389 630 1459 prae
630 1367 739 1442 fatum
766 1369 860 1442 tollit
886 1390 962 1441 earn
989 1391 1118 1460 prose.
1527 1376 1582 1485 ,ἃ

297 1488 486 1683 Ἧι
512 1488 601 1563 Item
619 1490 725 1560 habet
742 1489 889 1562 alteram
906 1491 1157 1579 manipularem
1176 1491 1369 1563 decimam
1360 1513 1395 1562 m
1414 1490 1442 1560 Ρ
1451 1492 1637 1585 yelrary,
1660 1494 1744 1570 villa

194 1609 350 1699 subur
297 1488 632 1683 ecclesianis
659 1610 702 1681 de
725 1609 1058 1681 Koszozielecz
1085 1612 1162 1698 sita,
1190 1611 1744 1711 cuiushaeresterzbyan·

251 1729 589 1820 aPyekarslcy
616 1728 741 1800 nobilis
769 1730 811 1800 de
839 1730 939 1801 domo
967 1729 1248 1821 Nyeszobya.
1284 1728 1325 1801 In
1352 1737 1529 1821 quaeunt
1556 1732 1743 1806 duolunei
1774 1770 1781 1788 ·

296 1849 419 1938 medio,
440 1848 482 1920 de
502 1849 625 1939 quibus
645 1848 792 1921 solvitur
809 1850 942 1921 decima
959 1850 1185 1939 manipularis
1212 1850 1508 1922 archidiaconatui
1525 1848 1668 1957 Granni
1679 1882 1689 1909 ι
1701 1852 1720 1946 ιζ
1730 1889 1734 1948 ῂ
1757 1844 1782 1915 ἰ

192 1960 349 2055 etdnnrt
351 1990 393 2042 ur
419 1989 482 2059 per
509 1970 707 2040 cmethones
735 1971 885 2059 propriis
917 1970 1121 2041 curribus
1111 1992 1147 2039 ιι
1174 1970 1336 2046 horreum
1372 1990 1436 2059 per
1462 1961 1606 2097 arabit·
1625 1962 1675 2033 ξι
1706 1949 1810 2072 1³14:
1884 1988 1897 2001 ’-

193 2056 388 2178 eligiln'dnm
415 2096 451 2162 et
477 2089 610 2160 decima
637 2091 759 2179 canapi
786 2089 890 2161 solvit
875 2097 934 2161 tur
960 2090 1003 2162 de
1030 2089 1131 2160 laneo
1157 2110 1220 2180 per
1238 2084 1388 2180 quatuor
1415 2070 1594 2165 iuncturas
1619 2086 1678 2166 et?
1770 2114 1775 2123 ·
1865 2152 1868 2157 .

194 2207 354 2284 elimatur
380 2209 479 2283 valor
505 2209 579 2281 eius
606 2207 693 2279 adt
678 2215 751 2280 tres
777 2229 921 2281 mareas.
948 2208 1014 2281 Est
1040 2209 1181 2280 etiam
1172 2231 1208 2278 ιι
1235 2209 1356 2282 eadem
1383 2210 1466 2281 villa
1492 2212 1589 2283 ιιιιι
1614 2184 1715 2284 m'h,
1743 2232 1754 2275 τ
1785 2238 1793 2258 ⁴
1826 2220 1877 2257 ·‘'
2014 2185 2018 2196 ¹

192 2330 241 2400 ιιι
266 2329 398 2409 habeus
425 2349 528 2419 agros
555 2329 759 2418 praediales,
786 2336 868 2400 suut
885 2329 990 2400 etiam
1010 2328 1097 2400 duae
1125 2329 1343 2401 bortulauiae
1371 2331 1538 2406 habentes
1565 2351 1678 2423 agros,
1698 2331 1741 2406 do

72 2533 80 2547 ⁰
192 2450 316 2540 quibm
335 2450 492 2522 omnibus
512 2450 658 2521 solvitur
676 2450 809 2521 decima
826 2449 1053 2538 manipularis
1071 2450 1322 2538 praebendario
1341 2450 1376 2521 in
1399 2449 1462 2524 Ko
1473 2452 1742 2544 sacrielecz,

192 2577 246 2641 est
271 2571 377 2643 etiam
405 2569 453 2641 ibi
480 2569 636 2658 taberna,
664 2569 725 2640 sed
752 2589 821 2641 nou
848 2569 955 2641 babet
981 2589 1094 2659 agros.
1608 2616 1614 2625 -

297 2688 605 2760 lllrsnnwczrczn.
632 2687 720 2760 Item
747 2690 854 2761 habet
871 2689 1012 2761 tertiam
1032 2688 1197 2761 decimam
1216 2689 1465 2779 manipularem
1482 2689 1520 2765 iu
1594 2691 1741 2767 inlau-

193 2828 374 2899 czyuze,
400 2807 484 2879 villa
501 2808 566 2907 snb
582 2808 926 2898 parocbiaeoclesiue
945 2809 987 2880 de
1005 2808 1346 2900 Koszcnelyecz
1374 2810 1450 2900 sita,
1469 2688 1741 2907 euphonia

192 2935 246 3001 tas
273 2935 310 3002 ct
336 2927 532 3001 dominium:
550 2928 705 3018 pertinet
731 2927 775 3000 ad
801 2930 1078 3022 praeposituram
1105 2929 1223 3002 Sancti
1249 2928 1431 3003 Michaelis
1458 2930 1493 3003 ιι
1520 2937 1635 3004 castro
1655 2931 1739 3006 Cra·

191 3048 351 3137 corieusi,
379 3049 414 3121 in
442 3068 510 3138 qua
536 3047 631 3120 nulla
657 3054 711 3121 ιιι
730 3048 843 3138 curia,
862 3068 972 3142 neque
991 3049 1170 3139 praedium
1188 3048 1366 3139 praefatae
1387 3051 1660 3142 praepositurae,
1679 3053 1741 3127 sed

191 3176 270 3254 sunt
297 3168 534 3260 tautummodo
562 3188 621 3240 sex
656 3168 748 3240 lanei
774 3168 1007 3241 emethouales
1047 3176 1083 3242 ιι
1109 3190 1178 3241 una
1204 3170 1352 3242 taberna
1376 3171 1508 3243 habeus
1535 3192 1656 3262 agros,
1696 3172 1739 3250 de

191 3289 314 3383 quibus
351 3288 509 3360 omnibus
544 3289 673 3379 absque
709 3288 935 3363 diminutione
968 3289 1115 3362 solvitur
1150 3289 1283 3362 decima
1317 3290 1542 3382 manipularis
1569 3291 1740 3365 archidia-

191 3409 330 3521 unnttui
356 3406 512 3498 praefato
548 3415 586 3490 et
619 3429 684 3501 per
710 3408 840 3481 incolas
876 3409 971 3482 ducit
956 3415 1014 3481 tur
1049 3410 1201 3527 propriis
1237 3410 1441 3482 curribus
1431 3432 1467 3482 ιι
1503 3411 1666 3485 borreum
1693 3412 1737 3487 ab

225 3580 228 3585 -
276 3529 430 3601 ‘diacono
457 3527 672 3620 eligendum
678 3534 717 3603 et
742 3529 875 3601 decima
902 3531 1024 3620 canapi
1050 3523 1198 3623 sollvitur
1224 3551 1287 3620 per
1314 3536 1463 3625 quatuor
1489 3531 1666 3607 iuncturas
1692 3532 1736 3605 de

55 3592 104 3671 ''³‘'
247 3668 288 3723 eo
316 3655 352 3722 et
378 3649 476 3720 valor
502 3649 576 3720 eius
604 3606 808 3779 seffor
835 3649 879 3719 ad
906 3606 1335 3885 quwmarcas.

182 3792 222 3875 .÷'
265 3766 506 3858 ι(ιιιιιιιοιι,
532 3767 615 3839 v1lla
640 3758 709 3839 sub
730 3768 898 3859 parochia
924 3787 963 3839 ec
1115 3766 1160 3843 de
1187 3767 1295 3841 Aut
1261 3768 1626 3858 trquaBrzesko
1658 3770 1736 3862 sita,

170 3931 175 3940 ·
292 3934 299 3947 ·
354 3889 508 3981 oprietas
534 3909 598 3977 pro
624 3892 725 3977 parte
752 3893 874 3959 unaet
896 3887 1020 3960 maiori
1045 3887 1198 3978 pertinet
1225 3888 1269 3961 ad
1296 3895 1432 3959 monast
1433 3889 1606 3961 ιιιιιιιιι
1590 3889 1738 3967 tabba-

186 3980 329 4083 ‘renuo
346 4009 588 4097 Brzeszlro,
616 4007 727 4079 altera
745 4007 789 4078 ad
808 4007 976 4081 urbanum
995 4007 1168 4098 Lapka,
1201 4008 1259 4098 qui
1286 4008 1392 4080 habet
1417 4008 1467 4080 ibi
1494 4008 1580 4082 duos
1606 4009 1746 4102 laneos,

189 4131 270 4203 tert
262 4153 296 4203 ιι
245 4130 366 4203 tad
382 4129 653 4221 Pyantkam,
682 4128 742 4218 qui
768 4127 980 4201 solummodo
1008 4128 1115 4201 habet
1099 4133 1246 4201 tuuum
1274 4127 1463 4218 praedium
1490 4127 1531 4200 In
1558 4150 1627 4220 qua
1655 4137 1738 4205 suut
1838 4142 1941 4275 3

22 4311 26 4319 .
190 4271 312 4322 novem
338 4250 430 4321 lanei
457 4248 809 4338 emethouales,it1tem
836 4249 925 4320 duae
944 4249 1110 4320 tabernae
1138 4249 1306 4321 habentes
1332 4249 1466 4339 amplos
1493 4271 1637 4340 agros,
1653 4251 1737 4324 item

188 4371 212 4445 d
303 4371 521 4442 bortulauiae
548 4369 653 4441 etiam
680 4369 847 4441 habentes
874 4389 986 4458 agree,
1014 4369 1056 4440 de
1065 4369 1208 4465 quibus
1235 4369 1392 4442 omuibus
1420 4370 1561 4442 decima
1578 4371 1735 4461 manipu·
1819 4379 1823 4390 “

29 4489 33 4497 “
163 4390 277 4565 ciffi
298 4491 445 4562 solvitur
472 4489 766 4562 archidiaconatui
798 4490 928 4580 absque
956 4489 1181 4562 diminutione
1209 4496 1245 4561 et
1271 4495 1435 4567 tenentur
1461 4491 1555 4562 illam
1582 4490 1734 4563 emethe-

188 4630 249 4685 nes
274 4610 425 4702 propriis
452 4610 609 4682 curribus
637 4608 762 4682 ducere
788 4610 823 4680 ιι
850 4594 1014 4682 horreum
1040 4611 1084 4682 ab
1103 4609 1344 4682 archidiacono
1372 4609 1575 4700 eligendum,
1602 4616 1638 4680 et
1665 4609 1733 4682 sol·

189 4737 275 4803 nunt
301 4731 468 4809 decimam
494 4731 617 4821 canapi
635 4751 696 4819 per
716 4735 865 4820 quatuor
883 4730 1021 4819 ierugas
1048 4736 1084 4801 ιι
1114 4729 1213 4802 valor
1231 4730 1305 4802 eius
1324 4729 1528 4801 aestimatur
1546 4726 1591 4800 ad
1609 4728 1733 4819 viginti

188 4871 331 4924 marcas.
358 4849 568 4923 Ooenobium
602 4852 805 4953 brzeszense
840 4870 910 4921 nou
936 4850 1043 4922 lrabet
1069 4850 1118 4920 ibi
1145 4850 1275 4922 curiam
1303 4869 1414 4940 neque
1440 4847 1638 4940 praedium,
1673 4847 1735 4921 sed

187 4991 299 5061 neque
325 4972 478 5044 urbanus
504 4971 668 5062 Lapka,
696 4971 789 5042 solus
808 4969 1018 5062 Pyantka
1044 4970 1150 5041 habet
1176 4969 1226 5042 ibi
1252 4968 1451 5059 praedium,
1478 4967 1575 5039 ouius
1601 4967 1735 5046 decimu

176 5068 276 5181 ¹vaga
302 5099 364 5164 est.
391 5091 457 5164 Est
483 5092 588 5163 etiam
614 5092 663 5162 ibi
690 5112 778 5163 unus
805 5111 888 5180 ager
915 5088 1150 5178 emethoualis,
1177 5088 1309 5163 dictus,
1325 5086 1547 5175 Schadek,
1575 5087 1612 5158 iu
1639 5086 1733 5177 agris

187 5211 420 5301 praedialibus
447 5210 604 5282 coenobii
630 5212 781 5299 locatus,
816 5211 876 5301 qui
903 5210 1051 5282 decimat
1085 5207 1295 5279 monasterio
1321 5207 1518 5278 brzeszensi
1552 5205 1663 5279 solum
1689 5205 1733 5280 de

188 5351 249 5405 sex
276 5332 407 5422 stadiis,
434 5331 477 5405 de
503 5329 652 5403 residuis
680 5336 796 5406 autem
821 5331 971 5421 percipit
996 5327 1267 5402 archidiaconus.
1546 5294 1586 5355 ‘⁸'

226 5495 242 5511 1·
292 5450 560 5546 Ριιιιοιιιιιι,
585 5450 670 5524 villa
695 5451 760 5525 sub
787 5451 951 5543 parocbia
969 5447 1141 5524 'ecclesiae
1159 5447 1205 5524 du
1221 5447 1365 5541 nunqua
1390 5447 1733 5569 Brzesqulgta,
