4050 6054
1525 500 1598 570 269

56 696 210 772 decimae
235 701 440 771 aestimatur
467 702 511 772 ad
539 708 617 772 octo
644 722 795 772 marcas:
823 702 905 773 item
934 709 988 773 est
1015 676 1073 773 ibi'
1091 703 1271 792 praedium
1297 703 1454 793 militare,
1473 705 1516 777 de
1535 707 1602 798 q'uo

56 820 197 909 decima·
214 821 440 911 manipularis
467 823 615 893 solvitur
642 823 847 894 sacristiano
873 830 910 894 et
936 824 1100 895 ecclesiae
1128 825 1163 895 in
1191 822 1431 896 Obroberz.
1508 814 1518 820 ”

158 943 289 1013 Domus
316 949 452 1013 murata
477 944 513 1012 in
541 949 655 1014 castro
675 944 894 1016 Cracoviensi
922 944 967 1015 ad
993 944 1242 1015 mansionarios
1261 944 1507 1017 Cracovienses
1525 970 1604 1037 per·
1686 996 1689 1003 -

55 1064 181 1153 tineus,
208 1064 306 1134 iuxta
332 1085 466 1134 murum
495 1071 719 1155 castrensem,
747 1085 869 1137 versus
895 1065 1125 1155 occidentem,
1152 1065 1245 1137 inter
1271 1066 1406 1137 domum
1434 1067 1604 1140 lobannis

57 1182 264 1257 (ilowacz
291 1184 334 1254 de
361 1182 676 1274 Olescbnicza,
703 1186 849 1275 palatini
876 1186 1174 1275 Sandomiriensis,
1211 1193 1246 1257 et
1272 1186 1409 1258 domum
1434 1190 1603 1278 praeben-

56 1290 233 1379 dariorum
261 1305 304 1376 de
330 1305 464 1395 capella
489 1305 685 1395 Zopbiae
712 1307 853 1396 reginae
881 1307 958 1397 sita,
986 1307 1021 1378 in
1049 1329 1117 1397 qua
1134 1308 1359 1378 mansionarii
1377 1309 1507 1380 babent
1525 1332 1603 1399 per-

55 1410 198 1519 petuum
225 1426 445 1515 domicilium,
472 1434 508 1498 et
535 1448 689 1498 cameras
716 1434 752 1498 et
778 1449 931 1498 mensam
959 1449 1181 1517 communem,
1210 1448 1312 1517 quam
1339 1429 1407 1499 illis
1434 1429 1604 1503 Hincza

56 1546 100 1619 da
124 1546 290 1638 Rogow
316 1547 425 1636 miles,
453 1549 661 1619 castellanus
688 1528 986 1638 Sandomiriensis,
1006 1549 1130 1620 nobilis
1149 1549 1191 1619 de
1210 1549 1311 1620 domo
1329 1549 1603 1642 Dzialoscba,

55 1668 180 1758 coctili,
207 1668 357 1759 propriis
383 1671 577 1759 sumptibus
605 1670 800 1741 aedificavit
825 1670 948 1760 lapide,
977 1672 1012 1740 in
1040 1671 1183 1760 propria
1209 1690 1291 1740 area
1317 1671 1551 1743 haereditaria
1568 1681 1604 1744 et

55 1789 184 1880 libera,
211 1790 255 1860 ab
283 1791 376 1861 omni
410 1790 544 1861 tributo
572 1796 608 1861 et
634 1810 739 1861 onere
765 1797 933 1881 exempta,
962 1791 997 1861 in
1025 1793 1121 1863 cuius
1148 1791 1305 1862 beneficii
1331 1792 1604 1865 vicissitudinem

16 1946 20 1951 ·
57 1916 95 1983 et
109 1930 394 2000 ¹recompensam.
413 1913 623 1982 tenebuntur
649 1919 685 1983 et
711 1919 875 1984 tenentur
901 1911 1050 2002 praefati
1076 1914 1301 1989 mansionarii
1327 1913 1473 2002 singulis
1498 1915 1605 2005 septi·

55 2031 272 2131 madis,pro
308 2034 423 2102 anima
458 2031 606 2121 praefati
641 2032 841 2105 Hinczae
878 2034 921 2105 de
947 2034 1131 2123 Bagou,
1158 2040 1194 2104 et
1220 2035 1255 2103 in
1284 2035 1338 2104 sin
1401 2034 1441 2097 ”·.-
1456 2042 1606 2125 quatuor
1632 2106 1638 2117 ,

56 2154 271 2245 temporibus
298 2155 379 2224 item
407 2154 443 2224 in
471 2155 526 2225 die
553 2155 670 2226 obitus
695 2156 758 2244 sui,
786 2155 948 2226 videlicet
975 2160 1099 2244 quarta
1126 2154 1318 2242 Februarii,
1335 2140 1386 2226 te¹
1440 2156 1513 2226 itur
1530 2158 1606 2246 qui-

55 2274 142 2347 libet
167 2275 282 2366 legere
310 2276 446 2366 vigilias
473 2296 597 2346 novem
622 2276 819 2365 lectionum,
838 2282 873 2346 et
890 2297 992 2347 unam
1012 2278 1151 2347 missam
1169 2298 1233 2366 pro
1252 2275 1431 2347 defunctis.
1459 2277 1607 2367 Accepit

56 2394 209 2485 ebidem
235 2394 408 2466 Hincza
435 2396 478 2466 de
504 2397 668 2486 Rogow
695 2397 739 2467 ab
766 2397 894 2467 eisdem
919 2397 1161 2467 mansionariis
1179 2402 1330 2467 veterem
1350 2417 1470 2468 eorum
1488 2418 1605 2468 aream

59 2520 97 2589 ct
121 2516 392 2606 habitationem,
419 2518 516 2588 iuxta
542 2518 721 2588 ecclesiam
748 2517 780 2587 S.
808 2516 951 2607 Georgii
978 2519 1013 2587 in
1040 2524 1155 2588 castro
1183 2516 1404 2589 cracoviensi
1431 2520 1543 2607 sitam,
1569 2520 1605 2589 in

59 2654 129 2727 qua
154 2637 282 2727 partim
310 2659 353 2708 ex
378 2637 565 2726 lateribus,
593 2639 719 2727 partim
747 2660 788 2708 ex
816 2640 909 2728 liguo
937 2639 1073 2709 domum
1102 2659 1165 2728 pro
1193 2637 1363 2710 altaristis
1388 2638 1461 2710 suis
1487 2639 1523 2709 in
1550 2660 1607 2709 ca-

54 2754 150 2848 pella
171 2758 397 2829 Innocentum
424 2758 617 2848 fundandis,
644 2758 836 2830 fabricavit.

168 2875 291 2947 Altera
325 2877 446 2947 domus
483 2882 619 2948 murata
654 2878 690 2948 in
726 2879 867 2949 civitate
903 2876 1125 2949 Craooviensi
1161 2884 1198 2948 et
1223 2878 1259 2947 iu
1286 2878 1403 2967 platea
1428 2878 1608 2969 castrenai,

56 2997 155 3069 iuxta
188 2997 379 3070 aediculam
416 2998 448 3068 S.
475 2998 572 3069 Petri
605 2999 690 3086 sita,
719 2999 762 3068 ad
798 2976 1056 3088 proprietatem
1084 2998 1395 3069 mansionariorum
1420 2998 1609 3089 pertinens,

56 3137 276 3208 quam-nunc
301 3117 479 3188 lohannes
508 3118 669 3190 Pictor
696 3119 738 3189 de
766 3118 1078 3207 Bodnanczin‚
1120 3119 1206 3189 alias
1233 3119 1470 3209 Lyesczna
1508 3118 1608 3191 inba-

54 3236 154 3328 bitat,
181 3239 246 3309 sub
273 3259 388 3308 annua
415 3239 565 3328 quinque
591 3260 784 3309 marcarum
812 3260 934 3309 consus
962 3239 1077 3327 annui,
1104 3239 1284 3310 solutione.
1330 3254 1335 3267 ·

17 3336 27 3344 ’
116 3352 119 3357 ’
161 3357 256 3429 Area
291 3359 327 3428 in
363 3359 480 3449 platea
516 3360 548 3430 S.
575 3359 672 3430 Petri
707 3380 828 3431 versus
861 3359 997 3430 domum
1025 3359 1293 3450 Pilaczsky,
1320 3360 1356 3430 in
1383 3362 1518 3449 postico
1548 3360 1609 3430 do-

19 3460 23 3467 ’
58 3472 134 3553 mus
168 3484 342 3570 muratae,
369 3501 472 3570 quam
499 3500 588 3550 nuno
615 3480 806 3551 Stanislaus
832 3480 1025 3551 Lorifox
1053 3481 1243 3569 inhabitat,
1270 3482 1313 3551 ab
1341 3501 1428 3569 una,
1455 3486 1492 3551 et
1516 3480 1610 3551 inter

56 3578 173 3673 arsiam
207 3602 415 3674 vicariorum
450 3601 728 3673 Cracoviensium
764 3602 921 3690 partibus
957 3601 1001 3671 ab
1038 3602 1150 3671 altera
1177 3601 1262 3689 sita,
1290 3601 1334 3671 ad
1360 3600 1609 3697 proprietatem

122 3723 367 3796 ‘'‘onariorum
403 3723 598 3812 pertinens,
626 3723 667 3792 de
704 3742 772 3812 qua
808 3722 877 3793 illis
913 3723 1095 3794 solvuntur
1130 3742 1194 3812 pro
1231 3742 1345 3811 annuo
1383 3742 1488 3792 censu
1520 3721 1609 3792 duae

258 3966 394 4054 'nonna
423 3965 586 4054 oppidum
614 3964 712 4034 iuxta
739 3963 1008 4035 Cracoviam
1036 3965 1150 4053 situm,
1178 3966 1212 4034 in
1241 3984 1309 4053 quo
1327 3970 1381 4034 est
1400 3984 1482 4035 area
1500 3965 1610 4055 larga,

55 4084 169 4159 cundo
195 4108 240 4158 ex
266 4084 494 4158 Gracovia
521 4086 563 4155 dc
590 4090 692 4174 porta
719 4086 959 4174 Cracoviensi,
988 4087 1022 4155 in
1051 4085 1310 4156 Stradomia
1337 4106 1443 4175 supra
1468 4087 1608 4157 fluvium

55 4208 252 4281 Rudawa
277 4208 353 4297 sita,
382 4207 426 4277 ad
453 4208 701 4297 proprietatem
729 4208 1039 4277 mansionariorum
1066 4209 1254 4297 pertinens,
1282 4208 1337 4277 cui
1365 4228 1469 4297 super
1487 4208 1607 4278 aediti-
1646 4237 1654 4257 ¹

54 4334 154 4402 eatae
189 4335 269 4401 sunt
304 4336 452 4419 quatuor
484 4329 604 4399 domus
631 4329 765 4418 ligneae
793 4329 975 4417 specialem
1004 4335 1040 4399 at
1067 4329 1241 4419 quaelibet
1268 4330 1373 4400 solvit
1399 4350 1463 4418 pro
1491 4350 1609 4399 annuo

56 4470 163 4522 censu
199 4451 318 4521 decem
345 4455 381 4521 et
408 4457 486 4522 octo
514 4471 671 4539 grossoS,
699 4456 735 4520 et
761 4450 928 4539 pecuniae
955 4451 1150 4521 huiusmodi
1178 4450 1316 4521 nonnisi
1343 4448 1521 4521 in'ceram
1547 4471 1610 4540 pro

54 4572 357 4644 administratione
385 4572 578 4642 diuinorum
607 4575 867 4642 convertuntur.

159 4693 255 4764 Arca
290 4694 354 4764 sub
391 4699 506 4763 castro
545 4692 784 4781 Gracoviensi,
812 4693 910 4763 iuxta
935 4696 1072 4782 portam
1099 4692 1269 4782 civitatiS,
1297 4712 1366 4783 qua
1392 4693 1465 4763 itur
1493 4713 1613 4765 versus

58 4814 236 4887 Vislam
263 4816 299 4885 iu
326 4819 427 4904 parte
455 4815 614 4904 sinistra,
641 4835 762 4885 versus
790 4821 941 4885 castrum
968 4816 1053 4904 sita,
1083 4835 1169 4904 quae
1197 4814 1384 4905 aliquando
1411 4819 1490 4885 erat
1516 4815 1614 4885 habi-

16 5016 20 5023 ,
59 4936 186 5026 labilis,
213 4942 249 5007 et
275 4936 319 5006 ad
337 4936 587 5024 proprietatem
605 4936 917 5006 mansionariorum
935 4937 1120 5026 pertinens,
1139 4956 1243 5025 quam
1262 4936 1484 5008 inhabitabat
1497 4936 1614 5027 regius

55 5056 269 5146 luminarios,
297 5063 332 5128 ct
360 5056 517 5127 solvebat
543 5058 785 5127 mansionariis
813 5057 856 5127 de
884 5057 943 5127 illa
961 5076 1024 5146 pro
1044 5077 1157 5127 annuo
1177 5077 1283 5128 censu
1302 5064 1453 5146 quatuor
1471 5078 1614 5129 marcas.

55 5175 227 5249 Processu
253 5184 369 5249 autem
396 5177 531 5248 dicrum
557 5178 781 5249 mansionarii
808 5177 1046 5248 alienaverunt
1072 5197 1157 5266 eam,
1181 5182 1217 5249 et
1234 5178 1387 5249 lobanni
1404 5179 1614 5269 Dlugosch

57 5299 186 5372 seniori
205 5300 370 5371 canonico
386 5298 607 5395 Cracouicnsi
624 5319 688 5389 pro
708 5299 833 5389 viginti
850 5299 974 5368 mareis
993 5299 1144 5369 latorum
1158 5320 1359 5389 grossorum
1374 5300 1614 5390 vendiderunt,

58 5425 95 5497 ct
121 5438 237 5499 eoram
264 5420 393 5494 iudicio
420 5402 585 5495 terrestri¹
608 5420 882 5520 resignaverunt,
909 5425 1078 5520 perpetua
1104 5426 1141 5503 et
1167 5421 1390 5500 irrevocabili
1407 5421 1617 5535 venditione,
