<?xml version="1.0" encoding="UTF-8"?>
<!DOCTYPE html PUBLIC "-//W3C//DTD XHTML 1.0 Transitional//EN"
    "http://www.w3.org/TR/xhtml1/DTD/xhtml1-transitional.dtd">
<html xmlns="http://www.w3.org/1999/xhtml" xml:lang="en" lang="en">
 <head>
  <title>
</title>
<meta http-equiv="Content-Type" content="text/html;charset=utf-8" />
  <meta name='ocr-system' content='tesseract 3.04.00' />
  <meta name='ocr-capabilities' content='ocr_page ocr_carea ocr_par ocr_line ocrx_word'/>
</head>
<body>
  <div class='ocr_page' id='page_1' title='image "./joannisdugoszse00dugoog_0529.png"; bbox 0 0 4050 6054; ppageno 0'>
   <div class='ocr_carea' id='block_1_1' title="bbox 232 469 308 551">
    <p class='ocr_par' dir='ltr' id='par_1_1' title="bbox 232 469 308 551">
     <span class='ocr_line' id='line_1_1' title="bbox 232 469 308 551; baseline 0 0"><span class='ocrx_word' id='word_1_1' title='bbox 232 469 308 551; x_wconf 85' lang='lat'><strong>500</strong></span> 
     </span>
    </p>
   </div>
   <div class='ocr_carea' id='block_1_2' title="bbox 231 674 1777 891">
    <p class='ocr_par' dir='ltr' id='par_1_2' title="bbox 231 674 1777 891">
     <span class='ocr_line' id='line_1_2' title="bbox 231 674 1777 771; baseline -0.007 -14"><span class='ocrx_word' id='word_1_2' title='bbox 231 684 353 757; x_wconf 90' lang='lat' dir='ltr'><strong>vicarii</strong></span> <span class='ocrx_word' id='word_1_3' title='bbox 370 682 403 755; x_wconf 92' lang='lat' dir='ltr'><strong>S.</strong></span> <span class='ocrx_word' id='word_1_4' title='bbox 420 680 576 754; x_wconf 80' lang='lat' dir='ltr'><strong>Floriani</strong></span> <span class='ocrx_word' id='word_1_5' title='bbox 593 681 630 753; x_wconf 91' lang='lat' dir='ltr'><strong>in</strong></span> <span class='ocrx_word' id='word_1_6' title='bbox 649 679 731 754; x_wconf 90' lang='lat' dir='ltr'><strong>villa</strong></span> <span class='ocrx_word' id='word_1_7' title='bbox 747 679 927 771; x_wconf 90' lang='lat' dir='ltr'><strong>praedicta</strong></span> <span class='ocrx_word' id='word_1_8' title='bbox 943 676 1084 771; x_wconf 82' lang='lat' dir='ltr'><strong>aliquod</strong></span> <span class='ocrx_word' id='word_1_9' title='bbox 1101 676 1291 770; x_wconf 76' lang='lat' dir='ltr'><strong>praedium,</strong></span> <span class='ocrx_word' id='word_1_10' title='bbox 1317 696 1429 768; x_wconf 87' lang='lat' dir='ltr'><strong>neque</strong></span> <span class='ocrx_word' id='word_1_11' title='bbox 1446 674 1637 764; x_wconf 87' lang='lat' dir='ltr'><strong>tabernam,</strong></span> <span class='ocrx_word' id='word_1_12' title='bbox 1663 690 1777 767; x_wconf 89' lang='lat' dir='ltr'><strong>neque</strong></span> 
     </span>
     <span class='ocr_line' id='line_1_3' title="bbox 231 798 1414 891; baseline -0.006 -15"><span class='ocrx_word' id='word_1_13' title='bbox 231 805 472 879; x_wconf 88' lang='lat' dir='ltr'><strong>hortulaniam.</strong></span> <span class='ocrx_word' id='word_1_14' title='bbox 498 801 586 874; x_wconf 84' lang='lat' dir='ltr'><strong>Item</strong></span> <span class='ocrx_word' id='word_1_15' title='bbox 612 801 697 874; x_wconf 89' lang='lat' dir='ltr'><strong>villa</strong></span> <span class='ocrx_word' id='word_1_16' title='bbox 722 800 881 891; x_wconf 87' lang='lat' dir='ltr'><strong>praelata</strong></span> <span class='ocrx_word' id='word_1_17' title='bbox 905 800 1056 873; x_wconf 89' lang='lat' dir='ltr'><strong>conlinat</strong></span> <span class='ocrx_word' id='word_1_18' title='bbox 1081 822 1157 873; x_wconf 90' lang='lat' dir='ltr'><strong>cum</strong></span> <span class='ocrx_word' id='word_1_19' title='bbox 1186 798 1277 872; x_wconf 91' lang='lat' dir='ltr'><strong>villis</strong></span> <span class='ocrx_word' id='word_1_20' title='bbox 1300 854 1414 869; x_wconf 92' lang='lat'><strong>.....</strong></span> 
     </span>
    </p>
   </div>
   <div class='ocr_carea' id='block_1_3' title="bbox 784 1063 1231 1146">
    <p class='ocr_par' dir='ltr' id='par_1_3' title="bbox 784 1063 1231 1146">
     <span class='ocr_line' id='line_1_4' title="bbox 784 1063 1231 1146; baseline -0.007 -1"><span class='ocrx_word' id='word_1_21' title='bbox 784 1063 1016 1146; x_wconf 80' lang='lat' dir='ltr'><strong>Duodecim</strong></span> <span class='ocrx_word' id='word_1_22' title='bbox 1050 1065 1231 1145; x_wconf 79' lang='lat' dir='ltr'><strong>marcae.</strong></span> 
     </span>
    </p>
   </div>
   <div class='ocr_carea' id='block_1_4' title="bbox 198 1281 1778 1975">
    <p class='ocr_par' dir='ltr' id='par_1_4' title="bbox 198 1281 1778 1975">
     <span class='ocr_line' id='line_1_5' title="bbox 334 1281 1778 1376; baseline -0.003 -20"><span class='ocrx_word' id='word_1_23' title='bbox 334 1281 421 1356; x_wconf 83' lang='lat' dir='ltr'>Item</span> <span class='ocrx_word' id='word_1_24' title='bbox 448 1285 596 1376; x_wconf 90' lang='lat' dir='ltr'><strong>praelati</strong></span> <span class='ocrx_word' id='word_1_25' title='bbox 622 1290 659 1357; x_wconf 90' lang='lat' dir='ltr'><strong>et</strong></span> <span class='ocrx_word' id='word_1_26' title='bbox 685 1285 842 1356; x_wconf 88' lang='lat' dir='ltr'><strong>canonici</strong></span> <span class='ocrx_word' id='word_1_27' title='bbox 859 1284 892 1355; x_wconf 90' lang='lat' dir='ltr'><strong>S.</strong></span> <span class='ocrx_word' id='word_1_28' title='bbox 910 1284 1065 1356; x_wconf 84' lang='lat' dir='ltr'><strong>Floriani</strong></span> <span class='ocrx_word' id='word_1_29' title='bbox 1092 1284 1238 1373; x_wconf 90' lang='lat' dir='ltr'><strong>solvunt,</strong></span> <span class='ocrx_word' id='word_1_30' title='bbox 1265 1283 1468 1372; x_wconf 78' lang='lat' dir='ltr'><strong>salvareque</strong></span> <span class='ocrx_word' id='word_1_31' title='bbox 1494 1287 1659 1353; x_wconf 89' lang='lat' dir='ltr'><strong>tenentur</strong></span> <span class='ocrx_word' id='word_1_32' title='bbox 1684 1282 1778 1352; x_wconf 84' lang='lat' dir='ltr'><strong>vica·</strong></span> 
     </span>
     <span class='ocr_line' id='line_1_6' title="bbox 231 1402 1777 1495; baseline -0.002 -19"><span class='ocrx_word' id='word_1_33' title='bbox 231 1406 294 1477; x_wconf 91' lang='lat' dir='ltr'><strong>riis</strong></span> <span class='ocrx_word' id='word_1_34' title='bbox 321 1405 353 1477; x_wconf 93' lang='lat' dir='ltr'><strong>S.</strong></span> <span class='ocrx_word' id='word_1_35' title='bbox 380 1404 536 1476; x_wconf 84' lang='lat' dir='ltr'><strong>Floriani</strong></span> <span class='ocrx_word' id='word_1_36' title='bbox 562 1406 598 1474; x_wconf 94' lang='lat' dir='ltr'><strong>iu</strong></span> <span class='ocrx_word' id='word_1_37' title='bbox 625 1424 821 1495; x_wconf 90' lang='lat' dir='ltr'><strong>commune,</strong></span> <span class='ocrx_word' id='word_1_38' title='bbox 857 1405 1035 1477; x_wconf 80' lang='lat' dir='ltr'><strong>duodecim</strong></span> <span class='ocrx_word' id='word_1_39' title='bbox 1062 1425 1195 1476; x_wconf 87' lang='lat' dir='ltr'><strong>mareas</strong></span> <span class='ocrx_word' id='word_1_40' title='bbox 1222 1425 1286 1495; x_wconf 95' lang='lat' dir='ltr'><strong>pro</strong></span> <span class='ocrx_word' id='word_1_41' title='bbox 1313 1405 1465 1495; x_wconf 89' lang='lat' dir='ltr'><strong>quartis,</strong></span> <span class='ocrx_word' id='word_1_42' title='bbox 1497 1403 1582 1474; x_wconf 89' lang='lat' dir='ltr'><strong>alias</strong></span> <span class='ocrx_word' id='word_1_43' title='bbox 1610 1402 1777 1474; x_wconf 88' lang='lat' dir='ltr'><strong>distribu-</strong></span> 
     </span>
     <span class='ocr_line' id='line_1_7' title="bbox 198 1522 1777 1633; baseline -0.003 -36"><span class='ocrx_word' id='word_1_44' title='bbox 198 1616 208 1633; x_wconf 89' lang='lat'>.</span> <span class='ocrx_word' id='word_1_45' title='bbox 231 1526 384 1598; x_wconf 90' lang='lat' dir='ltr'><strong>tionibus</strong></span> <span class='ocrx_word' id='word_1_46' title='bbox 411 1526 618 1598; x_wconf 88' lang='lat' dir='ltr'><strong>vicariorum</strong></span> <span class='ocrx_word' id='word_1_47' title='bbox 646 1526 876 1617; x_wconf 82' lang='lat' dir='ltr'><strong>quotidianis,</strong></span> <span class='ocrx_word' id='word_1_48' title='bbox 903 1533 940 1599; x_wconf 90' lang='lat' dir='ltr'><strong>et</strong></span> <span class='ocrx_word' id='word_1_49' title='bbox 965 1527 1125 1599; x_wconf 87' lang='lat' dir='ltr'><strong>doctores</strong></span> <span class='ocrx_word' id='word_1_50' title='bbox 1152 1526 1290 1616; x_wconf 89' lang='lat' dir='ltr'><strong>quidem</strong></span> <span class='ocrx_word' id='word_1_51' title='bbox 1326 1532 1362 1596; x_wconf 88' lang='lat' dir='ltr'><strong>et</strong></span> <span class='ocrx_word' id='word_1_52' title='bbox 1397 1524 1554 1615; x_wconf 85' lang='lat' dir='ltr'><strong>magistri</strong></span> <span class='ocrx_word' id='word_1_53' title='bbox 1579 1522 1777 1594; x_wconf 87' lang='lat' dir='ltr'><strong>beneficiati</strong></span> 
     </span>
     <span class='ocr_line' id='line_1_8' title="bbox 232 1642 1778 1736; baseline -0.002 -21"><span class='ocrx_word' id='word_1_54' title='bbox 232 1647 267 1716; x_wconf 94' lang='lat' dir='ltr'><strong>in</strong></span> <span class='ocrx_word' id='word_1_55' title='bbox 296 1645 441 1716; x_wconf 88' lang='lat' dir='ltr'><strong>ecclesia</strong></span> <span class='ocrx_word' id='word_1_56' title='bbox 475 1645 648 1736; x_wconf 86' lang='lat' dir='ltr'><strong>praelata,</strong></span> <span class='ocrx_word' id='word_1_57' title='bbox 685 1646 727 1716; x_wconf 90' lang='lat' dir='ltr'><strong>de</strong></span> <span class='ocrx_word' id='word_1_58' title='bbox 759 1647 995 1719; x_wconf 90' lang='lat' dir='ltr'><strong>communibus</strong></span> <span class='ocrx_word' id='word_1_59' title='bbox 1028 1667 1147 1718; x_wconf 90' lang='lat' dir='ltr'><strong>eorum</strong></span> <span class='ocrx_word' id='word_1_60' title='bbox 1183 1647 1408 1736; x_wconf 80' lang='lat' dir='ltr'><strong>proventibus</strong></span> <span class='ocrx_word' id='word_1_61' title='bbox 1445 1645 1585 1716; x_wconf 89' lang='lat' dir='ltr'><strong>solvunt</strong></span> <span class='ocrx_word' id='word_1_62' title='bbox 1618 1642 1778 1713; x_wconf 83' lang='lat' dir='ltr'><strong>undecim</strong></span> 
     </span>
     <span class='ocr_line' id='line_1_9' title="bbox 230 1762 1777 1858; baseline -0.002 -22"><span class='ocrx_word' id='word_1_63' title='bbox 230 1786 384 1855; x_wconf 82' lang='lat' dir='ltr'><strong>marcas3</strong></span> <span class='ocrx_word' id='word_1_64' title='bbox 420 1772 542 1839; x_wconf 89' lang='lat' dir='ltr'><strong>cantor</strong></span> <span class='ocrx_word' id='word_1_65' title='bbox 576 1787 659 1838; x_wconf 90' lang='lat' dir='ltr'><strong>vero</strong></span> <span class='ocrx_word' id='word_1_66' title='bbox 687 1766 720 1836; x_wconf 90' lang='lat' dir='ltr'><strong>S.</strong></span> <span class='ocrx_word' id='word_1_67' title='bbox 746 1766 920 1856; x_wconf 85' lang='lat' dir='ltr'><strong>Floriani,</strong></span> <span class='ocrx_word' id='word_1_68' title='bbox 956 1768 1015 1858; x_wconf 93' lang='lat' dir='ltr'><strong>qui</strong></span> <span class='ocrx_word' id='word_1_69' title='bbox 1051 1774 1105 1839; x_wconf 91' lang='lat' dir='ltr'><strong>est</strong></span> <span class='ocrx_word' id='word_1_70' title='bbox 1140 1767 1307 1857; x_wconf 88' lang='lat' dir='ltr'><strong>plebanus</strong></span> <span class='ocrx_word' id='word_1_71' title='bbox 1335 1768 1370 1836; x_wconf 94' lang='lat' dir='ltr'><strong>in</strong></span> <span class='ocrx_word' id='word_1_72' title='bbox 1397 1765 1565 1853; x_wconf 86' lang='lat' dir='ltr'><strong>Ylkus,</strong></span> <span class='ocrx_word' id='word_1_73' title='bbox 1602 1763 1707 1835; x_wconf 89' lang='lat' dir='ltr'><strong>solvit</strong></span> <span class='ocrx_word' id='word_1_74' title='bbox 1734 1762 1777 1833; x_wconf 91' lang='lat' dir='ltr'><strong>de</strong></span> 
     </span>
     <span class='ocr_line' id='line_1_10' title="bbox 231 1886 691 1975; baseline 0.002 -20"><span class='ocrx_word' id='word_1_75' title='bbox 231 1886 372 1975; x_wconf 90' lang='lat' dir='ltr'><strong>proprio</strong></span> <span class='ocrx_word' id='word_1_76' title='bbox 399 1906 503 1957; x_wconf 92' lang='lat' dir='ltr'><strong>unam</strong></span> <span class='ocrx_word' id='word_1_77' title='bbox 530 1907 691 1958; x_wconf 87' lang='lat' dir='ltr'><strong>marcam.</strong></span> 
     </span>
    </p>
   </div>
   <div class='ocr_carea' id='block_1_5' title="bbox 506 2146 1500 2273">
    <p class='ocr_par' dir='ltr' id='par_1_5' title="bbox 506 2146 1500 2273">
     <span class='ocr_line' id='line_1_11' title="bbox 506 2146 1500 2273; baseline -0.002 -44"><span class='ocrx_word' id='word_1_78' title='bbox 506 2148 701 2250; x_wconf 85' lang='lat' dir='ltr'><strong>Quatuor</strong></span> <span class='ocrx_word' id='word_1_79' title='bbox 731 2148 881 2273; x_wconf 86' lang='lat' dir='ltr'><strong>domus</strong></span> <span class='ocrx_word' id='word_1_80' title='bbox 913 2150 1168 2229; x_wconf 84' lang='lat' dir='ltr'><strong>vicariorum</strong></span> <span class='ocrx_word' id='word_1_81' title='bbox 1203 2149 1241 2227; x_wconf 92' lang='lat' dir='ltr'><strong>in</strong></span> <span class='ocrx_word' id='word_1_82' title='bbox 1275 2146 1500 2253; x_wconf 82' lang='lat' dir='ltr'><strong>Olyeparz.</strong></span> 
     </span>
    </p>
   </div>
   <div class='ocr_carea' id='block_1_6' title="bbox 230 2366 1780 3181">
    <p class='ocr_par' dir='ltr' id='par_1_6' title="bbox 230 2366 1780 3181">
     <span class='ocr_line' id='line_1_12' title="bbox 335 2366 1779 2460; baseline -0.001 -22"><span class='ocrx_word' id='word_1_83' title='bbox 335 2370 423 2440; x_wconf 88' lang='lat' dir='ltr'><strong>item</strong></span> <span class='ocrx_word' id='word_1_84' title='bbox 450 2369 573 2441; x_wconf 87' lang='lat' dir='ltr'><strong>vicarii</strong></span> <span class='ocrx_word' id='word_1_85' title='bbox 599 2367 633 2438; x_wconf 90' lang='lat' dir='ltr'><strong>S.</strong></span> <span class='ocrx_word' id='word_1_86' title='bbox 660 2369 815 2440; x_wconf 84' lang='lat' dir='ltr'><strong>Floriani</strong></span> <span class='ocrx_word' id='word_1_87' title='bbox 841 2369 972 2442; x_wconf 90' lang='lat' dir='ltr'><strong>babent</strong></span> <span class='ocrx_word' id='word_1_88' title='bbox 998 2375 1149 2460; x_wconf 90' lang='lat' dir='ltr'><strong>quatuor</strong></span> <span class='ocrx_word' id='word_1_89' title='bbox 1174 2369 1295 2439; x_wconf 87' lang='lat' dir='ltr'><strong>domos</strong></span> <span class='ocrx_word' id='word_1_90' title='bbox 1316 2368 1478 2458; x_wconf 90' lang='lat' dir='ltr'><strong>proprios</strong></span> <span class='ocrx_word' id='word_1_91' title='bbox 1503 2368 1540 2437; x_wconf 94' lang='lat' dir='ltr'><strong>in</strong></span> <span class='ocrx_word' id='word_1_92' title='bbox 1566 2366 1779 2457; x_wconf 78' lang='lat' dir='ltr'><strong>Clyeparz:</strong></span> 
     </span>
     <span class='ocr_line' id='line_1_13' title="bbox 231 2488 1780 2580; baseline 0 -21"><span class='ocrx_word' id='word_1_93' title='bbox 231 2489 344 2580; x_wconf 90' lang='lat' dir='ltr'><strong>prima</strong></span> <span class='ocrx_word' id='word_1_94' title='bbox 371 2489 492 2562; x_wconf 87' lang='lat' dir='ltr'><strong>domus</strong></span> <span class='ocrx_word' id='word_1_95' title='bbox 519 2489 554 2559; x_wconf 91' lang='lat' dir='ltr'><strong>in</strong></span> <span class='ocrx_word' id='word_1_96' title='bbox 582 2490 709 2560; x_wconf 88' lang='lat' dir='ltr'><strong>circulo</strong></span> <span class='ocrx_word' id='word_1_97' title='bbox 737 2489 830 2560; x_wconf 92' lang='lat' dir='ltr'><strong>dicta</strong></span> <span class='ocrx_word' id='word_1_98' title='bbox 856 2488 952 2560; x_wconf 90' lang='lat' dir='ltr'><strong>Petri</strong></span> <span class='ocrx_word' id='word_1_99' title='bbox 979 2488 1165 2578; x_wconf 81' lang='lat' dir='ltr'><strong>Pylath,</strong></span> <span class='ocrx_word' id='word_1_100' title='bbox 1194 2488 1321 2560; x_wconf 90' lang='lat' dir='ltr'><strong>donata</strong></span> <span class='ocrx_word' id='word_1_101' title='bbox 1347 2509 1410 2578; x_wconf 92' lang='lat' dir='ltr'><strong>per</strong></span> <span class='ocrx_word' id='word_1_102' title='bbox 1436 2488 1579 2559; x_wconf 89' lang='lat' dir='ltr'><strong>eundem</strong></span> <span class='ocrx_word' id='word_1_103' title='bbox 1608 2488 1780 2561; x_wconf 84' lang='lat' dir='ltr'><strong>universi-</strong></span> 
     </span>
     <span class='ocr_line' id='line_1_14' title="bbox 231 2606 1778 2701; baseline -0.002 -20"><span class='ocrx_word' id='word_1_104' title='bbox 231 2609 298 2681; x_wconf 89' lang='lat' dir='ltr'><strong>tati</strong></span> <span class='ocrx_word' id='word_1_105' title='bbox 324 2609 542 2700; x_wconf 88' lang='lat' dir='ltr'><strong>vicariorum,</strong></span> <span class='ocrx_word' id='word_1_106' title='bbox 568 2610 612 2681; x_wconf 92' lang='lat' dir='ltr'><strong>de</strong></span> <span class='ocrx_word' id='word_1_107' title='bbox 638 2630 707 2701; x_wconf 86' lang='lat' dir='ltr'><strong>qua</strong></span> <span class='ocrx_word' id='word_1_108' title='bbox 732 2631 797 2700; x_wconf 92' lang='lat' dir='ltr'><strong>pro</strong></span> <span class='ocrx_word' id='word_1_109' title='bbox 824 2630 929 2681; x_wconf 90' lang='lat' dir='ltr'><strong>censu</strong></span> <span class='ocrx_word' id='word_1_110' title='bbox 956 2630 1071 2681; x_wconf 92' lang='lat' dir='ltr'><strong>annno</strong></span> <span class='ocrx_word' id='word_1_111' title='bbox 1098 2608 1246 2680; x_wconf 89' lang='lat' dir='ltr'><strong>solvitur</strong></span> <span class='ocrx_word' id='word_1_112' title='bbox 1272 2631 1341 2681; x_wconf 88' lang='lat' dir='ltr'><strong>una</strong></span> <span class='ocrx_word' id='word_1_113' title='bbox 1363 2630 1490 2698; x_wconf 91' lang='lat' dir='ltr'><strong>marca;</strong></span> <span class='ocrx_word' id='word_1_114' title='bbox 1517 2611 1600 2681; x_wconf 88' lang='lat' dir='ltr'><strong>item</strong></span> <span class='ocrx_word' id='word_1_115' title='bbox 1627 2606 1778 2681; x_wconf 88' lang='lat' dir='ltr'><strong>secunda</strong></span> 
     </span>
     <span class='ocr_line' id='line_1_15' title="bbox 230 2728 1780 2821; baseline -0.001 -20"><span class='ocrx_word' id='word_1_116' title='bbox 230 2729 395 2801; x_wconf 89' lang='lat' dir='ltr'><strong>Stanislai</strong></span> <span class='ocrx_word' id='word_1_117' title='bbox 422 2728 544 2802; x_wconf 85' lang='lat' dir='ltr'><strong>Goth</strong></span> <span class='ocrx_word' id='word_1_118' title='bbox 571 2731 676 2800; x_wconf 87' lang='lat' dir='ltr'><strong>etiam</strong></span> <span class='ocrx_word' id='word_1_119' title='bbox 704 2731 740 2800; x_wconf 94' lang='lat' dir='ltr'><strong>in</strong></span> <span class='ocrx_word' id='word_1_120' title='bbox 766 2730 914 2821; x_wconf 88' lang='lat' dir='ltr'><strong>circulo,</strong></span> <span class='ocrx_word' id='word_1_121' title='bbox 951 2730 994 2800; x_wconf 88' lang='lat' dir='ltr'><strong>de</strong></span> <span class='ocrx_word' id='word_1_122' title='bbox 1023 2750 1089 2820; x_wconf 88' lang='lat' dir='ltr'><strong>qna</strong></span> <span class='ocrx_word' id='word_1_123' title='bbox 1115 2730 1263 2801; x_wconf 88' lang='lat' dir='ltr'><strong>solvitur</strong></span> <span class='ocrx_word' id='word_1_124' title='bbox 1293 2750 1362 2801; x_wconf 90' lang='lat' dir='ltr'><strong>nna</strong></span> <span class='ocrx_word' id='word_1_125' title='bbox 1387 2734 1524 2818; x_wconf 83' lang='lat' dir='ltr'><strong>marca3</strong></span> <span class='ocrx_word' id='word_1_126' title='bbox 1560 2731 1643 2800; x_wconf 82' lang='lat' dir='ltr'><strong>itenr</strong></span> <span class='ocrx_word' id='word_1_127' title='bbox 1670 2728 1780 2801; x_wconf 87' lang='lat' dir='ltr'><strong>tertia</strong></span> 
     </span>
     <span class='ocr_line' id='line_1_16' title="bbox 232 2848 1780 2942; baseline -0.001 -22"><span class='ocrx_word' id='word_1_128' title='bbox 232 2848 511 2922; x_wconf 89' lang='lat' dir='ltr'><strong>Gromkonis</strong></span> <span class='ocrx_word' id='word_1_129' title='bbox 536 2848 702 2923; x_wconf 88' lang='lat' dir='ltr'><strong>Stanislai</strong></span> <span class='ocrx_word' id='word_1_130' title='bbox 729 2871 837 2942; x_wconf 89' lang='lat' dir='ltr'><strong>prope</strong></span> <span class='ocrx_word' id='word_1_131' title='bbox 866 2852 1001 2923; x_wconf 87' lang='lat' dir='ltr'><strong>valvam</strong></span> <span class='ocrx_word' id='word_1_132' title='bbox 1026 2850 1287 2923; x_wconf 83' lang='lat' dir='ltr'><strong>Gracoviensem</strong></span> <span class='ocrx_word' id='word_1_133' title='bbox 1314 2852 1393 2941; x_wconf 88' lang='lat' dir='ltr'><strong>sita,</strong></span> <span class='ocrx_word' id='word_1_134' title='bbox 1420 2851 1463 2921; x_wconf 92' lang='lat' dir='ltr'><strong>de</strong></span> <span class='ocrx_word' id='word_1_135' title='bbox 1490 2870 1560 2940; x_wconf 92' lang='lat' dir='ltr'><strong>qua</strong></span> <span class='ocrx_word' id='word_1_136' title='bbox 1585 2850 1690 2922; x_wconf 89' lang='lat' dir='ltr'><strong>etiam</strong></span> <span class='ocrx_word' id='word_1_137' title='bbox 1707 2849 1780 2921; x_wconf 90' lang='lat' dir='ltr'><strong>sol·</strong></span> 
     </span>
     <span class='ocr_line' id='line_1_17' title="bbox 231 2968 1780 3061; baseline -0.001 -19"><span class='ocrx_word' id='word_1_138' title='bbox 231 2972 326 3042; x_wconf 90' lang='lat' dir='ltr'><strong>vitur</strong></span> <span class='ocrx_word' id='word_1_139' title='bbox 351 2991 417 3061; x_wconf 91' lang='lat' dir='ltr'><strong>pro</strong></span> <span class='ocrx_word' id='word_1_140' title='bbox 443 2992 549 3043; x_wconf 88' lang='lat' dir='ltr'><strong>ceusu</strong></span> <span class='ocrx_word' id='word_1_141' title='bbox 574 2992 647 3042; x_wconf 87' lang='lat' dir='ltr'><strong>una</strong></span> <span class='ocrx_word' id='word_1_142' title='bbox 673 2991 808 3057; x_wconf 85' lang='lat' dir='ltr'><strong>marca3</strong></span> <span class='ocrx_word' id='word_1_143' title='bbox 843 2972 927 3042; x_wconf 90' lang='lat' dir='ltr'><strong>item</strong></span> <span class='ocrx_word' id='word_1_144' title='bbox 954 2978 1078 3061; x_wconf 87' lang='lat' dir='ltr'><strong>quarta</strong></span> <span class='ocrx_word' id='word_1_145' title='bbox 1105 2970 1364 3042; x_wconf 87' lang='lat' dir='ltr'><strong>Paozkonis</strong></span> <span class='ocrx_word' id='word_1_146' title='bbox 1390 2971 1426 3042; x_wconf 92' lang='lat' dir='ltr'><strong>in</strong></span> <span class='ocrx_word' id='word_1_147' title='bbox 1453 2970 1567 3061; x_wconf 87' lang='lat' dir='ltr'><strong>platea</strong></span> <span class='ocrx_word' id='word_1_148' title='bbox 1592 2970 1707 3061; x_wconf 74' lang='lat' dir='ltr'><strong>longa,</strong></span> <span class='ocrx_word' id='word_1_149' title='bbox 1734 2968 1780 3041; x_wconf 89' lang='lat' dir='ltr'><strong>de</strong></span> 
     </span>
     <span class='ocr_line' id='line_1_18' title="bbox 232 3090 1594 3181; baseline 0.001 -19"><span class='ocrx_word' id='word_1_150' title='bbox 232 3112 301 3181; x_wconf 86' lang='lat' dir='ltr'><strong>quc</strong></span> <span class='ocrx_word' id='word_1_151' title='bbox 325 3091 473 3164; x_wconf 89' lang='lat' dir='ltr'><strong>solvitur</strong></span> <span class='ocrx_word' id='word_1_152' title='bbox 499 3111 563 3181; x_wconf 92' lang='lat' dir='ltr'><strong>pro</strong></span> <span class='ocrx_word' id='word_1_153' title='bbox 590 3112 695 3163; x_wconf 87' lang='lat' dir='ltr'><strong>censu</strong></span> <span class='ocrx_word' id='word_1_154' title='bbox 721 3111 790 3161; x_wconf 91' lang='lat' dir='ltr'><strong>una</strong></span> <span class='ocrx_word' id='word_1_155' title='bbox 815 3112 940 3163; x_wconf 86' lang='lat' dir='ltr'><strong>marea.</strong></span> <span class='ocrx_word' id='word_1_156' title='bbox 1591 3090 1594 3097; x_wconf 84' lang='lat'>&#39;</span> 
     </span>
    </p>
   </div>
   <div class='ocr_carea' id='block_1_7' title="bbox 890 3353 1128 3434">
    <p class='ocr_par' dir='ltr' id='par_1_7' title="bbox 890 3353 1128 3434">
     <span class='ocr_line' id='line_1_19' title="bbox 890 3353 1128 3434; baseline 0.004 -1"><span class='ocrx_word' id='word_1_157' title='bbox 890 3353 1128 3434; x_wconf 78' lang='lat' dir='ltr'><strong>installatio.</strong></span> 
     </span>
    </p>
   </div>
   <div class='ocr_carea' id='block_1_8' title="bbox 233 3572 1782 4513">
    <p class='ocr_par' dir='ltr' id='par_1_8' title="bbox 233 3572 1782 4513">
     <span class='ocr_line' id='line_1_20' title="bbox 335 3572 1780 3665; baseline 0 -20"><span class='ocrx_word' id='word_1_158' title='bbox 335 3576 424 3647; x_wconf 87' lang='lat' dir='ltr'><strong>Item</strong></span> <span class='ocrx_word' id='word_1_159' title='bbox 450 3574 596 3665; x_wconf 84' lang='lat' dir='ltr'><strong>quilibet</strong></span> <span class='ocrx_word' id='word_1_160' title='bbox 621 3574 799 3665; x_wconf 87' lang='lat' dir='ltr'><strong>praelatus</strong></span> <span class='ocrx_word' id='word_1_161' title='bbox 825 3579 887 3646; x_wconf 91' lang='lat' dir='ltr'><strong>aut</strong></span> <span class='ocrx_word' id='word_1_162' title='bbox 912 3574 1098 3645; x_wconf 90' lang='lat' dir='ltr'><strong>canonicus</strong></span> <span class='ocrx_word' id='word_1_163' title='bbox 1124 3574 1160 3644; x_wconf 92' lang='lat' dir='ltr'><strong>in</strong></span> <span class='ocrx_word' id='word_1_164' title='bbox 1187 3574 1332 3646; x_wconf 88' lang='lat' dir='ltr'><strong>ecelesia</strong></span> <span class='ocrx_word' id='word_1_165' title='bbox 1348 3572 1381 3645; x_wconf 91' lang='lat' dir='ltr'><strong>S.</strong></span> <span class='ocrx_word' id='word_1_166' title='bbox 1399 3574 1552 3646; x_wconf 76' lang='lat' dir='ltr'><strong>Floriani</strong></span> <span class='ocrx_word' id='word_1_167' title='bbox 1578 3574 1780 3647; x_wconf 75' lang='lat' dir='ltr'><strong>installatus</strong></span> 
     </span>
     <span class='ocr_line' id='line_1_21' title="bbox 233 3694 1780 3786; baseline 0.001 -20"><span class='ocrx_word' id='word_1_168' title='bbox 233 3700 270 3766; x_wconf 89' lang='lat' dir='ltr'><strong>et</strong></span> <span class='ocrx_word' id='word_1_169' title='bbox 294 3701 464 3786; x_wconf 86' lang='lat' dir='ltr'><strong>receptus,</strong></span> <span class='ocrx_word' id='word_1_170' title='bbox 491 3699 633 3766; x_wconf 81' lang='lat' dir='ltr'><strong>tenetur</strong></span> <span class='ocrx_word' id='word_1_171' title='bbox 657 3696 794 3767; x_wconf 89' lang='lat' dir='ltr'><strong>ratione</strong></span> <span class='ocrx_word' id='word_1_172' title='bbox 820 3695 1066 3768; x_wconf 86' lang='lat' dir='ltr'><strong>installationis</strong></span> <span class='ocrx_word' id='word_1_173' title='bbox 1084 3701 1120 3767; x_wconf 87' lang='lat' dir='ltr'><strong>et</strong></span> <span class='ocrx_word' id='word_1_174' title='bbox 1137 3695 1347 3784; x_wconf 80' lang='lat' dir='ltr'><strong>receptionis</strong></span> <span class='ocrx_word' id='word_1_175' title='bbox 1365 3696 1458 3786; x_wconf 77' lang='lat' dir='ltr'><strong>suae,</strong></span> <span class='ocrx_word' id='word_1_176' title='bbox 1486 3694 1620 3769; x_wconf 88' lang='lat' dir='ltr'><strong>solvere</strong></span> <span class='ocrx_word' id='word_1_177' title='bbox 1638 3696 1780 3768; x_wconf 87' lang='lat' dir='ltr'><strong>vicariis</strong></span> 
     </span>
     <span class='ocr_line' id='line_1_22' title="bbox 233 3814 1781 3907; baseline 0.001 -22"><span class='ocrx_word' id='word_1_178' title='bbox 233 3814 266 3885; x_wconf 93' lang='lat' dir='ltr'><strong>S.</strong></span> <span class='ocrx_word' id='word_1_179' title='bbox 283 3814 439 3886; x_wconf 89' lang='lat' dir='ltr'><strong>Floriani</strong></span> <span class='ocrx_word' id='word_1_180' title='bbox 456 3836 560 3887; x_wconf 90' lang='lat' dir='ltr'><strong>unam</strong></span> <span class='ocrx_word' id='word_1_181' title='bbox 577 3836 738 3907; x_wconf 89' lang='lat' dir='ltr'><strong>marcam,</strong></span> <span class='ocrx_word' id='word_1_182' title='bbox 764 3818 829 3889; x_wconf 91' lang='lat' dir='ltr'><strong>sub</strong></span> <span class='ocrx_word' id='word_1_183' title='bbox 847 3834 960 3906; x_wconf 88' lang='lat' dir='ltr'><strong>poena</strong></span> <span class='ocrx_word' id='word_1_184' title='bbox 977 3816 1340 3888; x_wconf 85' lang='lat' dir='ltr'><strong>excommunicationis</strong></span> <span class='ocrx_word' id='word_1_185' title='bbox 1365 3817 1525 3888; x_wconf 89' lang='lat' dir='ltr'><strong>irrecuse.</strong></span> <span class='ocrx_word' id='word_1_186' title='bbox 1551 3818 1639 3888; x_wconf 89' lang='lat' dir='ltr'><strong>Item</strong></span> <span class='ocrx_word' id='word_1_187' title='bbox 1656 3817 1781 3888; x_wconf 88' lang='lat' dir='ltr'><strong>vicarii</strong></span> 
     </span>
     <span class='ocr_line' id='line_1_23' title="bbox 233 3934 1780 4029; baseline 0.003 -24"><span class='ocrx_word' id='word_1_188' title='bbox 233 3934 266 4005; x_wconf 93' lang='lat' dir='ltr'><strong>S.</strong></span> <span class='ocrx_word' id='word_1_189' title='bbox 292 3935 448 4008; x_wconf 83' lang='lat' dir='ltr'><strong>Floriani</strong></span> <span class='ocrx_word' id='word_1_190' title='bbox 475 3936 672 4028; x_wconf 87' lang='lat' dir='ltr'><strong>percipiunt</strong></span> <span class='ocrx_word' id='word_1_191' title='bbox 698 3937 742 4007; x_wconf 91' lang='lat' dir='ltr'><strong>dc</strong></span> <span class='ocrx_word' id='word_1_192' title='bbox 768 3937 844 4009; x_wconf 89' lang='lat' dir='ltr'><strong>iure</strong></span> <span class='ocrx_word' id='word_1_193' title='bbox 871 3941 908 4011; x_wconf 90' lang='lat' dir='ltr'><strong>et</strong></span> <span class='ocrx_word' id='word_1_194' title='bbox 934 3937 1182 4009; x_wconf 85' lang='lat' dir='ltr'><strong>consuetudine</strong></span> <span class='ocrx_word' id='word_1_195' title='bbox 1209 3938 1408 4010; x_wconf 88' lang='lat' dir='ltr'><strong>uuiversum</strong></span> <span class='ocrx_word' id='word_1_196' title='bbox 1434 3934 1667 4029; x_wconf 81' lang='lat' dir='ltr'><strong>offertorium,</strong></span> <span class='ocrx_word' id='word_1_197' title='bbox 1694 3938 1780 4009; x_wconf 88' lang='lat' dir='ltr'><strong>item</strong></span> 
     </span>
     <span class='ocr_line' id='line_1_24' title="bbox 233 4044 1780 4151; baseline 0.003 -24"><span class='ocrx_word' id='word_1_198' title='bbox 233 4062 343 4128; x_wconf 89' lang='lat' dir='ltr'><strong>totam</strong></span> <span class='ocrx_word' id='word_1_199' title='bbox 370 4057 658 4130; x_wconf 89' lang='lat' dir='ltr'><strong>columbationem</strong></span> <span class='ocrx_word' id='word_1_200' title='bbox 686 4078 729 4129; x_wconf 86' lang='lat' dir='ltr'><strong>ex</strong></span> <span class='ocrx_word' id='word_1_201' title='bbox 757 4058 930 4148; x_wconf 87' lang='lat' dir='ltr'><strong>parochia,</strong></span> <span class='ocrx_word' id='word_1_202' title='bbox 957 4058 1040 4130; x_wconf 85' lang='lat' dir='ltr'><strong>item</strong></span> <span class='ocrx_word' id='word_1_203' title='bbox 1063 4059 1178 4130; x_wconf 92' lang='lat' dir='ltr'><strong>omnia</strong></span> <span class='ocrx_word' id='word_1_204' title='bbox 1196 4058 1316 4150; x_wconf 85' lang='lat' dir='ltr'><strong>spolia,</strong></span> <span class='ocrx_word' id='word_1_205' title='bbox 1342 4063 1484 4150; x_wconf 90' lang='lat' dir='ltr'><strong>praeter</strong></span> <span class='ocrx_word' id='word_1_206' title='bbox 1500 4044 1780 4151; x_wconf 74' lang='lat' dir='ltr'><strong>purpureaauro</strong></span> 
     </span>
     <span class='ocr_line' id='line_1_25' title="bbox 233 4160 1782 4270; baseline 0.003 -22"><span class='ocrx_word' id='word_1_207' title='bbox 233 4183 348 4248; x_wconf 83' lang='lat' dir='ltr'><strong>textas</strong></span> <span class='ocrx_word' id='word_1_208' title='bbox 376 4183 413 4250; x_wconf 90' lang='lat' dir='ltr'><strong>et</strong></span> <span class='ocrx_word' id='word_1_209' title='bbox 438 4178 650 4269; x_wconf 83' lang='lat' dir='ltr'><strong>axamiticas,</strong></span> <span class='ocrx_word' id='word_1_210' title='bbox 678 4199 766 4269; x_wconf 87' lang='lat' dir='ltr'><strong>quae</strong></span> <span class='ocrx_word' id='word_1_211' title='bbox 793 4177 921 4251; x_wconf 90' lang='lat' dir='ltr'><strong>debent</strong></span> <span class='ocrx_word' id='word_1_212' title='bbox 947 4179 1070 4249; x_wconf 89' lang='lat' dir='ltr'><strong>cedere</strong></span> <span class='ocrx_word' id='word_1_213' title='bbox 1095 4199 1160 4269; x_wconf 89' lang='lat' dir='ltr'><strong>pro</strong></span> <span class='ocrx_word' id='word_1_214' title='bbox 1178 4180 1323 4251; x_wconf 81' lang='lat' dir='ltr'><strong>ecelesia</strong></span> <span class='ocrx_word' id='word_1_215' title='bbox 1348 4179 1384 4249; x_wconf 93' lang='lat' dir='ltr'><strong>in</strong></span> <span class='ocrx_word' id='word_1_216' title='bbox 1410 4184 1581 4270; x_wconf 82' lang='lat' dir='ltr'><strong>ornatum3</strong></span> <span class='ocrx_word' id='word_1_217' title='bbox 1606 4178 1689 4251; x_wconf 84' lang='lat' dir='ltr'><strong>item</strong></span> <span class='ocrx_word' id='word_1_218' title='bbox 1707 4160 1782 4253; x_wconf 87' lang='lat' dir='ltr'><strong>me·</strong></span> 
     </span>
     <span class='ocr_line' id='line_1_26' title="bbox 234 4298 1782 4392; baseline 0.002 -23"><span class='ocrx_word' id='word_1_219' title='bbox 234 4298 397 4370; x_wconf 86' lang='lat' dir='ltr'><strong>dietatem</strong></span> <span class='ocrx_word' id='word_1_220' title='bbox 425 4298 468 4370; x_wconf 93' lang='lat' dir='ltr'><strong>de</strong></span> <span class='ocrx_word' id='word_1_221' title='bbox 495 4300 655 4372; x_wconf 90' lang='lat' dir='ltr'><strong>omnibus</strong></span> <span class='ocrx_word' id='word_1_222' title='bbox 680 4300 810 4391; x_wconf 83' lang='lat' dir='ltr'><strong>vigiliis</strong></span> <span class='ocrx_word' id='word_1_223' title='bbox 837 4300 1004 4391; x_wconf 86' lang='lat' dir='ltr'><strong>cantatis,</strong></span> <span class='ocrx_word' id='word_1_224' title='bbox 1031 4298 1217 4371; x_wconf 89' lang='lat' dir='ltr'><strong>medietate</strong></span> <span class='ocrx_word' id='word_1_225' title='bbox 1243 4320 1307 4391; x_wconf 90' lang='lat' dir='ltr'><strong>pro</strong></span> <span class='ocrx_word' id='word_1_226' title='bbox 1334 4300 1501 4392; x_wconf 78' lang='lat' dir='ltr'><strong>magistro</strong></span> <span class='ocrx_word' id='word_1_227' title='bbox 1527 4300 1642 4373; x_wconf 89' lang='lat' dir='ltr'><strong>seclae</strong></span> <span class='ocrx_word' id='word_1_228' title='bbox 1666 4320 1782 4373; x_wconf 89' lang='lat' dir='ltr'><strong>rema-</strong></span> 
     </span>
     <span class='ocr_line' id='line_1_27' title="bbox 234 4418 1736 4513; baseline 0.001 -22"><span class='ocrx_word' id='word_1_229' title='bbox 234 4425 348 4510; x_wconf 82' lang='lat' dir='ltr'><strong>nente,</strong></span> <span class='ocrx_word' id='word_1_230' title='bbox 375 4426 412 4492; x_wconf 90' lang='lat' dir='ltr'><strong>et</strong></span> <span class='ocrx_word' id='word_1_231' title='bbox 437 4420 648 4512; x_wconf 80' lang='lat' dir='ltr'><strong>generaliter</strong></span> <span class='ocrx_word' id='word_1_232' title='bbox 674 4440 793 4493; x_wconf 89' lang='lat' dir='ltr'><strong>omnes</strong></span> <span class='ocrx_word' id='word_1_233' title='bbox 820 4425 983 4512; x_wconf 84' lang='lat' dir='ltr'><strong>quaestus</strong></span> <span class='ocrx_word' id='word_1_234' title='bbox 1009 4420 1046 4492; x_wconf 91' lang='lat' dir='ltr'><strong>in</strong></span> <span class='ocrx_word' id='word_1_235' title='bbox 1073 4420 1218 4494; x_wconf 89' lang='lat' dir='ltr'><strong>ecelesia</strong></span> <span class='ocrx_word' id='word_1_236' title='bbox 1244 4420 1277 4490; x_wconf 89' lang='lat' dir='ltr'><strong>S.</strong></span> <span class='ocrx_word' id='word_1_237' title='bbox 1304 4418 1457 4493; x_wconf 87' lang='lat' dir='ltr'><strong>Floriani</strong></span> <span class='ocrx_word' id='word_1_238' title='bbox 1484 4423 1736 4513; x_wconf 81' lang='lat' dir='ltr'><strong>provenientes.</strong></span> 
     </span>
    </p>
   </div>
   <div class='ocr_carea' id='block_1_9' title="bbox 338 4733 1781 4839">
    <p class='ocr_par' dir='ltr' id='par_1_9' title="bbox 338 4733 1781 4839">
     <span class='ocr_line' id='line_1_28' title="bbox 338 4733 1781 4839; baseline 0.001 -22"><span class='ocrx_word' id='word_1_239' title='bbox 338 4733 601 4818; x_wconf 78' lang='lat' dir='ltr'><strong>wladislaus</strong></span> <span class='ocrx_word' id='word_1_240' title='bbox 622 4734 847 4818; x_wconf 77' lang='lat' dir='ltr'><strong>Secundus</strong></span> <span class='ocrx_word' id='word_1_241' title='bbox 871 4736 1070 4819; x_wconf 83' lang='lat' dir='ltr'><strong>Polonlao</strong></span> <span class='ocrx_word' id='word_1_242' title='bbox 1092 4759 1191 4839; x_wconf 87' lang='lat' dir='ltr'><strong>rex,</strong></span> <span class='ocrx_word' id='word_1_243' title='bbox 1223 4737 1398 4819; x_wconf 76' lang='lat' dir='ltr'><strong>dandulo</strong></span> <span class='ocrx_word' id='word_1_244' title='bbox 1418 4759 1443 4818; x_wconf 84' lang='lat' dir='ltr'><strong>a</strong></span> <span class='ocrx_word' id='word_1_245' title='bbox 1465 4759 1514 4818; x_wconf 80' lang='lat' dir='ltr'><strong>sc</strong></span> <span class='ocrx_word' id='word_1_246' title='bbox 1536 4760 1573 4820; x_wconf 84' lang='lat' dir='ltr'><strong>a.</strong></span> <span class='ocrx_word' id='word_1_247' title='bbox 1592 4736 1640 4818; x_wconf 86' lang='lat' dir='ltr'><strong>D.</strong></span> <span class='ocrx_word' id='word_1_248' title='bbox 1662 4734 1781 4821; x_wconf 74' lang='lat' dir='ltr'><strong>roco.</strong></span> 
     </span>
    </p>
   </div>
   <div class='ocr_carea' id='block_1_10' title="bbox 233 4872 1793 5462">
    <p class='ocr_par' dir='ltr' id='par_1_10' title="bbox 233 4872 1793 5462">
     <span class='ocr_line' id='line_1_29' title="bbox 235 4872 1781 4980; baseline 0.001 -26"><span class='ocrx_word' id='word_1_249' title='bbox 235 4872 377 4955; x_wconf 79' lang='lat' dir='ltr'><strong>studio</strong></span> <span class='ocrx_word' id='word_1_250' title='bbox 408 4877 596 4980; x_wconf 83' lang='lat' dir='ltr'><strong>qenerali</strong></span> <span class='ocrx_word' id='word_1_251' title='bbox 629 4876 669 4955; x_wconf 93' lang='lat' dir='ltr'><strong>ln</strong></span> <span class='ocrx_word' id='word_1_252' title='bbox 702 4876 873 4957; x_wconf 81' lang='lat' dir='ltr'><strong>civitate</strong></span> <span class='ocrx_word' id='word_1_253' title='bbox 907 4877 1024 4980; x_wconf 79' lang='lat' dir='ltr'><strong>repta</strong></span> <span class='ocrx_word' id='word_1_254' title='bbox 1057 4873 1358 4977; x_wconf 80' lang='lat' dir='ltr'><strong>cracoviensi,</strong></span> <span class='ocrx_word' id='word_1_255' title='bbox 1401 4877 1538 4956; x_wconf 85' lang='lat' dir='ltr'><strong>omnia</strong></span> <span class='ocrx_word' id='word_1_256' title='bbox 1572 4874 1781 4957; x_wconf 81' lang='lat' dir='ltr'><strong>bonodola</strong></span> 
     </span>
     <span class='ocr_line' id='line_1_30' title="bbox 234 5008 1793 5100; baseline 0 -19"><span class='ocrx_word' id='word_1_257' title='bbox 234 5008 401 5081; x_wconf 85' lang='lat' dir='ltr'><strong>ecclcsiae</strong></span> <span class='ocrx_word' id='word_1_258' title='bbox 426 5008 460 5081; x_wconf 91' lang='lat' dir='ltr'><strong>S.</strong></span> <span class='ocrx_word' id='word_1_259' title='bbox 487 5009 642 5082; x_wconf 84' lang='lat' dir='ltr'><strong>Floriani</strong></span> <span class='ocrx_word' id='word_1_260' title='bbox 669 5014 810 5100; x_wconf 90' lang='lat' dir='ltr'><strong>praeter</strong></span> <span class='ocrx_word' id='word_1_261' title='bbox 836 5008 1125 5100; x_wconf 87' lang='lat' dir='ltr'><strong>praeposituram,</strong></span> <span class='ocrx_word' id='word_1_262' title='bbox 1151 5029 1296 5099; x_wconf 90' lang='lat' dir='ltr'><strong>quorum</strong></span> <span class='ocrx_word' id='word_1_263' title='bbox 1324 5008 1489 5082; x_wconf 87' lang='lat' dir='ltr'><strong>introitus</strong></span> <span class='ocrx_word' id='word_1_264' title='bbox 1506 5012 1544 5081; x_wconf 90' lang='lat' dir='ltr'><strong>et</strong></span> <span class='ocrx_word' id='word_1_265' title='bbox 1560 5008 1717 5081; x_wconf 89' lang='lat' dir='ltr'><strong>redditus</strong></span> <span class='ocrx_word' id='word_1_266' title='bbox 1743 5010 1793 5081; x_wconf 92' lang='lat' dir='ltr'><strong>in·</strong></span> 
     </span>
     <span class='ocr_line' id='line_1_31' title="bbox 233 5127 1783 5221; baseline 0.001 -21"><span class='ocrx_word' id='word_1_267' title='bbox 233 5130 472 5218; x_wconf 90' lang='lat' dir='ltr'><strong>superioribus</strong></span> <span class='ocrx_word' id='word_1_268' title='bbox 489 5129 743 5221; x_wconf 84' lang='lat' dir='ltr'><strong>descripsimus,</strong></span> <span class='ocrx_word' id='word_1_269' title='bbox 761 5130 873 5202; x_wconf 86' lang='lat' dir='ltr'><strong>eidem</strong></span> <span class='ocrx_word' id='word_1_270' title='bbox 891 5130 926 5200; x_wconf 91' lang='lat' dir='ltr'><strong>in</strong></span> <span class='ocrx_word' id='word_1_271' title='bbox 940 5130 1056 5200; x_wconf 89' lang='lat' dir='ltr'><strong>dotem</strong></span> <span class='ocrx_word' id='word_1_272' title='bbox 1075 5130 1264 5221; x_wconf 76' lang='lat' dir='ltr'><strong>consignat,</strong></span> <span class='ocrx_word' id='word_1_273' title='bbox 1281 5127 1461 5202; x_wconf 87' lang='lat' dir='ltr'><strong>ecclesiam</strong></span> <span class='ocrx_word' id='word_1_274' title='bbox 1478 5150 1562 5204; x_wconf 86' lang='lat' dir='ltr'><strong>vero</strong></span> <span class='ocrx_word' id='word_1_275' title='bbox 1579 5128 1613 5201; x_wconf 87' lang='lat' dir='ltr'><strong>S.</strong></span> <span class='ocrx_word' id='word_1_276' title='bbox 1626 5128 1783 5201; x_wconf 85' lang='lat' dir='ltr'><strong>Floriani</strong></span> 
     </span>
     <span class='ocr_line' id='line_1_32' title="bbox 233 5249 1783 5342; baseline 0.003 -22"><span class='ocrx_word' id='word_1_277' title='bbox 233 5250 459 5340; x_wconf 88' lang='lat' dir='ltr'><strong>amplioribus</strong></span> <span class='ocrx_word' id='word_1_278' title='bbox 484 5252 711 5342; x_wconf 86' lang='lat' dir='ltr'><strong>proventibus</strong></span> <span class='ocrx_word' id='word_1_279' title='bbox 736 5249 1002 5341; x_wconf 78' lang='lat' dir='ltr'><strong>gravidatarus,</strong></span> <span class='ocrx_word' id='word_1_280' title='bbox 1036 5251 1260 5323; x_wconf 82' lang='lat' dir='ltr'><strong>cancellarios</strong></span> <span class='ocrx_word' id='word_1_281' title='bbox 1286 5257 1367 5341; x_wconf 87' lang='lat' dir='ltr'><strong>tres,</strong></span> <span class='ocrx_word' id='word_1_282' title='bbox 1394 5271 1540 5341; x_wconf 90' lang='lat' dir='ltr'><strong>quarum</strong></span> <span class='ocrx_word' id='word_1_283' title='bbox 1567 5250 1657 5323; x_wconf 90' lang='lat' dir='ltr'><strong>duae</strong></span> <span class='ocrx_word' id='word_1_284' title='bbox 1681 5250 1783 5325; x_wconf 77' lang='lat' dir='ltr'><strong>vide·</strong></span> 
     </span>
     <span class='ocr_line' id='line_1_33' title="bbox 233 5368 1784 5462; baseline 0.004 -21"><span class='ocrx_word' id='word_1_285' title='bbox 233 5369 317 5443; x_wconf 83' lang='lat' dir='ltr'><strong>licet</strong></span> <span class='ocrx_word' id='word_1_286' title='bbox 341 5368 561 5462; x_wconf 79' lang='lat' dir='ltr'><strong>Syradiensia</strong></span> <span class='ocrx_word' id='word_1_287' title='bbox 579 5378 615 5443; x_wconf 89' lang='lat' dir='ltr'><strong>et</strong></span> <span class='ocrx_word' id='word_1_288' title='bbox 632 5372 869 5445; x_wconf 85' lang='lat' dir='ltr'><strong>Lanoiciensis</strong></span> <span class='ocrx_word' id='word_1_289' title='bbox 895 5370 1092 5443; x_wconf 81' lang='lat' dir='ltr'><strong>soecularas</strong></span> <span class='ocrx_word' id='word_1_290' title='bbox 1118 5378 1228 5459; x_wconf 81' lang='lat' dir='ltr'><strong>eraut,</strong></span> <span class='ocrx_word' id='word_1_291' title='bbox 1254 5376 1291 5444; x_wconf 90' lang='lat' dir='ltr'><strong>et</strong></span> <span class='ocrx_word' id='word_1_292' title='bbox 1315 5392 1337 5441; x_wconf 92' lang='lat' dir='ltr'><strong>a</strong></span> <span class='ocrx_word' id='word_1_293' title='bbox 1362 5372 1597 5445; x_wconf 86' lang='lat' dir='ltr'><strong>saecularibus</strong></span> <span class='ocrx_word' id='word_1_294' title='bbox 1623 5370 1784 5461; x_wconf 81' lang='lat' dir='ltr'><strong>personis</strong></span> 
     </span>
    </p>
   </div>
   <div class='ocr_carea' id='block_1_11' title="bbox 0 0 2035 6052">
    <p class='ocr_par' dir='ltr' id='par_1_11' title="bbox 0 0 2035 6052">
     <span class='ocr_line' id='line_1_34' title="bbox 0 0 2035 6052; baseline 0 0"><span class='ocrx_word' id='word_1_295' title='bbox 0 0 2035 6052; x_wconf 95' lang='lat' dir='ltr'><strong> </strong></span> 
     </span>
    </p>
   </div>
  </div>
 </body>
</html>
