4050 6054
232 447 281 517 20

232 648 467 733 Cracoviensi3
511 652 548 715 et
574 644 716 732 ,ducunt
754 663 829 714 eam
868 642 1068 713 cmethones
1106 643 1258 732 propriis
1297 644 1456 713 curribus
1496 643 1533 713 in
1563 642 1727 714 horreum
1759 665 1785 714 a

233 768 431 860 praeposito
466 765 658 846 locandum
701 764 789 834 Item
824 763 985 851 taberna,
1021 764 1104 833 item
1139 763 1331 850 hortulani,
1375 764 1458 834 item
1494 784 1562 833 non
1605 772 1688 834 sunt
1731 765 1785 834 ibi

234 888 379 982 praedia
404 885 578 957 militaria

338 1006 563 1093 Cruczrczs,
582 1004 665 1074 tilla
682 1003 747 1074 suh
765 1003 931 1092 parochia
944 1003 1108 1072 ecclesiae
1126 1002 1169 1073 de
1183 1003 1460 1074 Dzerzskon
1487 1004 1570 1090 sita,
1587 1004 1685 1073 cuins
1697 1004 1784 1074 hae

235 1129 335 1202 redes
349 1126 508 1197 Andreas
522 1131 560 1195 et
572 1123 751 1195 lohannes
764 1123 807 1193 de
821 1122 923 1193 domo
937 1176 1034 1190 .....
1053 1122 1092 1192 ln
1107 1143 1176 1211 qua
1189 1129 1271 1193 sunt
1283 1123 1376 1193 lanei
1389 1123 1624 1194 cmethonales
1636 1131 1724 1210 tres,
1737 1123 1785 1195 de

236 1248 360 1338 quihus
382 1245 530 1316 solvitur
552 1243 685 1316 decima
702 1241 927 1330 manipularis
949 1247 986 1311 et
1003 1262 1066 1330 per
1089 1248 1238 1331 quatuor
1256 1243 1395 1330 ierugas
1413 1242 1587 1332 canapalis
1605 1244 1785 1331 praeposi-

235 1376 336 1440 turae
363 1365 597 1451 Graooviensi,
622 1371 660 1434 et
685 1362 816 1432 ducunt
841 1381 917 1431 eam
944 1363 1143 1433 cmethones
1169 1363 1320 1451 propriis
1345 1362 1505 1432 curribus
1522 1363 1558 1433 iu
1576 1362 1739 1433 horreum
1762 1385 1787 1433 a

235 1487 435 1579 praeposito
448 1483 632 1555 locandum
654 1489 691 1553 et
712 1483 811 1553 valor
825 1484 900 1553 eins
914 1482 958 1552 ad
971 1489 1045 1553 tres
1058 1503 1192 1553 marcas
1206 1483 1420 1554 aestimatur.
1438 1482 1525 1553 Item
1539 1483 1686 1552 taberna
1699 1504 1786 1570 una,

237 1576 369 1680 hahens
387 1627 499 1696 agros,
517 1604 561 1675 de
575 1605 700 1693 quibus
717 1603 910 1674 decimatur
923 1605 1186 1694 praepositurae
1201 1602 1430 1674 Gracoviensi
1457 1603 1544 1673 Item
1559 1603 1627 1673 duo
1640 1603 1787 1691 praedia

237 1727 417 1814 militaria,
444 1725 487 1796 de
523 1723 647 1813 quihus
682 1723 815 1794 decima
845 1724 1010 1795 ecclesiae
1037 1725 1073 1795 iu
1099 1724 1376 1795 Dzerzskow
1403 1722 1593 1813 parochiali
1628 1722 1786 1797 solvitur.

239 1851 327 1920 ltem
345 1847 394 1918 ibi
411 1845 556 1917 ecclesia
574 1844 616 1915 de
643 1843 873 1915 Przelank
900 1845 1008 1915 hahet
1023 1845 1217 1934 praedium,
1234 1843 1279 1914 de
1297 1845 1394 1915 cuius
1412 1844 1506 1933 agris
1524 1843 1610 1914 nulli
1627 1843 1787 1914 decimat

239 1971 327 2041 Item
353 1965 573 2037 hortulaniae
604 1965 707 2053 duae,
738 1965 907 2035 hahentes
938 1985 1056 2053 agros,
1088 1964 1274 2053 dequibus
1304 1963 1497 2034 decimatur
1523 1964 1787 2053 praepositurae

239 2086 469 2166 Gracorieusi.
495 2085 582 2156 Item
610 2105 699 2155 unus
725 2085 846 2155 laneus
873 2083 1101 2154 cmethonalis
1127 2089 1272 2171 quartus
1298 2083 1615 2170 Prandothae,
1645 2083 1689 2154 de
1716 2105 1787 2172 quo

239 2209 431 2280 decimatur
448 2205 613 2276 ecclesiae
631 2211 668 2275 et
685 2204 834 2294 plebano
853 2204 888 2272 in
907 2202 1042 2273 Przel
1053 2202 1149 2272 ank.

343 2325 527 2410 Gnnnnza,
545 2323 629 2394 villa
646 2322 710 2393 suh
729 2323 894 2412 parochia
911 2322 1076 2393 eeclesiae
1093 2322 1137 2392 de
1160 2319 1244 2392 Gol
1252 2345 1336 2413 pen
1345 2347 1367 2414 y
1378 2346 1399 2394 o
1410 2325 1463 2394 wi
1489 2324 1571 2413 sita,
1590 2324 1686 2395 cuius
1703 2323 1789 2394 hae-

240 2470 297 2519 res
328 2446 449 2517 unicus
480 2442 605 2513 nobilis
633 2441 676 2512 de
698 2442 799 2512 domo
817 2441 1001 2513 Pilawa
1040 2442 1081 2512 ln
1099 2463 1168 2532 qua
1186 2449 1267 2514 sunt
1289 2444 1380 2514 lanei
1398 2444 1632 2514 cmethonales
1645 2496 1788 2513 .......

241 2568 283 2638 de
303 2567 427 2655 quihus
445 2562 591 2633 solvitur
608 2561 742 2632 decima
759 2561 984 2651 manipularis
999 2568 1035 2634 et
1047 2583 1111 2652 per
1124 2570 1274 2652 quatuor
1292 2565 1430 2653 ierugas
1448 2565 1624 2653 canapalis
1641 2584 1790 2654 praepo

241 2688 371 2757 siturae
389 2681 624 2768 Gracoviensl3
651 2686 687 2752 et
713 2681 844 2752 ducunt
870 2703 944 2753 eam
972 2684 1172 2755 cmethones
1197 2685 1349 2774 propriis
1375 2685 1535 2756 curribus
1558 2685 1593 2754 in
1620 2686 1786 2755 horreum

233 2828 264 2921 “a
281 2803 480 2906 praeposito
503 2801 684 2872 locandum
714 2807 751 2873 et
777 2801 875 2873 valor
893 2803 967 2875 eius
986 2803 1191 2875 aestimatur
1208 2804 1254 2875 ad
1271 2825 1331 2876 sex
1349 2825 1492 2876 marcas.
1519 2804 1607 2876 Item
1625 2804 1795 2893 taberna„

236 2924 326 2998 'imm
344 2922 536 3010 hortulani,
554 2922 637 2993 item
655 2922 834 3012 praedium
848 2976 945 2993 .....
1071 3000 1078 3009 ,
1716 2994 1721 3011 ,

238 3110 241 3115 ,
347 3044 561 3130 annmczn,
578 3043 662 3114 villa
674 3044 738 3114 suh
752 3045 917 3133 parochia
931 3044 1096 3115 ecclesiae
1109 3044 1153 3115 de
1166 3045 1443 3117 Dzerzslrow
1457 3047 1539 3134 sita,
1554 3047 1651 3116 cuius
1664 3045 1790 3117 haeres

243 3166 402 3237 Andreas
416 3163 657 3253 Pszarsky,
671 3163 796 3233 nobilis
810 3164 852 3234 de
866 3163 967 3233 domo
982 3163 1281 3254 accipitrum.
1300 3166 1340 3235 ln
1354 3187 1423 3255 qua
1436 3173 1518 3236 sunt
1531 3166 1623 3237 lanei
1636 3165 1789 3236 cmetho

242 3286 339 3357 nales
353 3337 361 3352 .
376 3338 383 3352 .
398 3337 405 3352 .
420 3337 427 3352 .
442 3282 484 3352 de
499 3282 623 3372 quihus
637 3282 784 3353 solvitur
798 3282 931 3353 decima
943 3283 1168 3374 manipularis
1190 3292 1226 3355 et
1249 3305 1311 3374 per
1326 3292 1476 3374 quatuor
1490 3288 1627 3375 ierugas
1641 3305 1789 3373 canapa-

242 3406 285 3476 lis
304 3403 566 3494 praepositurae
585 3400 819 3491 Gracoviensi3
846 3409 882 3473 et
908 3403 1039 3473 ducunt
1056 3424 1132 3474 eam
1151 3407 1349 3476 cmethoues
1368 3407 1403 3476 in
1421 3407 1584 3478 horreum
1602 3427 1624 3476 a
1641 3425 1788 3494 praepo

243 3526 311 3596 sito
329 3521 518 3594 locandum.
553 3522 641 3592 nom
658 3522 839 3610 tabernae,
867 3523 950 3594 item
967 3523 1157 3613 hortulani,
1184 3526 1266 3596 item
1294 3533 1348 3598 est
1375 3526 1423 3597 ihi
1441 3528 1578 3597 unicum
1604 3525 1785 3616 praedium

244 3644 411 3732 militare,
439 3641 530 3732 quod
557 3641 663 3714 solvit
687 3641 854 3726 dammam
881 3642 1130 3732 manipularem
1156 3646 1321 3717 ecclesiae
1347 3648 1538 3737 parochiali
1565 3649 1600 3717 iu
1626 3648 1791 3718 Dzerz-

244 3765 374 3837 skow.

346 3880 530 3970 Cosszow,
557 3881 721 3972 oppidum
747 3883 879 3954 hahens
906 3883 1085 3954 ecclesiam
1112 3886 1345 3973 parochialem
1368 3888 1532 3977 ligneam,
1551 3889 1648 3959 cuius
1665 3889 1790 3960 haeres

246 4003 365 4073 unicus
383 4002 560 4073 lohannes
587 4001 853 4092 Quilinsky,
880 4002 1007 4073 nobilis
1025 4003 1068 4074 de
1087 4004 1188 4075 domo
1207 4005 1437 4096 Vulpium;
1464 4009 1500 4078 in
1518 4029 1587 4097 qua
1600 4015 1681 4079 sunt
1697 4009 1792 4080 lanei

245 4121 508 4212 oppidanorum,
526 4120 569 4191 de
588 4121 712 4210 quihus
730 4122 878 4192 solvitur
896 4128 932 4192 et
950 4123 1153 4195 conducitur
1167 4124 1300 4196 decima
1316 4128 1542 4218 manipularis
1561 4135 1598 4199 et
1615 4128 1790 4218 canapalis

245 4264 310 4333 pro
328 4241 571 4333 praepositura
589 4241 819 4312 Cracoviensi.
1447 4233 1451 4236 ’
1805 4320 1810 4328 ,

349 4361 589 4450 DausruorvA,
608 4361 691 4432 villa
708 4362 771 4433 suh
789 4364 954 4452 parochia
971 4365 1136 4436 ecclesiae
1155 4365 1197 4436 de
1216 4365 1435 4439 Moskorzow
1454 4369 1535 4458 sita,
1554 4369 1651 4445 cuius
1669 4369 1790 4440 haere-

247 4482 403 4571 desduo,
421 4479 599 4552 Abraham
626 4480 875 4576 Ullcowsky
902 4485 945 4555 de
964 4484 1064 4556 domo
1092 4483 1152 4556 Gr
1160 4485 1208 4578 yf
1214 4485 1230 4556 f
1237 4509 1364 4558 onum
1396 4494 1432 4571 et
1446 4488 1648 4578 Vilhelmus,
1666 4489 1791 4561 nobilis

247 4601 404 4674 dedomo
432 4599 699 4674 Godzamha.
727 4604 766 4674 ln
786 4625 854 4694 qua
871 4610 952 4676 sunt
969 4605 1061 4675 lanei
1080 4607 1312 4678 cmethonales
1336 4628 1410 4697 sex,
1437 4608 1480 4679 de
1500 4610 1624 4699 quihus
1643 4609 1790 4682 solvitur

247 4722 380 4793 decima
398 4722 621 4812 manipularis
640 4728 676 4794 et
693 4740 756 4813 per
778 4731 927 4815 quatuor
940 4725 1078 4815 ierugas
1092 4727 1267 4816 canapalis
1281 4729 1543 4817 praepositurae
1557 4728 1791 4817 Gracoviensi3
1874 4761 1879 4778 ·

247 4828 283 4914 et
301 4842 430 4914 ducunt
456 4861 532 4913 eam
550 4842 746 4915 cmethones
769 4844 805 4914 in
824 4845 986 4916 horreum
1004 4864 1027 4915 a
1042 4846 1241 4935 praeposito
1268 4847 1450 4918 locandum
1476 4855 1513 4919 et
1539 4849 1637 4919 valor
1654 4850 1728 4920 eius
1746 4847 1790 4919 ad

249 4983 309 5034 sex
327 4982 460 5034 marcas
478 4962 691 5034 aestimatur.
717 4964 805 5035 Item
823 4966 970 5036 taberna
987 4986 1073 5055 una,
1091 4966 1223 5038 hahens
1240 4988 1346 5039 unum
1364 4967 1501 5039 laneum
1519 4988 1562 5040 ex
1580 4970 1674 5057 agris
1692 4988 1792 5058 prae-

249 5081 395 5154 dialihus
423 5082 645 5173 attributum,
668 5083 711 5154 de
738 5104 805 5174 quo
832 5083 964 5155 decima
982 5085 1129 5158 solvitur
1147 5087 1310 5159 ecclesiae
1328 5088 1364 5158 in
1389 5089 1681 5187 Dzerszkow;
1709 5090 1791 5159 item

248 5202 446 5274 hortulania
464 5223 534 5274 una
545 5224 615 5275 non
633 5203 764 5276 hahens
779 5224 895 5302 agros,
913 5205 997 5276 item
1015 5210 1096 5277 sunt
1114 5206 1164 5277 ihi
1180 5206 1248 5279 duo
1262 5208 1405 5298 praedia
1417 5208 1592 5300 militaria,
1611 5208 1791 5300 dequibus

248 5321 393 5396 solvitur
412 5322 543 5396 decima
561 5324 785 5416 manipularis
803 5325 967 5398 ecclesiae
984 5325 1175 5418 parochiali
1192 5327 1228 5399 in
1245 5327 1285 5398 M
1295 5349 1314 5398 o
1325 5329 1460 5403 skorz
1471 5348 1491 5400 o
1501 5351 1541 5401 w.
