4050 6054
222 420 310 499 ,620

234 594 539 714 cognominabatur
564 618 837 706 Hermanus,
864 616 957 691 filius
984 615 1205 687 casimiri
1230 614 1384 704 Primi,
1410 615 1514 704 primi
1540 614 1725 705 monachi,
1751 619 1789 687 et

234 743 344 814 frater
369 761 552 831 germanus
579 738 790 808 Boleslai
816 736 966 807 munifici
994 734 1179 824 Secundi,
1202 734 1434 819 interfectoris
1453 735 1653 806 Beatissimi
1671 733 1789 807 stani-

236 863 302 933 slai
337 859 576 933 cracoviensis
611 859 782 948 episcopi,
818 857 983 931 Pedoniac
1017 877 1157 945 regum,
1193 856 1265 927 lilia
1299 876 1435 946 quoque
1471 854 1653 927 Wratislai
1688 855 1793 927 ducis'

236 981 441 1070 Bohcmiae,
456 960 712 1051 ¹deuteritatem
749 998 844 1049 suam
882 977 917 1047 in
953 976 1214 1047 Cracoviensem
1250 976 1447 1066 ecclesiam,
1482 975 1595 1048 dando
1631 975 1787 1068 capitulo

236 1100 458 1173 Cracoviensi
493 1099 586 1170 bona
620 1096 830 1187 cropisz,
867 1117 954 1187 quae
990 1118 1080 1167 nunc
1115 1095 1386 1186 Pabyanicensia
1419 1096 1647 1188 appellamus,
1680 1102 1718 1169 et
1750 1097 1787 1175 in

235 1220 483 1293 monasterium
520 1218 766 1309 Thyniciense,
802 1217 915 1288 dando
952 1216 1002 1287 illi
1037 1218 1129 1288 bona
1165 1217 1449 1313 Xangnicre,
1484 1216 1715 1305 ostendisset;
1751 1218 1788 1289 iu

235 1340 546 1415 Kruszviciensem
574 1359 708 1429 quoquc
737 1338 915 1409 ecclesiam
941 1338 1019 1428 pari
1046 1337 1229 1410 devotione
1247 1342 1282 1409 et
1299 1337 1509 1410 liberalitate
1526 1359 1642 1425 usvua,
1660 1338 1788 1411 castel·

234 1462 361 1535 lanian
388 1460 639 1549 Lagoviensem
666 1479 741 1530 cum
769 1458 879 1548 villis,
906 1458 1032 1549 sylvis,
1058 1458 1274 1547 nemoribus,
1302 1457 1555 1549 venationibus,
1580 1459 1725 1531 mineris
1751 1464 1791 1532 ct

232 1580 462 1670 servitudinis,
489 1579 534 1651 ad
569 1580 664 1651 illam
693 1579 950 1668 quomodolibet
984 1580 1239 1668 pertinentibus
1265 1579 1302 1649 in
1329 1584 1425 1649 terra
1451 1577 1725 1651 Sandomirieusi
1751 1584 1791 1651 ct

237 1701 386 1772 dioecesi
414 1698 644 1788 ctacoviensi,
671 1699 763 1769 haud
790 1699 892 1788 longe
919 1720 940 1768 a
967 1705 1084 1771 monta
1111 1705 1148 1770 et
1175 1699 1340 1771 coenobio
1368 1696 1517 1770 Sanctae
1541 1696 1663 1771 Crucis
1689 1696 1789 1771 Cal·

235 1821 398 1891 variac
434 1820 556 1909 sitam,
582 1824 753 1909 perpetua
788 1825 823 1889 et
858 1819 1076 1891 irrevocabili
1112 1819 1316 1909 donatione,
1344 1819 1419 1890 viro
1447 1840 1510 1890 suo
1536 1818 1791 1891 Vladislac

143 1968 147 1979 ·
235 1940 400 2011 Polouiae
427 1939 513 2011 duce
540 1945 576 2010 et
601 1941 788 2011 monarcha
824 1940 1032 2031 nequiquam
1069 1940 1294 2037 impediente,
1323 1946 1384 2011 aut
1411 1940 1592 2030 obstante,
1618 1945 1791 2031 perpetuo

236 2060 387 2148 donavit,
415 2059 562 2131 contulit
589 2063 624 2130 et
649 2058 835 2149 inscripsit.
862 2058 1012 2149 ruitque
1039 2065 1154 2131 otest
1181 2060 1326 2130 ecclesia
1343 2059 1643 2131 Wladislavicnsis
1661 2060 1699 2131 in
1717 2061 1792 2132 sin·

236 2180 395 2270 gulorum
422 2179 620 2250 huiusmodi
645 2180 813 2250 bonorum
841 2180 1064 2269 proprietate,
1092 2180 1261 2269 dominio,
1287 2181 1474 2251 donatione
1501 2181 1794 2272 possessiouequc

237 2302 372 2390 quieta,
401 2321 422 2370 a
448 2306 604 2390 tempore
631 2299 828 2371 donationis
855 2300 1051 2390 praelatae,
1078 2300 1284 2390 quaefacta
1311 2308 1365 2372 est
1391 2299 1434 2370 A.
1460 2301 1501 2371 D.
1533 2302 1649 2391 1086,
1676 2321 1792 2393 usque

238 2422 274 2490 in
300 2420 505 2491 hodiernum
533 2420 635 2510 diem,
661 2421 792 2510 absque
820 2420 912 2489 omni
939 2420 1127 2491 renitentia
1152 2428 1189 2492 et
1216 2421 1471 2511 impedimento.
1497 2420 1566 2493 Sed
1592 2427 1629 2493 ct
1649 2422 1792 2495 ratione

234 2541 403 2612 bonorum
431 2540 653 2612 castellaniae
679 2540 905 2629 Lagoviensis
932 2540 1110 2630 praelatae
1137 2542 1396 2632 iuspatronatus
1425 2542 1577 2613 omnium
1603 2540 1790 2614 boneffie-

235 2682 311 2731 rum
339 2662 503 2732 ecclesiae
531 2661 733 2750 collegiatae
759 2660 793 2732 S.
819 2659 1001 2732 Michaelis
1028 2662 1064 2732 in
1092 2666 1205 2734 castro
1233 2661 1463 2753 Cracoviensi,
1491 2668 1552 2733 aut
1579 2662 1704 2733 saltem
1722 2665 1790 2735 sub

235 2781 355 2852 eodem
382 2787 546 2872 tempere,
574 2802 641 2871 quo
670 2780 871 2852 castellania
897 2781 1124 2873 Lagoviensis
1152 2782 1356 2873 donabatur,
1375 2784 1505 2857 dictum
1523 2784 1790 2874 iuspatronatus

235 2901 401 2972 ecclcsiae
428 2901 460 2972 S.
487 2901 669 2973 Michaelis
696 2901 731 2971 in
758 2903 956 2994 episcopum
982 2902 1291 2974 Krnszuiciensem
1320 2910 1355 2975 ct
1382 2925 1461 2975 suos
1490 2924 1706 2976 successores
1723 2924 1790 2996 per

236 3022 428 3112 praelatam
466 3022 489 3094 J
498 3022 630 3093 udith
671 3021 835 3094 Poloniae
876 3023 1031 3113 reginam
1070 3022 1137 3095 luit
1169 3025 1376 3096 attributum
1412 3030 1449 3095 et
1483 3022 1716 3115 transfusum
1750 3030 1790 3095 et

236 3143 391 3232 quamvis
418 3165 487 3213 non
514 3143 656 3233 inficior,
684 3141 776 3232 quod
794 3141 984 3232 praefatam
1003 3144 1238 3215 castellaniam
1257 3144 1506 3235 Lagoviensem
1524 3145 1600 3235 ipsa
1617 3143 1641 3216 J
1650 3144 1790 3217 udith

236 3262 401 3335 Poloniae
429 3264 557 3354 regina,
589 3263 657 3334 viri
690 3263 744 3334 sui
774 3262 1011 3334 Vladislai
1038 3263 1185 3353 praefati
1212 3264 1376 3336 Poloniae
1403 3264 1500 3336 ducis
1527 3271 1563 3336 et
1579 3265 1789 3337 monarchae

236 3384 483 3457 ratihabitione
511 3390 546 3455 et
573 3350 743 3457 consensit
769 3384 909 3474 speciali
937 3384 1133 3474 accedente,
1160 3385 1196 3457 in
1222 3384 1534 3461 Kruszvicicnsem
1552 3385 1735 3463 ecclesiam
1751 3391 1788 3457 et

237 3504 471 3595 episcopatum
499 3510 668 3595 perpetuo
695 3504 825 3575 donaro
851 3506 1015 3596 potuerit,
1043 3506 1129 3579 satis
1155 3511 1271 3577 tamen
1289 3506 1420 3596 dubito,
1439 3513 1476 3579 et
1493 3506 1662 3599 singulari
1678 3506 1790 3579 ambi-

233 3625 367 3715 guitate
393 3624 588 3715 contrahor,
616 3646 684 3716 quo
711 3625 796 3716 iure,
824 3646 935 3716 quove
961 3626 1063 3698 titulo
1090 3632 1126 3698 et
1154 3648 1222 3717 qua
1247 3627 1385 3711 iusticia
1411 3627 1789 3727 Kruszviciensisusive

233 3744 519 3816 Vladislavicnsis
546 3745 727 3836 episcopus
754 3734 905 3818 decimas
932 3746 1164 3839 manipulares
1181 3746 1217 3818 in
1236 3746 1337 3838 siffis,
1355 3747 1400 3821 ad
1419 3747 1655 3821 castellaniam
1671 3746 1788 3839 Lago-

235 3866 389 3937 viensem
416 3865 691 3955 pertinentibus,
719 3886 863 3957 quarum
891 3865 963 3937 fere
991 3888 1109 3938 omnes
1136 3867 1172 3937 in
1200 3889 1290 3943 nava
1316 3858 1432 3941 radice
1458 3874 1539 3959 post
1564 3867 1789 3941 donationem

233 3986 276 4056 de
312 3984 515 4057 castellania
549 3986 759 4076 hagevieusi
793 4008 857 4079 per
893 3986 916 4058 J
925 3987 1059 4059 udith
1093 3986 1239 4078 iactam,
1272 3995 1409 4061 constat
1444 3988 1724 4081 consurrexisse,
1749 3989 1788 4061 in

233 4107 347 4178 aliena
373 4105 523 4191 dioecesi
549 4105 585 4176 in
612 4107 770 4179 omuibus
796 4108 889 4179 villis
916 4107 1030 4179 dictae
1057 4108 1277 4180 castellaniae
1296 4110 1340 4181 ab
1359 4110 1534 4181 ordinario
1553 4108 1785 4201 cracoviensi,

232 4227 330 4299 cuius
357 4226 400 4298 de
427 4228 503 4298 iure
530 4230 566 4297 et
592 4226 840 4299 consuetudine
866 4249 943 4300 esse
961 4228 1162 4319 debuerant,
1181 4228 1247 4300 sibi
1266 4231 1453 4322 usurparit,
1471 4231 1541 4301 nisi
1557 4228 1648 4305 forte
1665 4230 1786 4304 eadem

232 4347 395 4420 Polonine
423 4348 545 4438 regina
570 4344 594 4421 J
602 4347 747 4439 udith,
765 4349 1022 4439 temporalitate
1040 4350 1262 4423 castellaniae
1280 4351 1418 4441 donata,
1438 4351 1661 4424 donationem
1679 4352 1785 4427 edan

232 4467 442 4539 decimarum
478 4467 764 4559 manipularium,
791 4469 828 4541 in
864 4470 981 4543 radice
1015 4491 1104 4541 nova
1130 4470 1198 4541 iam
1225 4478 1308 4542 tunc
1334 4471 1615 4562 consurgentium
1642 4478 1679 4553 et
1704 4492 1784 4559 con·

235 4594 523 4679 surrecturarum,
550 4610 572 4662 a
599 4588 887 4663 cracoviensibus
914 4590 1094 4681 episcopis,
1121 4591 1369 4665 intercessione
1396 4598 1432 4663 et
1456 4593 1590 4683 gratia,
1617 4614 1686 4691 qua
1710 4593 1785 4691 pol-

233 4709 337 4799 lebat,
364 4713 400 4780 et
427 4708 482 4780 cni
508 4714 591 4781 tunc
617 4710 704 4781 nihil
731 4710 942 4801 negabatur,
968 4711 1183 4801 impetrarit,
1210 4717 1271 4784 aut
1297 4711 1542 4785 cracovienses
1569 4714 1724 4813 episcopi
1749 4714 1787 4787 in

231 4828 468 4920 requirendis,
495 4850 584 4921 quac
620 4828 664 4902 ad
699 4829 778 4903 illos
805 4830 1045 4921 pertinebant,
1072 4832 1346 4922 manipularibus
1373 4834 1524 4925 decimis,
1552 4833 1662 4908 denec
1687 4832 1787 4927 lapsu

231 4948 338 5020 luerit
364 4949 451 5020 iuris
478 4948 687 5038 pontificalis
714 4950 951 5042 transcriptis,
977 4949 1107 5024 fuerhrt
1134 4952 1227 5045 quod
1253 4954 1364 5045 magis
1383 4953 1589 5026 crediderim
1608 4954 1786 5057 negligen-

232 5075 306 5161 tes;
333 5090 396 5162 pro
426 5070 525 5143 firmo
552 5069 723 5163 siquidem
751 5078 847 5144 certo
874 5079 910 5145 et
937 5079 1112 5163 comperto
1139 5074 1271 5165 habco,
1299 5074 1391 5165 quod
1416 5074 1644 5167 Lagovieusis
1661 5074 1788 5161 caat-

231 5188 325 5277 lauia
361 5211 424 5280 pro
452 5212 494 5271 ca
521 5196 748 5283 tempestate,
776 5213 845 5284 qua
870 5192 1140 5267 liruszvieinusi
1167 5194 1332 5267 ecclesiae
1361 5195 1575 5286 eleuabatur,
1603 5196 1721 5269 tennis
1748 5202 1786 5270 et

230 5307 394 5403 langvida
419 5310 536 5405 fuerit,
562 5310 777 5409 frequentior
803 5314 957 5406 saltibus,
984 5314 1228 5391 solitudinibus
1255 5322 1291 5388 et
1317 5315 1549 5409 indaginibus,
1568 5337 1672 5413 qnam
1690 5317 1788 5415 agris
