4080 6068
529 718 954 833 CHORUS
991 716 1463 856 maxumas„

684 920 926 1002 Decanatus
958 916 1274 1001 cracoviensis.

300 1106 472 1179 Primaria
490 1107 642 1196 dignitas
661 1111 697 1176 et
715 1106 827 1196 prima
844 1110 925 1196 post
941 1103 1174 1196 pontificalem
1192 1103 1228 1174 in
1248 1101 1354 1173 choro
1373 1100 1509 1190 dextro,
1528 1122 1632 1193 quam
1658 1122 1750 1175 nunc

197 1213 296 1302 tduet
325 1227 453 1300 Paulus
473 1227 515 1299 de
543 1225 762 1316 GlownIa,
789 1226 915 1297 nobiIIs
942 1226 985 1296 de
1012 1226 1113 1296 domo
1132 1208 1401 1296 Godzamba.
1427 1220 1546 1293 PrImo
1564 1221 1753 1295 decanatus

199 1345 438 1422 cracoviensis
465 1348 664 1440 praedIctus
691 1348 797 1420 habet
823 1347 910 1419 duas
936 1346 1037 1418 villas
1055 1366 1119 1436 pro
1138 1366 1202 1416 sua
1222 1343 1437 1435 proprietate
1455 1341 1630 1433 otiando,
1648 1362 1753 1416 unam

199 1468 361 1542 uidelicet
378 1470 622 1562 Kobylany
648 1469 684 1540 in
703 1469 869 1560 parochia
887 1469 1051 1539 ecclesiae
1078 1465 1287 1558 parochiaIIs
1315 1463 1357 1535 de
1381 1463 1753 1556 Bolechowycze,

199 1585 333 1662 duobus
349 1590 556 1662 milliaribus
588 1611 609 1661 a
636 1589 867 1661 cracovia
898 1587 1094 1676 distantem,
1116 1587 1152 1656 in
1172 1591 1312 1676 quaest
1330 1585 1426 1656 curia
1444 1584 1608 1656 notabilis
1623 1584 1754 1675 decani,
1814 1603 1829 1616 ⁸

197 1711 329 1783 habens
343 1732 446 1802 agros
464 1710 659 1801 praediales
683 1710 865 1798 notabiles,
880 1709 915 1779 in
930 1713 1003 1779 tres
1017 1727 1157 1797 campos
1175 1706 1368 1794 distinctos,
1382 1704 1425 1776 de
1445 1705 1570 1796 quibus
1588 1705 1675 1776 nulli
1694 1704 1754 1777 de-

199 1833 312 1919 cimat,
339 1832 400 1903 sed
428 1832 522 1903 solus
541 1833 615 1921 ipse
634 1831 801 1902 decimam
826 1828 1078 1919 manipularem
1095 1847 1139 1898 ex
1157 1827 1250 1918 agris
1278 1825 1465 1898 curialibus
1492 1826 1623 1915 absque
1652 1825 1752 1897 dimi-

197 1952 341 2021 nutione
367 1952 516 2040 percipit
535 1956 572 2021 et
580 1950 624 2020 in'
644 1970 742 2021 suum
761 1950 925 2022 horreum
944 1948 1084 2026 inducit.
1503 1943 1507 1951 ’

301 2070 390 2140 Item
408 2069 491 2139 villa
507 2069 687 2159 praedicta
704 2070 811 2142 habet
828 2070 952 2160 vigiuti
971 2090 1076 2140 unum
1090 2069 1208 2140 laneos
1223 2066 1467 2156 emethonales,
1490 2072 1527 2140 et
1540 2066 1583 2139 de
1598 2067 1753 2159 quolibet

93 2222 96 2233 =
199 2189 347 2260 solvitur
371 2207 488 2260 maroa
516 2195 553 2260 et
571 2188 688 2260 decem
706 2190 818 2278 scotti,
845 2195 919 2260 tres
946 2190 1020 2259 dIes
1046 2189 1216 2278 laborant,
1243 2188 1385 2278 proprio
1413 2207 1518 2259 curru
1545 2193 1607 2259 aut
1634 2195 1753 2261 aratro

200 2309 364 2380 ducturas
390 2308 521 2386 faciunt
566 2330 768 2400 quocunque
796 2311 846 2381 eis
873 2309 1074 2398 mandatur,
1103 2308 1275 2400 iungendo
1303 2309 1339 2379 in
1367 2327 1506 2379 currum
1533 2329 1576 2380 ex
1605 2314 1754 2398 quatuor

133 2432 138 2438 ’
199 2429 317 2518 laneis,
335 2435 485 2519 quatuor
502 2450 628 2521 equos3
654 2430 715 2502 sed
733 2431 807 2501 dies
825 2431 861 2501 in
880 2430 1027 2502 ductura
1053 2430 1235 2519 absumpti,
1264 2432 1455 2520 computari
1483 2432 1533 2504 eis
1560 2432 1688 2503 debent
1706 2432 1750 2504 ad

201 2550 372 2621 rationem
390 2550 524 2621 dierum
541 2551 578 2621 in
597 2551 791 2640 septimana
808 2551 1019 2638 debitorum
1038 2549 1123 2621 dant
1141 2549 1227 2621 duas
1245 2570 1424 2623 mensuras
1448 2571 1577 2624 avenae
1594 2553 1637 2623 de
1655 2573 1750 2624 men·

204 2690 286 2740 sura
305 2669 461 2742 conferta
479 2669 716 2760 (lundoniensi,
745 2677 895 2763 quatuor
922 2691 1087 2761 capones,
1116 2670 1202 2742 duos
1229 2691 1357 2761 caseos,
1384 2673 1531 2763 trigInta
1560 2692 1635 2745 ova.
1665 2673 1755 2745 Item

204 2790 351 2861 curiales
369 2790 443 2862 dles
462 2790 506 2862 ad
524 2791 752 2863 laborandum
770 2813 834 2882 pro
853 2792 959 2882 curia,
977 2797 1071 2863 sunt:
1088 2790 1177 2862 ferio
1191 2791 1350 2882 secunda,
1369 2800 1495 2884 quarta
1513 2799 1549 2865 et
1569 2795 1699 2884 quinta,
1718 2796 1753 2866 iu

200 2911 334 3001 quibus,
353 2912 383 2980 si
401 2910 541 3002 aliquod
559 2911 685 2983 festum
703 2912 838 2985 celebre
866 2912 1040 3002 acciderit,
1058 2933 1128 2984 non
1155 2918 1320 2984 tenentur
1346 2914 1390 2985 ad
1418 2914 1581 2986 laborem.
1608 2913 1754 2986 Solvunt

200 3052 377 3124 opacabat
403 3036 439 3102 et
464 3029 630 3126 capisene
655 3054 719 3124 per
742 3035 891 3123 quatuor
910 3033 1080 3121 denarIos,
1107 3032 1168 3103 sed
1195 3031 1342 3127 obpedna
1371 3054 1440 3105 non
1467 3034 1623 3107 solvunt:
1650 3055 1754 3106 unam

194 3149 378 3246 pacatam
394 3154 633 3225 tantummodo
651 3153 783 3226 faciunt
801 3155 836 3224 in
859 3158 959 3243 anno,
983 3160 1045 3225 aut
1062 3173 1125 3242 pro
1143 3152 1359 3245 hiemalibus,
1373 3160 1435 3227 aut
1448 3175 1512 3245 pro
1531 3154 1755 3227 aestivalibus

200 3271 390 3361 frumentis
409 3280 481 3343 tam
500 3274 706 3364 cmethones,
725 3276 977 3364 tabernatores,
990 3274 1177 3363 hortulani,
1192 3274 1494 3365 molendinatores,
1509 3295 1613 3366 quam
1632 3295 1752 3348 eorum

201 3392 369 3481 inquilini.
396 3393 506 3466 Valor
524 3394 675 3466 decimae
694 3395 898 3467 aestimatur
917 3395 961 3467 ud
979 3394 1126 3484 triginta
1142 3415 1286 3466 marcas.
1312 3395 1402 3466 Item
1419 3396 1526 3468 habet
1541 3399 1616 3467 tres
1635 3397 1753 3468 taber·

203 3532 274 3600 nas,
292 3534 397 3584 unam
415 3520 515 3585 extra
531 3516 659 3605 villam,
678 3537 765 3607 quae
784 3522 928 3588 vocatur
946 3515 1114 3607 Lypka,
1136 3517 1267 3587 habens
1286 3536 1389 3606 agros
1407 3518 1573 3607 speciales
1591 3523 1627 3588 et
1644 3525 1755 3607 prata,

202 3632 288 3703 nihil
306 3633 478 3725 laborans,
496 3637 563 3706 uisi
574 3634 767 3731 peccabam,
787 3643 823 3708 et
841 3637 944 3708 solvit
970 3642 1043 3707 tres
1069 3656 1203 3708 marcas
1222 3656 1299 3708 cum
1316 3637 1449 3727 media3
1480 3625 1630 3709 secunda
1647 3642 1701 3708 est
1719 3639 1754 3708 in

200 3753 293 3844 villa,
311 3755 442 3827 habens
461 3776 563 3846 agros
582 3762 618 3826 et
635 3764 747 3846 prata,
765 3757 851 3828 nihil
869 3757 1041 3845 laborans,
1060 3757 1127 3826 nisi
1140 3755 1334 3850 pomulam,
1354 3763 1390 3827 et
1408 3756 1513 3828 solvit
1530 3761 1602 3827 tres
1620 3775 1754 3827 marcas

202 3894 278 3946 oum
297 3875 454 3963 dimidia;
482 3877 589 3947 tertIa
606 3877 753 3949 taberna
771 3883 825 3948 est
843 3877 948 3948 etiarn
967 3876 1001 3945 in
1021 3876 1114 3946 dicta
1132 3875 1215 3947 villa
1232 3875 1378 3965 Kobyl
1390 3895 1484 3966 any,
1502 3874 1634 3945 habens
1653 3894 1755 3964 agros

119 4052 122 4056 .
202 3989 363 4086 et'prata,
381 4003 418 4067 et
435 3996 572 4067 solvens
586 4002 659 4067 tres
672 4016 816 4067 marcos.
831 3997 917 4067 Tam
930 3995 1138 4086 cmethones,
1154 4015 1255 4085 quam
1274 3996 1516 4068 tabernatores
1530 4002 1566 4068 et
1578 3996 1756 4069 hortulani

202 4116 341 4188 solvunt
359 4116 525 4189 decimam
543 4118 793 4208 manipularem
812 4117 941 4188 decano
969 4121 1005 4186 et
1023 4115 1154 4187 ducunt
1172 4135 1247 4186 eam
1265 4117 1417 4208 propriis
1442 4119 1600 4190 curribus
1617 4119 1654 4189 in
1672 4107 1755 4191 hor-

120 4315 122 4319 ¹
202 4256 299 4307 reum
311 4236 448 4309 decani.
474 4237 563 4309 Item
580 4239 833 4328 tabernatores,
852 4256 1008 4328 capones,
1040 4256 1116 4326 ova,
1135 4255 1262 4339 cespes,
1279 4240 1320 4309 ut
1338 4240 1466 4311 caeteri
1494 4240 1693 4312 eruethones
1711 4240 1755 4312 de

202 4357 312 4428 laneo.
358 4357 447 4429 Item
479 4364 628 4448 quatuor
658 4359 836 4430 hortulani
866 4358 1035 4430 habentes
1067 4377 1170 4448 agros
1199 4358 1360 4451 proprIos
1388 4364 1424 4432 et
1449 4367 1552 4451 prata
1588 4367 1624 4433 et
1651 4361 1755 4433 solvit

203 4477 349 4578 quilibet
374 4499 494 4550 eorum
522 4478 637 4550 decem
666 4486 796 4552 scottos
825 4487 860 4551 et
876 4480 1016 4582 laborat
1034 4499 1137 4551 unam
1155 4476 1246 4552 diem
1263 4480 1300 4552 in
1318 4482 1511 4573 septimana
1528 4482 1700 4572 pedester,
1719 4486 1755 4551 et

202 4605 343 4687 praeter
360 4599 452 4670 hunc
469 4600 559 4671 diem
586 4606 750 4673 tenentur
773 4608 959 4692 apportare
987 4599 1227 4672 sufficientiam
1254 4621 1364 4693 aquae
1391 4623 1455 4693 pro
1482 4601 1662 4673 braxanda
1680 4620 1755 4672 cer-

203 4720 290 4790 visia
316 4726 352 4791 et
378 4721 558 4792 cervisiam
584 4722 767 4794 broxetum
799 4721 933 4793 deferre
960 4722 996 4792 in
1023 4721 1199 4793 cellarium
1236 4729 1272 4793 et
1308 4725 1485 4814 imponere
1519 4721 1563 4793 ad
1592 4740 1752 4806 currum3

204 4840 343 4949 solvunt
361 4841 527 4912 decimam
545 4844 804 4933 manipularem,
823 4842 884 4917 sed
902 4863 971 4914 non
989 4842 1074 4913 dant
1093 4862 1258 4932 capones,
1282 4863 1408 4931 caseos,
1436 4860 1547 4932 neque
1575 4860 1660 4927 ova;
1687 4838 1750 4909 ha-

202 4960 330 5052 betque
349 4962 443 5034 dicta
460 4963 543 5035 villa
560 4962 709 5055 Kobyl
720 4985 803 5054 any
829 4963 1025 5034 molendina
1043 4963 1120 5052 duo,
1135 4970 1170 5033 et
1184 4968 1366 5052 utrumque
1381 4961 1488 5033 habet
1503 4980 1606 5050 agros
1625 4963 1661 5028 et
1675 4956 1754 5047 pra·

202 5086 248 5171 ta,
267 5104 373 5155 unum
400 5085 497 5155 iuxta
523 5085 640 5154 villam
667 5090 704 5155 et
730 5083 835 5155 solvit
861 5103 964 5154 unam
982 5103 1133 5154 maroam
1152 5104 1228 5154 cum
1248 5081 1397 5173 dimidia,
1416 5079 1510 5151 aliud
1527 5079 1620 5151 inter
1637 5083 1755 5170 petras

203 5208 239 5273 et
257 5203 362 5276 solvit
380 5205 466 5277 duas
484 5225 619 5277 marcas
637 5204 680 5276 de
699 5224 804 5276 censu
821 5225 935 5276 annuo
963 5209 999 5274 et
1017 5202 1184 5274 decimam
1198 5201 1448 5291 manipularem
1462 5199 1547 5273 dont
1572 5200 1755 5272 decanatui

203 5324 402 5398 emethones
430 5347 557 5414 omnes,
584 5326 845 5413 tabernatores,
873 5323 1165 5396 molendinatores
1192 5326 1332 5412 praeter
1358 5319 1571 5394 hortolanos.
1607 5297 1754 5395 solvunt

204 5441 371 5519 decimam
389 5447 512 5536 canapi
529 5466 592 5536 per
611 5452 760 5536 quatuor
777 5447 955 5518 iuncturas
972 5433 1277 5516 molendinatores:
1305 5443 1420 5516 omnio
1438 5443 1581 5538 autimas
1598 5441 1755 5520 aedificia
