4050 6054
239 482 314 556 302

238 688 339 761 Viti
373 687 567 777 Plooensis,
602 686 786 762 Stelani
821 686 1035 761 Cuiariensis
1070 693 1106 758 et
1142 687 1341 759 Arboldi
1375 687 1592 759 Lubucensis
1628 685 1794 790 episcopi,

237 809 413 885 ordinavit
438 809 628 883 solenniter
654 809 774 881 eodem
801 830 891 882 anno
908 809 1115 882 Nativitatis
1133 807 1273 899 christi,
1299 808 1461 905 videlicet
1492 809 1610 903 1121,
1628 807 1793 882 dedicari

663 1093 960 1196 Praepositum
993 1089 1361 1174 Sandomirienals.

348 1315 555 1406 Principalis
573 1316 609 1385 in
623 1314 894 1386 Sandomiriensi
905 1312 1050 1384 ecelesia
1067 1312 1219 1404 dignitas
1233 1311 1476 1402 praepositura
1489 1276 1789 1400 Sandomiriensis,
1846 1340 1849 1345 ·

223 1457 346 1539 ⁶quam
374 1456 465 1507 nunc
490 1436 626 1508 obtinet
642 1435 768 1527 Petrus
786 1433 1112 1532 NicolaiSeraphin
1130 1433 1173 1505 de
1198 1433 1506 1525 Dambrowka,
1529 1432 1689 1522 zupparii
1707 1432 1789 1503 olim

240 1556 494 1646 Oracoriensis,
525 1557 652 1629 nobilis
688 1556 859 1631 dedomo
895 1554 1092 1644 Ostrew,
1130 1575 1217 1645 quae
1253 1575 1296 1625 ιι
1322 1553 1467 1657 decimis
1499 1558 1535 1624 et
1560 1554 1787 1643 proventibus

235 1679 381 1750 duarum
416 1678 638 1750 eeclesiarum
673 1665 936 1769 parochialium,
971 1676 1135 1748 videlieet
1178 1672 1461 1766 Opoczno'let
1496 1668 1789 1766 Ponaniecz,

236 1821 300 1891 pro
327 1800 450 1871 maiori
484 1805 586 1889 parte
613 1799 758 1871 lundata
784 1804 820 1871 ιι
847 1799 971 1871 dotata
996 1803 1060 1887 e'st,
1087 1803 1123 1868 et
1140 1797 1177 1867 in
1195 1796 1405 1869 evidentiam
1429 1795 1643 1871 fundationis
1668 1796 1789 1868 buius·

234 1921 328 1993 modi
354 1922 574 2013 praepositus
601 1920 889 1993 Sandomiriensis
916 1940 988 2012 pro
1014 1924 1189 2010 ternpore,
1225 1919 1333 1990 babet
1358 1923 1563 2008 perpetuum
1590 1917 1645 1988 ius
1670 1898 1790 2008 patr'o

235 2048 339 2114 natus
374 2046 410 2113 et
446 2040 645 2113 conferendi
679 2040 915 2132 praelatarum
955 2039 1102 2110 duarum
1137 2038 1378 2133 ecclesiarum,
1420 2039 1556 2129 quoties
1591 2042 1718 2110 vacant
1752 2038 1790 2110 in

236 2161 483 2255 Oppoezno
515 2168 553 2233 et
578 2161 870 2254 Polyaniecz.
913 2159 1182 2251 Praepositurae
1208 2164 1325 2231 autem
1351 2157 1641 2231 Sandomiriensis
1666 2158 1789 2231 unicus

217 2289 289 2356 ‘est
314 2289 483 2386 patronus
511 2283 766 2355 illustrissimus
797 2281 962 2354 Poloniae
989 2302 1060 2352 rex.
1100 2281 1217 2353 Habet
1243 2285 1359 2356 autem
1385 2279 1631 2371 praepositura
1657 2279 1789 2352 Sando-

233 2404 408 2477 miriensis
434 2404 621 2496 profundo
639 2404 757 2476 villam
785 2401 1301 2494 Gyandrzyszkowicze
1327 2407 1365 2473 et
1381 2401 1532 2473 decimas
1556 2400 1789 2493 manipulares

234 2523 327 2597 infra
353 2524 606 2597 describendas.

338 2643 787 2735 Grnnnnzrsznowrczn,
814 2646 897 2717 villa
915 2646 979 2716 sub
997 2644 1163 2735 parochia
1180 2643 1346 2715 ecclesiae
1373 2643 1405 2715 S.
1424 2640 1525 2715 Pauli
1543 2648 1646 2715 extra
1669 2664 1790 2716 muros

234 2766 531 2852 Sandomirienses
558 2767 645 2856 sita,
672 2771 708 2838 et
726 2767 987 2857 praepositurae
1006 2765 1277 2837 Sandomiriensi
1304 2765 1435 2854 umens,
1462 2763 1524 2836 sed
1541 2764 1687 2854 pulcher
1711 2762 1789 2836 fun·

233 2888 318 2978 dns;
353 2888 389 2959 in
417 2908 486 2979 qua
513 2893 567 2959 est
593 2888 691 2959 curia
716 2887 925 2979 praepositi,
960 2887 1052 2957 bona
1078 2886 1211 2958 habens
1248 2884 1423 2974 aedificia,
1458 2885 1578 2956 vineas
1605 2889 1642 2957 et
1666 2862 1790 2956 sfortos

234 3014 340 3100 atque
365 3008 538 3100 pomeria,
573 3008 706 3080 babens
733 3028 836 3098 agros
862 3006 1057 3099 praediales
1083 3006 1227 3096 uberes,
1262 3006 1306 3077 de
1334 3005 1459 3097 quibus
1486 3005 1573 3077 nulli
1591 3006 1670 3089 ‚dat
1697 3005 1790 3078 deei-

233 3150 324 3202 mam
349 3129 615 3219 manipularem
641 3129 703 3200 sed
729 3149 805 3200 eam
832 3150 896 3219 pro
915 3148 952 3199 se
970 3128 1064 3200 tollit
1090 3129 1179 3200 etin
1199 3148 1298 3199 suum
1323 3127 1487 3231 borreum
1513 3126 1655 3199 inducit
1699 3127 1789 3199 ltem

235 3256 318 3350 sunt
333 3250 426 3322 lanei
452 3250 686 3321 emethonales
713 3251 749 3320 in
766 3270 809 3321 ea
827 3255 989 3341 quatuor,
1017 3270 1163 3340 qnorum
1181 3248 1328 3340 quilibet
1345 3247 1451 3321 solvit
1468 3268 1531 3338 pro
1550 3268 1656 3320 censu
1672 3268 1797 3321 annuo·

234 3372 383 3445 sedecim
411 3377 543 3443 scottos
569 3372 722 3461 usuales,
748 3370 896 3463 triginta
923 3391 1002 3459 ora,
1029 3370 1117 3443 duos
1151 3369 1276 3460 gallos,
1303 3369 1390 3441 dnos
1417 3389 1551 3458 caseos,
1578 3369 1665 3441 duas
1690 3389 1788 3442 men-

235 3515 335 3565 suras
353 3514 498 3583 arenae,
516 3513 698 3567 mensurae
712 3490 889 3564 confertae
906 3490 1214 3580 Sandomiriensis3
1232 3491 1315 3562 item
1330 3495 1471 3562 tenetur
1489 3470 1789 3583 quilibet'etbo
1807 3526 1810 3530 -

234 3615 278 3686 de
303 3615 404 3685 laneo
439 3613 599 3685 laborare
627 3613 713 3685 duos
749 3612 885 3684 diesin
912 3613 1106 3703 septimana
1141 3613 1283 3703 proprio
1320 3626 1425 3702 curru
1460 3616 1521 3683 aut
1547 3616 1677 3701 ιιιιιο,
1703 3611 1788 3684 itam

233 3735 398 3808 ducturas
426 3733 470 3806 ad
497 3735 673 3826 quaelibet
698 3734 776 3805 loca
800 3732 951 3822 faciunt,
978 3733 1023 3804 ad
1048 3733 1221 3805 rationem
1249 3732 1384 3806 dierum
1410 3733 1446 3804 in
1473 3733 1667 3824 septimana
1691 3731 1788 3805 debi-

231 3861 366 3945 tornm,
402 3860 543 3946 praeter
577 3854 931 3943 Sandomiriam,
966 3854 1026 3925 ubi
1061 3858 1227 3926 tenentur
1261 3854 1313 3925 ire
1349 3852 1524 3925 ordinarie
1560 3853 1690 3944 absque
1721 3853 1805 3925 die*

231 3967 320 4047 ltem
348 3977 428 4047 ιιι
419 3998 455 4046 ιιι
473 3975 593 4047 eadem
619 3976 703 4047 villa
730 3975 894 4064 taberna,
920 3974 1052 4046 babens
1079 3995 1200 4065 agros,
1228 3995 1317 4066 quae
1343 3974 1430 4046 nihil
1455 3973 1619 4046 laborans
1646 3978 1787 4065 praeter

224 4094 422 4192 peccabam,
449 4096 554 4167 solvit
579 4118 643 4187 pro
662 4116 767 4168 ceusu
792 4115 907 4167 annuo
933 4117 1038 4167 unam
1057 4116 1282 4186 sexagenam3
1309 4098 1392 4168 item
1410 4096 1519 4168 sunt
1509 4117 1545 4167 m
1564 4094 1683 4167 eadem
1701 4094 1786 4167 villa

232 4238 292 4290 ιιι
310 4217 487 4289 hortulani
505 4239 574 4289 non
592 4218 761 4289 babentes
779 4238 897 4308 agros,
916 4216 978 4287 sed
995 4221 1131 4289 tantum
1148 4218 1269 4289 hortos
1273 4218 1362 4308 ‚qui
1380 4217 1515 4288 nullum
1531 4215 1617 4288 dunt
1634 4235 1785 4308 censum,

232 4339 293 4413 sed
315 4344 393 4411 tant
377 4338 553 4410 tummodo
567 4338 728 4410 laborant
741 4339 863 4430 podest
863 4357 920 4409 res
933 4359 1039 4409 unum
1053 4337 1166 4409 diem
1156 4361 1193 4409 m
1207 4339 1411 4430 septimana,
1426 4342 1512 4409 etut
1512 4357 1655 4429 ramqne
1665 4358 1787 4433 porco-

230 4459 324 4548 bom,
342 4462 426 4533 item
444 4481 561 4532 omnes
580 4459 788 4549 cmethones‚
806 4459 969 4530 tabemat
953 4465 1018 4548 tor,
1036 4459 1277 4549 hortulanit
1240 4464 1277 4531 et
1290 4480 1409 4531 eorum
1427 4459 1598 4550 inquilini,
1589 4424 1785 4653 ,tenff

232 4582 277 4653 ad
295 4582 466 4673 duplicem
477 4579 681 4677 powobom,
696 4579 870 4651 videlicet
888 4579 932 4652 ad
950 4600 1054 4651 unam
1072 4600 1254 4671 provere,
1281 4580 1381 4657 etad
1399 4581 1544 4652 alteram
1570 4581 1702 4672 proby
1756 4600 1787 4671 e,

230 4704 315 4776 item
329 4704 527 4776 emethones
542 4707 663 4773 tenent
663 4722 706 4772 ur
719 4700 849 4791 absque
864 4701 1032 4773 dienuum
1045 4707 1126 4792 prat
1126 4724 1184 4773 um
1110 4666 1524 4775 tmaii'lfiilcastrare
1538 4700 1788 4792 tantummodo,

231 4823 369 4896 foenum
386 4829 502 4897 autem
519 4822 699 4895 falcastrat
683 4826 758 4893 tum
774 4825 940 4893 tenentur
956 4843 1020 4914 per
1045 4843 1083 4894 se
1101 4823 1214 4915 ipsum
1231 4827 1402 4914 rastrare,
1422 4820 1584 4915 colligere
1602 4828 1639 4895 et
1657 4822 1786 4895 condu-

232 4965 331 5035 cere3
357 4946 442 5018 item
469 4945 560 5017 ιιι
550 4966 586 5016 ιιι
604 4943 725 5015 eadem
751 4942 836 5014 villa
848 4942 1086 5017 molendinum
1098 4964 1167 5017 non
1181 4945 1314 5018 babens
1337 4965 1455 5038 agros,
1483 4944 1575 5037 quod
1597 4943 1703 5018 solvit
1719 4962 1786 5036 pro
1831 4965 1835 4973 ·

231 5087 328 5138 cuna
340 5066 427 5139 duas
440 5071 622 5156 metretas,
635 5064 743 5137 tertia
754 5085 818 5156 pro
832 5084 870 5137 se
883 5052 1258 5159 reservatfflte'mtum
1271 5067 1472 5139 cmetbones
1477 5086 1608 5158 ,quam
1620 5046 1786 5139 taberna·

230 5193 300 5279 tor,
323 5187 464 5261 solvunt
481 5185 649 5260 decimam
666 5186 917 5281 manipularem
922 5160 1198 5281 praepoddnes
1211 5187 1506 5280 Sandomiriensi,
1534 5193 1571 5260 et
1588 5185 1786 5262 conducunt

231 5328 306 5381 eam
320 5309 472 5400 propriis
484 5309 667 5382 curribus
657 5330 695 5381 m
707 5298 871 5383 horreum
884 5288 1128 5402 praeponitis
1143 5308 1569 5417 dandrzyszlrowicze,
1596 5312 1632 5381 ιι
1645 5307 1786 5383 solvunt

232 5426 399 5506 dmimam
417 5430 541 5528 canapi
558 5432 624 5528 pe'r
639 5432 816 5530 quatuor
806 5450 945 5531 remgor
963 5435 1000 5510 ιι
1016 5430 1163 5512 valor
1132 5451 1207 5512 erus
1225 5431 1430 5512 aestimator
1446 5429 1492 5509 ad
1509 5450 1571 5510 sex
1587 5449 1733 5509 musea
1770 5513 1775 5523 ,
