4050 6054
1693 518 1740 591 61

297 734 384 804 Item
410 733 515 804 babet
533 731 685 820 quintam
704 735 740 799 et
757 729 911 800 ultimam
929 727 1094 798 decimam
1112 727 1148 796 in
1175 725 1504 815 Korabelniky,
1530 725 1620 812 villa,
1646 723 1742 807 cuius

193 853 359 931 haeredes
386 852 545 940 Jacobus,
564 827 721 920 Andreas
740 854 775 919 et
791 848 954 919 Nicolaus
972 848 1135 937 germani,
1153 845 1266 917 vocati
1292 845 1617 936 Mnynynsczy,
1644 843 1742 918 nobi·

193 974 244 1049 les
272 974 315 1048 de
341 974 442 1046 domo
469 970 729 1057 Hastarum,
757 971 841 1039 alias
868 968 1130 1057 Koslarogi.
1157 967 1196 1038 In
1212 985 1293 1060 qua
1309 970 1389 1037 sunt
1407 986 1467 1060 sex
1484 966 1574 1036 lanei
1593 965 1743 1036 cmetbo·

195 1095 310 1184 noles,
337 1094 419 1164 item
438 1112 506 1162 una
522 1091 667 1161 taberna
684 1090 814 1160 habens
833 1108 944 1178 agrae,
963 1089 1045 1157 item
1063 1108 1132 1158 una
1146 1086 1343 1157 hortulanis
1361 1085 1611 1156 ctiam'lrabens
1630 1105 1743 1174 agros,

195 1215 238 1287 de
265 1214 388 1304 quibus
416 1209 574 1282 omnibus
601 1209 746 1280 solvitur
782 1209 913 1279 decima
940 1206 1162 1298 manipularis
1198 1227 1261 1298 pro
1289 1206 1485 1295 praebenda
1510 1204 1681 1296 praelata,
1708 1209 1744 1277 et

193 1337 354 1407 tenentur
381 1331 472 1403 illam
499 1330 631 1401 incolae
657 1330 807 1421 propriis
834 1328 991 1400 omnibus
1018 1327 1143 1399 ducere
1162 1329 1197 1398 in
1215 1328 1377 1398 horreum
1395 1346 1416 1396 a
1434 1325 1595 1397 canonico
1615 1325 1742 1416 eligen·
1786 1372 1787 1377 =

195 1452 294 1541 dum,
321 1456 356 1523 et
383 1450 520 1522 solvunt
545 1449 711 1520 decimam
747 1449 868 1540 canapi
900 1469 963 1539 per
998 1451 1144 1538 quatuor
1176 1447 1313 1537 ierugas
1350 1451 1385 1517 et
1420 1445 1620 1547 aestimatur
1646 1444 1743 1516 valor
1840 1439 1867 1472 ²

195 1572 345 1644 decimae
371 1569 544 1663 praefatae
570 1569 614 1640 ad
641 1573 772 1660 septam
799 1588 940 1640 marcas.
966 1568 1053 1638 Item
1080 1574 1223 1639 nonest
1249 1566 1298 1637 ibi
1323 1566 1419 1637 curia
1445 1565 1613 1655 militaris,
1632 1584 1742 1655 neque

194 1692 269 1782 agri
297 1690 499 1782 praediales,
526 1710 636 1780 neque
664 1689 902 1761 molendinum.
1707 1781 1710 1784 Α

293 1811 382 1882 Item
408 1809 605 1901 praebenda
630 1808 785 1901 praefata
802 1808 1042 1881 Oracoviensis
1059 1809 1165 1880 habet
1181 1798 1353 1906 vicariam¹
1364 1814 1564 1899 perpetuam
1582 1809 1617 1879 in
1636 1807 1742 1880 eccle-

192 1933 244 2004 sia
271 1931 500 2018 Cracoviensi,
528 1930 624 2000 ouius
652 1930 772 2000 unicus
800 1930 944 2001 collator
970 1935 1005 2001 et
1030 1935 1196 2020 patronus
1223 1934 1277 1999 est
1303 1929 1486 2000 canonicus
1508 1950 1571 2018 pro
1589 1935 1743 2019 tempore

192 2051 408 2142 praebendae
435 2048 618 2140 praelatae,
637 2069 738 2139 quam
757 2070 847 2121 nunc
864 2054 959 2121 tanet
976 2049 1140 2141 magister
1157 2048 1333 2120 iohannes
1352 2050 1395 2119 de
1413 2047 1615 2120 Oleschn
1625 2068 1743 2138 ycza,

194 2190 281 2263 quae
307 2191 370 2260 pro
398 2190 460 2240 sua
486 2168 706 2260 proprietate,
730 2155 813 2240 dote
839 2175 942 2261 atque
968 2169 1077 2259 titulo,
1104 2169 1215 2241 babet
1234 2170 1318 2240 duas
1345 2169 1493 2242 decimas
1513 2168 1742 2272 manipulares

195 2288 442 2379 infrascriptos.
481 2287 529 2359 Et
554 2289 665 2379 primo
692 2290 808 2393 habet·
824 2290 989 2361 decimam
1016 2291 1263 2381 manipularem
1291 2291 1326 2361 in
1361 2289 1557 2361 Naroma
1592 2291 1655 2360 sub
1682 2309 1743 2380 pa·

191 2409 310 2497 roobia
336 2408 499 2480 ecelesiae
517 2408 559 2480 de
585 2408 767 2501 Korzlry
778 2431 796 2481 o
807 2433 836 2479 w
864 2410 940 2499 sita,
958 2411 1053 2481 cuins
1070 2410 1193 2482 haeres
1211 2410 1370 2482 Andreas
1388 2410 1654 2501 Naramslry,
1680 2429 1742 2482 no·

192 2528 272 2602 bilis
299 2528 342 2600 de
369 2529 469 2600 domo
506 2528 702 2628 Nowina.
743 2531 784 2600 ln
811 2550 878 2620 qua
904 2537 985 2601 sunt
1010 2535 1081 2602 tros
1117 2550 1194 2601 cum
1229 2531 1341 2603 medio
1377 2532 1466 2608 lanei
1501 2530 1743 2621 emethonales,

191 2651 273 2720 item
300 2670 369 2721 una
394 2650 538 2720 taberna
563 2650 696 2721 habens
723 2671 825 2740 agros
853 2650 1035 2741 speciales,
1062 2651 1104 2722 de
1131 2652 1254 2741 quibus
1273 2652 1430 2722 omnibus
1448 2651 1593 2722 solvitur
1611 2650 1743 2724 decima

190 2770 412 2859 manipularis
439 2789 501 2859 pro
529 2770 658 2842 nonna
680 2769 835 2868 praefata
861 2777 896 2843 et
922 2792 985 2862 per
1010 2771 1139 2842 incolas
1166 2772 1317 2862 propriis
1346 2772 1502 2844 curribus
1534 2771 1673 2870 ducitur
1703 2770 1739 2843 in

190 2890 351 2961 borreum
378 2910 399 2958 a
424 2885 553 2961 vicario
581 2886 795 2981 eligendum,
820 2895 856 2961 et
882 2891 1020 2962 solvunt
1045 2890 1212 2964 decimam
1239 2892 1362 2983 canapi
1388 2912 1451 2983 per
1478 2897 1625 2982 quatuor
1650 2891 1746 2986 iero-h

189 3019 251 3099 gas
280 3016 315 3080 et
341 3009 438 3080 valor
465 3009 617 3081 decimae
635 3012 845 3083 ,aestimatur
871 3010 916 3082 ad
943 3018 1090 3100 quatuor
1116 3026 1257 3084 marcas.
1283 3013 1371 3084 Item
1397 3017 1453 3083 est
1485 3011 1534 3082 ibi
1560 3031 1628 3081 una
1646 3011 1743 3097 curia

189 3128 368 3219 militaris,
404 3150 490 3222 quae
522 3130 565 3201 de
592 3131 685 3222 agris
721 3131 793 3202 suis
828 3114 1059 3222 praedialibus
1100 3131 1247 3204 decimat
1280 3133 1426 3225 plebano
1454 3137 1489 3203 et
1515 3130 1679 3204 ecclesiae
1704 3131 1741 3205 iu

190 3248 422 3322 Korzlrew.

291 3371 378 3441 Item
404 3369 508 3440 habet
535 3371 718 3443 secundam
736 3372 982 3462 manipularem
1000 3372 1166 3445 decimam
1184 3394 1348 3465 praesens
1366 3375 1495 3446 vicaria
1512 3375 1547 3444 in
1576 3370 1740 3464 Gorky,
1863 3456 1869 3466 ,

189 3492 252 3563 snb
279 3491 442 3581 parochia
468 3490 631 3562 ecclesiae
658 3491 701 3563 de
728 3490 1000 3581 Oonyuscha
1032 3494 1115 3582 sita,
1143 3494 1240 3565 cuius
1267 3495 1334 3571 duo
1361 3494 1536 3589 haeredes,
1563 3493 1740 3564 iohannes

190 3610 507 3701 Poborowslry
539 3611 581 3681 de
608 3612 713 3682 armis
741 3612 1048 3703 Antiquarum
1084 3612 1312 3704 Equorum
1347 3620 1382 3686 et
1408 3613 1598 3685 Stanislaus
1625 3612 1754 3715 Wroff

188 3732 356 3822 ninsky
384 3733 486 3805 etiarn
513 3731 555 3803 de
584 3731 684 3803 domo
712 3732 1021 3822 Antiquorum
1056 3732 1293 3823 Equorum.
1328 3734 1369 3805 In
1401 3754 1468 3824 qua
1499 3738 1579 3805 sunt
1609 3737 1759 3823 septem¹
1855 3773 1856 3777 =

188 3852 277 3923 lanei
295 3852 536 3940 cmetbonales,
564 3852 606 3923 de
634 3852 757 3942 quibus
785 3852 941 3924 omnibus
969 3852 1115 3925 solvitur
1142 3854 1273 3926 decima
1298 3853 1522 3945 manipularis
1541 3854 1669 3943 absque
1688 3852 1740 3924 di·

187 3972 375 4045 minutione
401 3972 549 4043 vicariae
575 3971 759 4062 praefatae,
786 3980 821 4046 et
843 3979 1004 4047 tenentur
1021 3973 1117 4045 illam
1135 3976 1331 4048 cmethones
1350 3976 1475 4047 ducere
1492 3973 1644 4066 propriis
1660 3972 1740 4046 cur·

188 4092 283 4164 ribus
310 4094 346 4162 in
374 4094 534 4164 horreum
562 4114 583 4164 a
608 4093 738 4165 vicario
765 4094 955 4184 locandum,
979 4101 1015 4166 et
1032 4096 1170 4170 solvunt
1187 4095 1353 4168 decimam
1372 4098 1493 4188 canapi
1512 4117 1575 4188 per
1593 4100 1740 4187 quatuor

187 4213 361 4285 iuncturos
394 4217 428 4283 et
458 4215 659 4285 aestimatur
693 4214 791 4285 valor
817 4215 890 4285 eius
918 4216 963 4286 ad
990 4222 1120 4308 septem
1148 4237 1300 4312 marcas3
1328 4240 1397 4290 non
1425 4225 1479 4290 est
1508 4221 1558 4293 ibi
1585 4218 1739 4307 taberna,

187 4333 248 4404 sed
271 4339 324 4405 est
346 4354 416 4404 uno
437 4335 633 4405 hortulanis
659 4357 727 4407 non
754 4335 885 4407 habens
912 4357 1024 4427 agros,
1051 4338 1133 4411 item
1160 4345 1240 4410 sunt
1257 4327 1305 4412 ibi
1324 4340 1411 4413 duae
1430 4342 1544 4415 curiae
1562 4322 1738 4430 militares,

187 4475 330 4546 quarum
348 4475 425 4527 una.
445 4510 452 4523 .
471 4509 504 4524 ..

288 4575 375 4647 ilem
402 4576 599 4666 praebenda
615 4578 769 4668 praelata
796 4578 1144 4653 Lantblrovska
1171 4580 1408 4658 cracoviensis
1436 4587 1533 4659 iuxta
1551 4586 1665 4658 omnia
1682 4606 1737 4659 re-

183 4700 302 4786 gestra
326 4701 444 4769 taxata
471 4702 524 4767 est
550 4696 593 4767 ad
620 4697 764 4787 triginta
790 4719 933 4770 marcas.
1399 4695 1401 4698 ⁴

187 4887 433 4970 Praebenda
473 4894 517 4968 et
549 4893 824 4995 canonicatus
857 4891 1159 4976 cracoviensis
1193 4898 1233 4977 in
1267 4898 1404 4983 choro
1436 4899 1590 4980 dextro
1624 4901 1734 4985 dicta
1848 4909 1850 4913 ’

756 5028 1163 5151 Dzyowyatneuka.
1282 5123 1284 5125 ,

286 5194 488 5268 Praebenda
514 5202 549 5270 et
575 5200 793 5271 canonicatus
819 5196 1248 5295 Dzyevyathelska,
1276 5225 1377 5294 qoam
1403 5225 1494 5277 nunc
1511 5207 1665 5299 possidet
1683 5207 1737 5281 Si-

182 5315 386 5404 gismundus
413 5317 456 5388 do
483 5317 671 5411 Syenno,
698 5322 823 5416 nobilis
851 5322 894 5395 de
921 5322 1021 5396 domo
1047 5324 1256 5414 Dambno,
1284 5345 1353 5396 non
1372 5327 1476 5400 babet
1492 5348 1556 5419 pro
1575 5329 1655 5403 dote
1672 5331 1741 5405 ali-

143 5442 148 5457 ·
183 5455 284 5526 quam
311 5437 427 5511 villam
453 5446 513 5512 aut
537 5439 697 5534 fiendum,
725 5443 787 5515 sed
812 5445 917 5559 habet
952 5445 1101 5520 decimas
1139 5447 1370 5540 manipulares
1406 5448 1651 5545 mbascriptas.
1687 5450 1718 5522 ff
