4050 6054
624 694 1366 799 mmmmwmmss2

280 930 451 1001 Primaria
478 937 513 1000 et
538 932 739 1020 principalis
767 932 918 1022 dignitas
955 954 1018 1032 seu
1029 1019 1034 1030 ἱ
1050 938 1257 1022 personatus
1285 934 1450 1004 ecclesiae
1478 934 1724 1008 Sandeczensis

177 1058 230 1122 est
248 1051 499 1141 praepositura,
527 1073 628 1141 quam
646 1053 749 1122 hodie
768 1059 864 1123 tenet
890 1046 1058 1124 Petr'us
1086 1054 1128 1123 de
1151 1054 1384 1144 Konycze‚
1411 1055 1537 1125 nobilis
1556 1056 1598 1125 de
1617 1058 1723 1128 armis

176 1173 377 1261 Buncza,
404 1173 657 1243 rinocerontem
685 1172 930 1263 deferentium,
958 1195 1046 1263 quae
1073 1195 1136 1263 pro
1163 1175 1216 1244 sui
1244 1174 1324 1245 dote
1351 1175 1458 1246 habet
1484 1174 1723 1266 infrascriptos

176 1299 384 1382 proventuS,
421 1294 475 1363 cui
502 1293 634 1363 dotatio
662 1298 697 1362 et
723 1292 878 1365 fundatio
915 1300 1062 1384 sequuta
1088 1301 1142 1364 est
1177 1315 1220 1365 en
1252 1295 1477 1384 proventibus
1514 1302 1551 1366 et
1578 1296 1722 1368 decimis

176 1413 340 1483 ecclesiae
367 1412 486 1484 Novae
513 1412 768 1484 Sandeczensis

279 1532 488 1603 Suburbium
515 1532 760 1623 Sandeczense,
788 1534 879 1623 quod
906 1536 982 1607 iure
1001 1534 1191 1625 parochiali
1217 1536 1370 1625 pertinet
1397 1536 1441 1606 ad
1464 1536 1644 1607 ecclesiam
1663 1557 1723 1627 pa-

175 1653 362 1723 rochialem
389 1658 425 1723 et
452 1654 668 1742 collegiatam
696 1654 732 1723 in
759 1652 885 1724 Nova
912 1654 1133 1744 Sandecz‚
1161 1655 1197 1724 in
1216 1676 1284 1744 qua
1301 1662 1383 1726 sunt
1400 1657 1525 1746 viginti
1544 1658 1612 1728 duo
1630 1658 1723 1728 lanei

161 1792 238 1865 'per
264 1773 490 1863 agricultores
518 1774 610 1862 culti,
638 1774 729 1845 circa
755 1775 937 1847 ecclesiam
961 1775 993 1845 S.
1008 1774 1191 1846 Adalberti
1217 1777 1456 1866 consistentes
1485 1800 1629 1867 quorum
1649 1771 1724 1869 qui·
1829 1837 1831 1842 .

175 1895 261 1964 libet
288 1894 393 1965 solvit
419 1916 482 1983 pro
501 1894 633 1964 decima
659 1897 857 1985 praeposito
877 1895 1104 1967 Sandeczensi
1131 1903 1203 1967 tres
1230 1896 1393 1985 fertones3
1419 1899 1640 1969 medietatem
1658 1920 1723 1989 pro

177 2015 265 2085 festo
293 2013 325 2084 S.
352 2012 596 2104 Margarethae
624 2017 659 2084 in
687 2017 857 2097 communi
883 2023 918 2087 et
944 2017 1057 2087 usuali
1084 2018 1182 2107 regni
1208 2016 1371 2087 Poloniae
1399 2019 1562 2108 pecunia,
1589 2025 1625 2089 et
1652 2039 1723 2089 me-

131 2144 134 2153 '
176 2135 341 2206 dietatem
366 2156 430 2223 pro
457 2134 545 2205 festo
573 2135 605 2205 S.
624 2135 769 2206 Martini
796 2138 831 2206 in
858 2138 939 2208 latis
964 2138 1096 2226 grossis
1115 2138 1402 2208 Bohemicalibus.

277 2255 520 2345 Dastracus,
556 2256 639 2325 villa
674 2258 738 2327 sub
773 2258 938 2346 parochia
973 2258 1142 2343 ecclesiae¹
1172 2258 1215 2327 de
1242 2256 1367 2328 Nova
1402 2257 1608 2329 Sandeoz
1644 2259 1720 2348 sita,

177 2376 273 2447 cuius
299 2377 496 2466 proprietas
524 2381 560 2446 et
586 2376 773 2447 dominium
810 2378 853 2447 ad
881 2379 1041 2448 abbatem
1069 2385 1104 2448 et
1132 2383 1337 2449 conventum
1366 2378 1638 2450 Sandeczensem
1666 2401 1722 2450 or·
1800 2458 1803 2467 ,

175 2496 265 2567 dinis
300 2498 649 2585 praemonstratensis
685 2498 855 2585 pertinet,
892 2500 927 2568 in
955 2519 1022 2587 qua
1048 2504 1130 2570 sunt
1166 2500 1252 2568 certi
1280 2500 1356 2587 agri
1391 2500 1435 2570 ad
1469 2501 1720 2590 proprietatem

174 2618 364 2707 praepositi
391 2618 637 2687 Sandeczensis
664 2619 895 2707 pertinentes,
923 2639 965 2688 ex
994 2620 1117 2709 quibus
1144 2620 1249 2691 etiam
1277 2620 1425 2691 solvitur
1452 2619 1585 2691 decima
1611 2622 1721 2691 mani-

173 2738 303 2827 pularis
330 2739 529 2827 praeposito
557 2737 794 2808 Sandeczensi.
835 2739 1060 2810 Arendantur
1089 2761 1224 2830 quoque
1251 2740 1397 2829 praefati
1434 2742 1511 2831 agri
1546 2762 1720 2825 unacum

174 2858 306 2936 decima
332 2859 538 2948 manipulari
560 2880 624 2947 pro
653 2879 721 2928 una
747 2879 864 2929 marca
890 2861 1054 2948 pecuniae
1082 2862 1280 2931 communis.

276 2978 390 3067 Agri
416 2979 639 3050 montani.
668 2978 769 3049 Circa
787 2980 948 3069 oppidum
976 2980 1128 3051 Novae
1155 2980 1359 3052 Sandecz
1387 2987 1468 3052 sunt
1495 2982 1571 3072 agri
1597 2982 1721 3052 civium

172 3099 468 3188 Sandeczensium,
496 3099 555 3188 qui
582 3106 751 3170 vocantur
777 3099 890 3188 Agri
917 3099 1145 3190 Montani,
1174 3100 1216 3170 de
1244 3103 1368 3190 quibus
1395 3123 1458 3191 pro
1486 3102 1619 3172 decima
1637 3095 1720 3171 ¹ma-

172 3219 321 3309 nipulari
350 3220 488 3290 solvunt
515 3219 682 3290 decimam
719 3240 782 3309 pro
810 3220 1051 3309 praepositura
1077 3220 1305 3291 Sandeczensi
1335 3222 1484 3292 mediam
1512 3219 1720 3312 sexagenam

175 3340 209 3409 in
238 3340 317 3410 latis
344 3341 476 3429 grossis
504 3338 797 3427 BohemicalibuS,
823 3338 968 3408 alteram
995 3360 1078 3410 vero
1106 3341 1253 3410 mediam
1281 3361 1488 3429 sexagenam
1516 3343 1656 3412 solvunt
1682 3342 1719 3410 in

58 3501 62 3507 -
173 3461 320 3549 pecunia
347 3460 525 3533 communi.
552 3459 641 3530 Item
668 3457 795 3530 ibidem
823 3463 905 3528 sunt
930 3480 1038 3550 prope
1066 3461 1141 3549 agri
1169 3460 1334 3550 Gipser
1361 3463 1489 3550 vocati,
1509 3461 1568 3553 ¹de
1595 3462 1719 3550 quibus

171 3602 235 3671 pro
263 3581 394 3651 decima
420 3581 567 3651 solvitur
602 3581 864 3671 praepositurae
896 3579 1125 3652 Sandeczensi
1161 3602 1248 3651 unus
1275 3580 1365 3652 lerto
1401 3582 1551 3651 latorum
1578 3602 1718 3671 grosso-

172 3723 248 3772 rum
275 3701 556 3771 Bohemicalium.
823 3690 827 3695 ’
1271 3790 1275 3799 Ι

274 3821 433 3910 Pnszru,
460 3821 543 3891 villa
569 3822 632 3892 sub
660 3820 826 3909 parochia
851 3820 1016 3891 ecclesiae
1043 3821 1086 3891 de
1113 3820 1238 3891 Nora
1265 3820 1469 3891 Sandecz
1496 3821 1582 3911 sita,
1621 3823 1717 3892 cuius

172 3942 365 4032 proprietas
393 3948 429 4013 et
455 3942 642 4013 dominium
669 3941 714 4012 ad
741 3942 899 4012 consules
927 3942 1079 4012 civitatis
1106 3941 1352 4012 Sandeczensis
1379 3942 1552 4032 pertinet,
1588 3943 1623 4012 in
1651 3961 1719 4032 qua

172 4058 457 4134 acmethonibus
493 4064 596 4134 villae
632 4062 810 4153 praefatae
846 4063 984 4134 solvunt
1018 4063 1215 4153 praeposito
1243 4061 1471 4133 Sandeczensi
1506 4074 1569 4153 pro
1604 4082 1718 4134 annuo

171 4205 284 4274 censu,
311 4205 375 4275 pro
401 4184 490 4255 festo
509 4184 541 4255 S.
560 4183 806 4273 Margarethae
833 4205 939 4255 unam
965 4203 1170 4273 sexagenum
1198 4189 1356 4254 monetae
1385 4182 1524 4274 usualis,
1552 4185 1717 4255 scoltetus

170 4326 253 4376 vero
280 4304 433 4376 eiusdem
461 4305 564 4376 villae
591 4305 694 4376 solvit
720 4305 917 4395 praeposito
932 4299 1173 4375 'Sandeczensi
1198 4324 1263 4394 pro
1288 4303 1377 4376 lesto
1406 4303 1438 4374 S.
1465 4302 1609 4375 Martini
1629 4326 1718 4398 ,usu-

172 4427 237 4497 alis
258 4480 427 4496 .......
809 4434 814 4443 ’
1676 4436 1678 4441 ·

278 4546 470 4618 Gamerae
498 4546 601 4617 dnae
620 4546 931 4636 pannicidarum
949 4547 985 4617 in
999 4544 1216 4644 Sandecz.
1232 4546 1320 4617 Item
1335 4545 1578 4636 praepositura
1590 4544 1721 4616 Sande-
1829 4526 1835 4541 ⁸

172 4668 302 4739 czensis
337 4668 444 4738 habet
478 4667 677 4756 habereque
712 4667 891 4738 consvevit
926 4665 1013 4737 duas
1039 4686 1193 4738 cameras
1228 4666 1489 4757 pannicidarum
1525 4665 1560 4735 in
1588 4665 1716 4756 oppido

172 4788 392 4879 Sandecz,
420 4809 508 4879 quae
535 4788 586 4859 illi
614 4789 751 4860 solvunt
775 4809 840 4881 pro
867 4808 972 4861 censu
998 4808 1112 4860 annuo
1138 4780 1211 4861 tres
1230 4808 1363 4861 marcas
1390 4792 1549 4860 monetae
1575 4785 1716 4860 usualis.

534 4982 771 5085 Macellum,
804 5006 882 5065 eeu
915 4983 1375 5071 camera-carnificum.
1466 4980 1471 4991 '

43 5221 46 5224 ,
274 5151 361 5222 Item
397 5151 641 5241 praepositura
668 5131 914 5224 Sandeczensis
949 5151 1057 5222 habet
1091 5150 1288 5240 habereque
1323 5149 1505 5222 conaverit
1535 5149 1728 5237 mucellam

171 5291 232 5342 seu
250 5280 438 5344 'cameram
474 5272 671 5343 carnificum
697 5273 734 5343 in
761 5273 887 5364 oppido
913 5270 1159 5362 Sandeczensi,
1182 5270 1238 5367 ,de
1262 5288 1333 5362 qua
1356 5268 1410 5343 illi
1443 5270 1716 5361 dagoliflmlfl
1816 5288 1823 5307 “

71 5389 77 5401 “
171 5393 317 5476 soluitur
341 5415 404 5501 pro
432 5414 537 5483 censu¹
563 5413 632 5482 una
658 5414 774 5479 marca
801 5414 879 5486 curu
905 5392 1020 5485 media
1044 5386 1206 5503 mancipe
1229 5386 1284 5483 pri
1396 5406 1416 5433 '⁸‘
