4050 6054
1644 480 1714 555 161

120 661 125 669 ’
168 671 308 755 collatio
335 672 380 747 ad
407 673 594 765 capitulum
623 668 1115 751 Oracovidbsdtantummodo
1133 677 1294 769 pertinet.
1322 681 1410 753 Item
1429 686 1504 773 agri
1522 687 1715 774 praediales

169 801 206 864 et
222 795 299 885 agri
324 796 550 868 tabernarum
577 796 908 889 duarummolvtnr
925 799 1092 871 decimam
1119 790 1532 893 manipularem'plebano
1552 805 1716 876 ecclesiae

169 915 206 987 In
225 914 435 1006 Gostcza,
462 918 538 1006 agri
564 916 929 989 autemcrbethonales
956 920 1093 1008 singuli,
1120 919 1261 990 solvu'bt
1277 916 1443 991 decimam
1468 923 1718 1013 manipularem

170 1036 351 1107 altaristae
377 1037 501 1109 altaris
528 1035 833 1140 Sancti-Iohannis
851 1037 1034 1128 Baptistae
1052 1040 1088 1109 in
1107 1039 1253 1111 ecclesia
1279 1038 1510 1132 OracovIcnsi,
1536 1042 1600 1133 pro
1618 1062 1718 1132 prae-

171 1156 326 1228 dicatore
351 1157 530 1229 ordinario
557 1157 801 1248 incorporati}
816 1164 853 1229 et
880 1158 1049 1230 decimam
1074 1160 1212 1250 canapi·
1224 1159 1363 1232 solvunt
1380 1181 1443 1250 per
1462 1166 1612 1250 quatuor
1627 1162 1719 1233 iern-

171 1294 244 1367 geq,
270 1282 307 1348 et
332 1276 661 1349 aestimatur‘valor-
685 1276 837 1349 decimae
856 1278 900 1349 ad
919 1278 1037 1350 decem
1053 1282 1092 1351 et
1109 1285 1186 1350 octo
1204 1276 1347 1351 minoas.
1374 1281 1462 1351 Item
1480 1281 1586 1353 habet
1603 1283 1719 1373 galam

172 1397 338 1487 optimum
357 1416 518 1486 magnum
529 1402 571 1469 et
588 1396 802 1487 frequentem
820 1398 862 1470 in·
875 1388 1067 1488 arboribus,
1095 1399 1192 1471 cuius
1211 1399 1361 1471 ambitus
1380 1401 1537 1473 extendit
1555 1421 1593 1472 se
1610 1389 1736 1492 prope
1883 1456 1887 1465 .

172 1516 217 1587 ad
243 1516 311 1589 duo
337 1516 508 1589 milliaria
534 1517 621 1588 Item
648 1514 754 1589 babet
769 1518 1058 1608 ncsrpisoinas,
1074 1528 1179 1589 unam
1206 1519 1384 1608 antiquam
1410 1519 1445 1589 iu
1464 1520 1577 1591 medio
1603 1520 1718 1610 villae,

173 1637 269 1709 duab
277 1637 364 1708 alias
381 1638 524 1728 proprio
542 1643 682 1727 sumptu
700 1637 894 1733 elaboravit
911 1632 1227 1726 Sandiv'ogius
1255 1637 1297 1708 de
1326 1616 1388 1710 Tb
1399 1652 1451 1709 an
1462 1658 1507 1710 cz
1517 1661 1539 1730 y
1550 1660 1590 1729 n,
1618 1660 1720 1711 cano·

173 1758 270 1828 nicus
284 1756 525 1831 cracoviensis
536 1756 722 1830 nodemus
735 1754 838 1826 villae
852 1763 976 1846 rector,
987 1777 1088 1827 unam
1104 1763 1183 1846 post
1197 1758 1515 1829 villarum-flumme
1530 1757 1720 1848 Gosz'cza,

88 1912 91 1919 ‚
174 1877 319 1948 alteram
346 1879 382 1948 in
409 1877 530 1949 eodem
553 1875 693 1946 flumine
720 1882 755 1946 et
780 1876 817 1946 in
843 1876 922 1946 lacu
949 1876 1041 1948 dicto
1068 1875 1407 1968 Starkovvyecz,
1434 1898 1523 1968 quae
1550 1880 1631 1969 quia
1658 1900 1721 1950 sua

49 2023 67 2071 .·
174 1996 400 2068 mundatione
414 1987 462 2068 et
486 1994 586 2069 alveo
614 1995 795 2085 occupavit
821 1995 971 2085 aliquam
998 2000 1134 2086 partem
1153 2016 1315 2085 agrorum
1333 1996 1560 2085 praedialium
1579 2004 1614 2069 et
1632 2018 1721 2069 orne

175 2117 368 2188 tbonaIIum
379 2115 583 2188 villae-Sed
594 2115 724 2205 owi‘e,
743 2115 888 2186 resarsit
901 2116 990 2186 hanc
1004 2116 1164 2186 iniuriam
1178 2115 1365 2205 capitulum
1379 2114 1616 2206 (incendente,
1635 2118 1721 2189 obli-

175 2235 292 2332 gando
315 2255 354 2306 se
380 2238 419 2308 et
442 2235 750 2333 regentem3villae
777 2232 996 2324 Gostcza,
1032 2235 1076 2306 ad
1101 2234 1307 2306 solutionem
1334 2236 1436 2307 unius
1463 2240 1597 2308 marcae
1624 2236 1723 2321 annis

176 2353 321 2442 singulis
346 2360 530 2444 perpetue,
556 2373 621 2444 pro
639 2352 858 2443 'praebenda‘
870 2351 986 2424 Sancti
1013 2353 1152 2443 Aegidii
1178 2352 1377 2425 Sadovslra.
1480 2359 1482 2363 ‘

279 2474 368 2544 Item
394 2474 477 2545 villa
501 2471 661 2563 praefata
691 2471 842 2544 confinat
868 2493 945 2544 cum
971 2472 1344 2563 Polyanovvicze,
1380 2479 1416 2544 et
1443 2479 1554 2546 strata
1590 2472 1722 2564 dividit,

177 2595 261 2663 item
286 2613 364 2664 oum
390 2592 661 2681 Poszlritbow,
698 2592 757 2662 ubi
784 2597 865 2663 sunt
891 2593 997 2682 sipati
1033 2593 1182 2682 scopuli,
1218 2594 1302 2663 item
1329 2613 1404 2662 cum
1440 2592 1723 2684 Miodzwyedz,

100 2754 106 2759 ·
177 2713 237 2783 ubi
264 2696 369 2785 etiam
392 2713 544 2802 seopuli3
571 2713 655 2783 item
682 2732 759 2783 cum
794 2710 1734 2804 WyanczlawskaWolya„etibiagri·ple-'·
1786 2782 1789 2789 ,

177 2816 563 2907 usurpa-bostono
598 2832 769 2905 habentur
803 2853 867 2922 pro
902 2833 1031 2923 limite,
1065 2834 1148 2904 item
1184 2851 1260 2903 cum
1294 2831 1577 2922 Zagorzyce,
1613 2840 1650 2904 et
1675 2834 1725 2904 ibi
1843 2922 1848 2932 ῃ

177 2948 353 3051 aplaszdp
387 2953 472 3024 item
500 2972 576 3025 cum
603 2951 831 3042 Sadovie,
867 2958 903 3022 et
928 2953 977 3023 ibi
1004 2954 1080 3042 agri
1103 2953 1272 3041 implicati
1299 2972 1363 3041 per
1389 2971 1526 3041 campos
1553 2959 1638 3023 etr
1614 2975 1638 3020 u
1640 2950 1723 3041 ioue,

178 3072 262 3144 item
288 3064 377 3144 cilm·
391 3072 732 3164 Marszowycze
759 3078 796 3144 e
823 3071 1225 3163 Sczepanowycze,
1252 3077 1289 3143 ct
1311 3071 1363 3143 ibi
1390 3072 1476 3143 sulci
1502 3073 1619 3162 magni
1645 3092 1725 3143 con-

178 3193 275 3265 tium
293 3192 378 3266 alias
404 3192 579 3290 apicasdff
596 3194 726 3266 habent
710 3199 769 3266 tur
794 3213 858 3283 pro
885 3193 1004 3265 limite.

161 3332 167 3341 ·
283 3315 371 3402 Item
395 3314 479 3388 ville
509 3314 667 3421 praefata
702 3312 902 3385 Gostcza
936 3313 1173 3403 superioribus
1208 3313 1442 3401 temporibus,
1481 3312 1637 3384 solvebat
1664 3330 1726 3402 pro

178 3435 329 3527 capitulo
356 3418 465 3520 etin
482 3444 668 3508 commune
679 3434 916 3525 quadraginta
942 3452 1094 3522 marcas;
1130 3452 1220 3503 nunc
1246 3452 1329 3503 vero
1357 3431 1461 3550 solet
1486 3450 1550 3569 pro
1577 3431 1726 3521 capitulo

180 3557 253 3626 et
243 3578 279 3626 m
306 3564 483 3628 commuue
509 3554 748 3628 tantummodo
774 3554 920 3642 triginta
946 3572 1088 3624 marcas.

285 3674 580 3764 Grsmbolow,
611 3675 694 3746 villa
720 3680 838 3765 praest
823 3673 1010 3745 timoniaIIs
1038 3672 1181 3761 capituli
1207 3669 1464 3775 Gracoviensis,
1491 3689 1559 3740 uno
1586 3669 1728 3740 milliari

182 3818 204 3867 a
229 3794 462 3886 cracovia
488 3796 552 3866 sub
578 3794 744 3884 parocbia
767 3792 934 3867 ecclesiae
961 3792 1004 3863 de
1030 3791 1265 3862 Plescbow
1291 3789 1368 3878 sita,
1395 3784 1610 3861 cuius'nunc
1627 3794 1728 3861 tenu-

182 3918 292 3991 tutus
318 3916 446 3988 Paulus
474 3914 744 4005 Glovmsry
771 3913 921 3984 decanus
948 3910 1196 3984 OracovIcnsis
1220 3908 1262 3980 In
1281 3929 1351 3999 qua
1369 3909 1519 3999 quinque
1546 3915 1626 3979 sunt
1653 3929 1729 3980 cum

183 4037 296 4108 medlo
314 4037 414 4131 ¹lanei
440 4034 680 4123 emethonales,
697 4038 744 4104 et
770 4033 916 4123 quilibet
941 4052 1006 4124 pro
1032 4014 1277 4102 arnuo'censu
1305 4029 1410 4100 solvit
1426 4049 1539 4099 unam
1565 4048 1730 4118 marcam,

184 4161 221 4227 et
245 4154 436 4228 duosdIes
461 4177 482 4226 a
508 4155 596 4226 festo
624 4152 740 4224 Sancti
773 4150 1050 4242 Bartholomaei,
1085 4159 1193 4239 usque
1220 4148 1264 4220 a'd
1283 4147 1415 4220 'festum
1443 4146 1560 4220 Sancti
1587 4147 1731 4219 Joannis

159 4262 431 4381 baptistqppa
453 4273 543 4349 festo
569 4294 653 4346 vero
680 4272 712 4344 S.
739 4272 885 4346 Joauuis
911 4272 1110 4361 Baptistae,
1137 4290 1245 4360 usque
1272 4269 1316 4339 ad
1342 4267 1467 4340 festum
1493 4267 1527 4339 S.
1546 4269 1731 4340 Bartholo-

181 4396 296 4487 Μ’,
316 4384 392 4467 tffis
419 4394 492 4466 dios
519 4395 554 4465 in
582 4395 774 4483 septimana
798 4393 941 4483 proprIo
973 4412 1077 4463 curru
1104 4397 1174 4462 aut*
1191 4396 1309 4461 aratro
1335 4389 1514 4477 laborant,
1542 4389 1624 4457 item
1650 4388 1732 4459 duc-

178 4520 284 4589 -tuas
309 4514 439 4586 faciunt
472 4515 574 4585 etiam
609 4512 750 4603 proprio
786 4533 907 4601 curru,
944 4512 1005 4583 sed
1032 4510 1076 4582 ad
1102 4510 1270 4581 rationem
1308 4509 1441 4580 dierum
1477 4509 1512 4578 in
1540 4506 1733 4594 septimana

185 4632 401 4725 debitorum3
427 4634 510 4707 item
536 4633 736 4705 cmetbones
763 4653 831 4704 non
850 4631 988 4703 solvunt
1013 4610 1116 4724 os'sep,
1144 4648 1255 4719 neque
1282 4646 1436 4715 avenam,
1464 4645 1574 4715 neque
1601 4642 1731 4711 caseos,

187 4754 248 4826 sed
274 4754 421 4844 quilibet
446 4752 490 4824 de
516 4752 615 4824 laneo
641 4752 747 4824 solvit
773 4751 918 4840 triginta
944 4771 1029 4839 ova,
1056 4756 1092 4820 et
1117 4749 1204 4820 duos
1230 4766 1396 4835 capones3
1423 4745 1506 4816 item
1532 4748 1586 4814 est
1612 4743 1647 4812 in
1674 4761 1731 4813 ea·

188 4873 266 4945 dem
292 4872 375 4944 villa
400 4873 547 4945 taberna
571 4873 704 4943 habens
730 4890 844 4961 agros,
871 4889 959 4960 quae
985 4868 1072 4939 nihil
1090 4867 1264 4955 laborans,
1292 4864 1396 4938 solvit
1413 4881 1478 4953 pro
1496 4881 1609 4932 annuo
1628 4880 1733 4933 censu

188 4993 275 5087 duas
301 5012 501 5082 sexagenas,
528 4993 611 5063 item
636 4990 855 5061 hortulanIae
881 4989 930 5059 ibi
956 5008 1025 5059 uon
1052 4992 1141 5076 sunt,
1168 4987 1249 5056 item
1268 4983 1466 5055 cmctbones
1484 4981 1549 5051 soli
1567 4986 1733 5050 tenentur

190 5111 236 5184 ad
261 5112 348 5184 duas
370 5109 541 5206 popalus.
576 5111 664 5180 Item
691 5109 806 5179 estin
834 5109 953 5179 eadem
980 5106 1065 5178 villa
1091 5105 1187 5175 curia
1222 5101 1440 5190 capitularis,
1478 5099 1569 5170 bona
1604 5099 1735 5170 babens

190 5230 355 5321 aedificia
380 5231 511 5304 habens
538 5229 716 5321 praedium
743 5229 779 5299 in
804 5222 953 5317 quatuor
979 5244 1117 5313 campos
1144 5223 1353 5312 distinctum,
1380 5220 1423 5292 de
1441 5241 1509 5309 quo
1527 5219 1612 5288 nulli
1632 5219 1735 5289 solvit

194 5351 359 5423 decimam
386 5349 643 5439 manipularem,
670 5347 730 5420 sed
758 5367 881 5437 regens
908 5366 972 5435 pro
998 5351 1155 5431 tempore
1181 5340 1316 5429 villam,
1348 5338 1442 5412 illam
1470 5339 1562 5415 solus
1589 5339 1762 5427 percipit

294 5514 456 5560 ulamma
1536 5488 1572 5537 ²¹
