4050 6054
1647 447 1723 517 515

176 639 322 755 dederit,
351 601 438 730 qnae
465 661 487 711 a
513 641 690 730 magistris
715 649 753 713 et
770 642 971 716 doctoribus
997 637 1118 735 primis
1144 647 1357 719 beneficiatis
1375 642 1408 719 s:
1426 648 1582 721 Floriani
1598 651 1634 721 in
1651 652 1723 743 pri-

175 763 292 837 vatos
302 780 386 832 usus
411 760 508 832 fuere
535 782 731 835 conversae.

191 1006 323 1087 Bursa
358 1028 589 1109 pauperum
621 1008 874 1088 artistarum
896 1032 975 1113 per
1006 1010 1228 1093 doctorem
1259 1013 1434 1094 Yssnert
1465 1014 1636 1099 fundata
1669 1021 1709 1100 br

741 1146 877 1249 platea
912 1147 1175 1254 Wyslnensl.

217 1362 222 1371 '
277 1366 365 1437 Item
400 1366 508 1436 bursa
543 1385 734 1455 pauperum
769 1368 973 1439 artistarum
1006 1370 1043 1440 in
1069 1370 1186 1459 platea
1213 1370 1391 1443 Vislnensi
1421 1373 1457 1444 in
1484 1375 1558 1445 acie
1585 1376 1671 1466 sita,
1699 1375 1749 1448 a'

172 1486 316 1558 doctore
342 1485 485 1557 Nicolao
520 1485 747 1557 Ysszneri
780 1487 942 1578 fundata,
978 1489 1076 1561 cuius
1102 1490 1324 1562 medietatem
1341 1581 1343 1584 y
1359 1513 1423 1583 pro
1458 1495 1583 1566 maiori
1616 1503 1718 1586 parte

172 1607 279 1678 etiam
306 1627 383 1677 cnm
410 1626 493 1677 area
519 1608 691 1697 contigua,
718 1628 795 1679 cum
813 1609 901 1680 alias
927 1617 1019 1681 esset
1042 1609 1173 1682 foetida
1195 1616 1231 1682 et
1247 1613 1380 1703 stricta,
1406 1612 1584 1686 Jobannes
1601 1616 1717 1689 senior

172 1727 410 1817 Dlugoscb
436 1728 621 1798 canonicus
648 1726 888 1801 &aconensis
914 1750 1013 1803 muro
1031 1732 1146 1802 coctili
1174 1735 1210 1803 et
1235 1730 1451 1822 coemptione
1477 1735 1611 1807 vicinae
1629 1737 1717 1826 lapi·

172 1847 257 1918 deae
284 1847 472 1937 ampliavit,
499 1847 607 1919 habet
632 1868 772 1919 censum
798 1849 980 1922 duodecim
1005 1872 1200 1924 marcarum
1217 1852 1317 1924 annis
1331 1853 1477 1944 singulis
1504 1854 1547 1926 de
1566 1874 1716 1929 commu·

171 1967 274 2040 nibus
300 1967 527 2058 proventibus
553 1969 719 2041 ecclesiae
746 1969 778 2042 S.
804 1970 969 2043 Floriani.

665 2412 1223 2578 soassslmambsls

168 2665 562 2747 Scarbimlrteneem
595 2663 823 2744 ecclesiam
855 2667 934 2744 sub
966 2665 1088 2745 titulo
1109 2665 1253 2747 Sancti
1275 2666 1478 2747 lobannis
1502 2666 1714 2773 Baptistae

213 2802 440 2905 fundatam,
474 2805 513 2882 in
548 2802 686 2883 locum
719 2805 908 2905 quintum
942 2805 1053 2883 inter
1079 2804 1330 2908 ooliepiatas
1362 2804 1668 2909 deputavimus

167 2937 336 3009 infundo
363 2938 455 3009 enim
480 2937 581 3008 uberi
608 2942 643 3008 et
661 2936 787 3027 oppido
813 2937 974 3027 populari
1000 2941 1103 3028 atque
1128 2936 1303 3028 frequenti
1330 2926 1434 3009 situm
1461 2960 1560 3010 suum
1588 2943 1714 3014 sortita

168 3063 231 3148 est,
258 3063 295 3129 et
320 3058 553 3148 pulcherrimo
578 3079 679 3129 muro
705 3078 805 3148 novo,
833 3059 944 3129 reteri
971 3042 1149 3148 abrogato,
1176 3079 1219 3129 ex
1246 3059 1394 3148 pecunia
1420 3058 1604 3131 devotione
1631 3062 1715 3133 fide·

154 3179 251 3249 lium
278 3184 451 3269 congesta,
478 3179 514 3249 in
540 3178 662 3250 diebus
688 3179 817 3249 nostris
843 3176 1021 3250 fabricata.
1053 3177 1293 3250 Crotoniensis
1320 3185 1436 3251 autem
1463 3181 1645 3271 episcopus
1672 3202 1715 3254 ex

168 3300 344 3372 vuantos
362 3306 399 3371 et
416 3299 539 3390 priscis
566 3297 786 3388 pontificibus
804 3319 893 3370 unus
912 3299 986 3370 eius
1005 3299 1160 3369 creditur
1184 3297 1292 3369 fuisse
1317 3304 1390 3368 tam
1413 3298 1585 3390 fundator,
1613 3323 1714 3391 quam

166 3420 324 3509 dolator,
360 3420 482 3510 quiin
509 3416 635 3508 oppido
662 3419 716 3488 sui
742 3418 963 3507 episcopatus
998 3417 1308 3489 Scarbimiria
1343 3418 1509 3489 ecclesiae
1536 3420 1713 3511 praefatae

167 3540 310 3615 fundum
336 3545 372 3611 et
399 3541 511 3610 locum
538 3538 727 3627 constituit,
755 3543 792 3608 et
818 3537 1067 3609 dexteritatem·
1089 3558 1186 3609 suam
1209 3538 1244 3608 in
1262 3538 1443 3609 ecclesiam
1469 3538 1580 3628 ipsam
1598 3548 1717 3612 osten·

167 3682 279 3753 surus,
305 3661 470 3751 oppidum
496 3659 688 3751 praefatum
715 3665 751 3729 et
769 3658 869 3730 villas
896 3658 1129 3750 Kuyawky
1156 3663 1192 3728 et
1217 3657 1424 3746 thaszin
1450 3658 1493 3729 de
1512 3681 1632 3731 mensa
1650 3684 1714 3734 sua

56 3776 60 3782 “
167 3782 354 3874 episcopali
381 3780 601 3853 Oracoviensi
628 3780 889 3870 praepositurae
915 3777 1192 3851 Scarbimiriensi
1211 3785 1247 3850 et
1263 3779 1339 3850 eius
1357 3800 1420 3869 pro
1438 3785 1594 3870 tempore
1613 3803 1713 3871 prae-

113 3886 118 3892 ⁴
167 3902 282 3993 posito
308 3905 475 3993 perpetue
503 3900 654 3989 donavit,
680 3900 757 3971 iure
784 3899 964 3990 superiori,
991 3920 1059 3970 nno
1078 3899 1274 3970 molendino
1301 3904 1338 3969 et
1364 3899 1537 3971 nonnullis
1564 3903 1658 3991 agris
1677 3904 1713 3974 in

46 4022 50 4029 ”
166 4023 251 4114 loco,
278 4023 337 4114 qni
364 4023 534 4113 Kampa
561 4021 764 4112 appellatur.
790 4020 878 4091 Item
905 4019 1038 4091 decima
1063 4020 1271 4110 manipulari
1298 4021 1334 4091 in
1360 4020 1469 4092 laneis
1494 4040 1557 4093 sex
1584 4023 1621 4094 in
1639 4023 1714 4095 Za·

167 4146 344 4218 m'oscze
372 4144 440 4215 sibi
467 4148 503 4214 et
530 4142 745 4232 episcopatui
772 4139 995 4213 Gracoviensi
1021 4142 1056 4211 in
1084 4142 1219 4232 signum
1245 4140 1478 4232 fundationis,
1514 4126 1714 4236 dotationis,

166 4273 204 4339 et
229 4265 372 4337 dominii
398 4264 606 4353 reservatis;
642 4285 685 4334 ex
713 4284 780 4353 quo
808 4262 967 4335 effectum
994 4268 1067 4352 est,
1094 4267 1134 4334 ut
1161 4262 1326 4353 oppidani
1344 4261 1654 4355 Scarbimirienses,
1683 4267 1714 4336 si

167 4386 304 4479 qnando
331 4406 370 4457 se
396 4387 471 4457 iure
499 4384 712 4457 Tbeutonico
739 4405 802 4474 per
828 4382 1146 4456 Scarbimiriensem
1174 4383 1379 4455 advocatum
1402 4390 1439 4454 et
1456 4384 1616 4456 scabinos
1633 4404 1713 4475 gra-

165 4513 266 4581 vatos
292 4507 448 4597 credunt,
475 4507 622 4578 caeteris
649 4505 882 4577 tribunalibus
909 4505 1057 4594 omissis,
1075 4504 1120 4574 ad
1139 4505 1269 4576 curiam
1289 4503 1519 4594 episcopalem
1545 4526 1609 4594 pro
1628 4505 1713 4577 diri-
1781 4591 1783 4595 Α

166 4629 299 4702 mendis
317 4629 558 4720 quaestionum
576 4635 613 4699 et
631 4627 901 4719 appellationum
928 4647 1068 4698 suarum
1083 4625 1297 4713 differentiis,
1325 4623 1466 4697 Oraco
1478 4626 1591 4697 viam
1618 4627 1713 4699 soliti

166 4755 248 4823 sunt
274 4749 460 4843 appellare
488 4749 565 4840 quis
592 4754 708 4820 autem
735 4748 917 4838 episcopus
944 4746 1182 4819 Oracoviensis
1213 4744 1375 4817 fundator
1400 4746 1578 4836 praefatae
1604 4747 1713 4819 eccle·
1859 4836 1863 4847 ¹

166 4872 238 4944 siae
264 4871 558 4944 Scarbimiriensis
584 4870 706 4960 firerit,
734 4874 795 4940 aut
821 4890 889 4959 quo
916 4869 1053 4940 nomine
1079 4874 1242 4957 vocatus,
1268 4872 1330 4938 aut
1356 4888 1424 4957 quo
1450 4888 1542 4938 anno
1568 4868 1712 4958 gratiae,

166 4994 230 5065 snb
258 5012 370 5086 quove
395 5012 478 5082 rege
505 4997 567 5062 aut
592 4992 748 5081 principe
774 4989 940 5061 Poloniae
973 4989 1210 5061 fundationem
1244 4986 1403 5078 praefata
1434 4987 1582 5060 ecclesia
1616 5008 1713 5061 acce-

164 5114 267 5206 perit,
293 5113 485 5205 privilegiis
512 5111 724 5184 fundationis
750 5116 786 5182 et
812 5111 939 5182 litteris
966 5111 1055 5202 igne,
1081 5114 1273 5198 vetustate,
1309 5107 1363 5179 vel
1390 5107 1506 5199 aliquo
1533 5100 1601 5181 alio
1629 5130 1712 5184 casu

165 5236 387 5326 consumptis,
413 5233 546 5304 nullum
559 5231 692 5312 ,efficax
719 5232 962 5305 documentum
988 5231 1033 5302 ad
1059 5229 1324 5303 rescindendum
1351 5228 1542 5300 obsoletam
1569 5236 1605 5301 et
1622 5251 1710 5320 pene

166 5361 338 5435 manuam
373 5354 551 5455 praefatae
586 5353 798 5433 fundationis
832 5353 1036 5443 memoriam
1072 5356 1212 5449 poterat
1247 5347 1373 5433 atera..
1433 5347 1560 5452 Oppidi
1595 5355 1712 5432 autem
