4050 6054
232 409 304 479 556

231 620 267 685 et
301 632 363 704 per
400 616 547 702 quatuor
589 608 728 695 ierugas
772 605 946 695 canapalis
992 557 1136 694 qdartae
1172 601 1391 691 praebendae
1435 600 1711 691 Sandeczensis,
1763 604 1804 671 et

230 734 360 805 ducunt
395 752 471 801 eam
497 728 695 800 cmethones
731 725 881 816 propriis
909 725 1068 796 curribus
1095 725 1130 793 in
1158 724 1322 795 borreum
1349 743 1371 793 a
1398 722 1562 794 canonico
1590 720 1802 809 locandum,
1919 764 1923 770 -

230 859 265 924 et
291 853 388 924 valor
414 851 488 921 eius
514 850 717 920 aestimatur
743 846 788 917 ad
807 845 1067 935 quatuordecim
1093 863 1241 932 marcae,
1275 848 1438 933 quantum
1467 841 1511 913 ad
1537 838 1801 932 praebendam,
1838 890 1842 895 -

231 971 485 1043 diversificatur
521 968 611 1038 enirn
638 967 814 1057 perceptio
842 967 878 1035 in
907 965 990 1035 villa
1016 963 1192 1054 praefata,
1229 963 1395 1034 minorem
1429 963 1518 1033 enim
1546 967 1687 1051 partem
1719 960 1805 1031 eius

231 1090 323 1163 tollit
349 1108 468 1160 mensa
503 1086 708 1177 episcopalis
736 1083 992 1172 cracoviensis,
1027 1083 1193 1154 maiorem
1224 1102 1307 1154 vero
1334 1087 1470 1171 partem
1497 1079 1591 1152 tollit
1618 1100 1804 1170 praesens

176 1258 181 1269 ι
231 1208 430 1300 praebenda
447 1207 664 1299 Byeganslra.
704 1204 792 1275 Item
810 1206 985 1293 tabernae,
1012 1204 1094 1273 item
1113 1202 1348 1290 hortulaniae,
1374 1201 1459 1300 item
1477 1200 1679 1290 praedium;
1710 1200 1805 1271 item

231 1328 388 1420 praelata
415 1325 613 1418 praebenda
639 1323 849 1415 Byeganska
875 1345 943 1394 non
970 1324 1076 1393 babet
1102 1322 1253 1412 aliquam
1280 1321 1433 1411 domum,
1465 1341 1576 1411 neque
1603 1340 1741 1417 aream·
1764 1321 1808 1391 in

234 1448 360 1539 oppido
387 1446 624 1518 Sandeczensi.
1610 1532 1615 1537 ³

336 1569 424 1639 ltem
450 1565 608 1658 praefata
635 1564 831 1655 praebenda
857 1563 1067 1653 Byeganska
1092 1566 1214 1633 taxata
1240 1566 1295 1633 est
1321 1562 1365 1633 ad
1384 1615 1523 1631 ......

726 1826 919 1906 vicariae
953 1823 1292 1906 Sandeczenses.

336 2048 569 2138 Sbigneus
605 2045 790 2117 cardinalis
827 2050 863 2116 et
897 2046 1078 2135 episcopus
1115 2044 1293 2135 praefatus
1329 2043 1525 2133 fundando,
1561 2043 1731 2116 dotando
1772 2053 1815 2153 et

233 2169 396 2258 erigendo
424 2168 603 2238 ecclesiam
629 2166 846 2256 collegiatam
873 2165 1162 2254 Sandeczensem,
1189 2164 1347 2236 fundavit
1373 2165 1477 2235 etiam
1505 2165 1540 2234 in
1567 2184 1609 2235 ea
1632 2171 1815 2255 'quatuor

232 2290 379 2362 vicarias
406 2292 611 2378 perpetuae,
639 2307 727 2376 quae
747 2292 897 2377 quatuor
916 2287 1122 2376 praelaturis
1141 2292 1176 2356 et
1195 2291 1344 2375 quatuor
1370 2284 1578 2373 praebendis
1604 2285 1647 2355 iu‘
1669 2286 1811 2359 eadem

233 2409 380 2481 ecclesia
411 2406 638 2479 Sandeczensi
664 2404 831 2495 fundatis,
869 2404 1193 2496 corresponderent3
1230 2406 1334 2475 boras
1366 2425 1501 2495 quoque
1535 2409 1741 2477 nocturnas
1771 2413 1813 2477 et

240 2530 397 2618 diurnae,
415 2534 451 2598 et
469 2547 542 2597 rem
561 2547 694 2598 omnem
714 2525 866 2596 divinam
885 2527 920 2596 in
939 2526 1033 2597 dicta
1051 2525 1277 2597 Sandeczensi
1296 2525 1442 2596 ecclesia
1459 2525 1662 2616 explerent3
1680 2526 1815 2599 voluit

233 2655 364 2737 tamen,
384 2648 516 2736 sanxit,
535 2646 770 2736 privilegiavit
789 2652 825 2716 et
843 2645 1014 2735 decrevit,
1032 2652 1071 2716 ut
1088 2651 1243 2735 potestas
1262 2644 1431 2735 eligendi,
1450 2643 1649 2717 conferendi
1669 2646 1809 2737 quam·

235 2769 322 2840 libet
347 2768 520 2856 vicariam,
548 2787 617 2835 non
644 2767 812 2837 consistat
838 2767 930 2838 circa
956 2767 1149 2856 praelatum
1177 2772 1238 2836 aut
1246 2748 1475 2855 canonicum,
1502 2766 1562 2856 qui
1587 2764 1809 2856 frequenter

238 2889 397 2978 neglecta
415 2885 658 2959 commoditate
676 2887 859 2976 ecclesiae,
888 2888 1047 2976 passione
1065 2887 1151 2957 moti
1170 2887 1213 2957 ad
1231 2886 1439 2976 familiares,
1457 2891 1518 2958 aut
1535 2886 1653 2977 aliqua
1671 2907 1808 2961 neces·

234 3008 338 3080 sitate
366 3008 432 3083 sibi
451 3008 638 3078 obstrictos
661 3007 792 3078 animes
819 3014 1040 3096 convertent,
1072 3013 1108 3077 et
1126 3006 1304 3097 indignae,
1330 3007 1456 3078 idiotas
1474 3027 1596 3096 parum
1622 3007 1806 3098 valentes,

234 3128 419 3218 provident
446 3132 481 3198 et
498 3132 738 3218 praesentant;
766 3126 825 3198 sed
853 3127 1007 3199 decrevit
1033 3133 1069 3198 et
1088 3128 1228 3217 statuit,
1255 3134 1295 3198 ut
1311 3127 1506 3216 praelatum
1533 3133 1611 3198 octo
1638 3128 1804 3200 vicario-

235 3272 310 3322 rum
339 3250 519 3338 collegium
544 3248 724 3319 vacatione
751 3248 936 3320 cuiuslibet
970 3249 1134 3337 vicariae,
1161 3268 1223 3338 per
1242 3269 1488 3339 quemeumque
1507 3247 1645 3320 modurn
1667 3269 1801 3321 occur-

234 3377 383 3460 rentem,
410 3370 521 3441 libera
538 3368 703 3458 iungatur
720 3368 900 3458 electione,
927 3376 963 3439 et
982 3370 1093 3440 virum
1116 3369 1257 3459 dignum
1275 3369 1311 3439 iu
1329 3369 1442 3441 locum
1461 3369 1616 3440 vacantis
1634 3369 1801 3441 vicariae

234 3491 377 3583 propria
394 3489 602 3561 auctoritate
616 3488 799 3578 provideat
817 3494 853 3560 ct
867 3489 1069 3578 substituat,
1089 3489 1263 3560 oautclose
1281 3488 1373 3560 circa
1386 3489 1588 3569 electionem
1602 3488 1799 3562 cuiuslibet

235 3611 356 3683 vicarii
383 3615 558 3698 acturum,
594 3614 636 3679 ut
662 3609 820 3699 dignum,
858 3609 1037 3698 idoneum,
1074 3609 1276 3680 concordem
1313 3614 1348 3680 et
1374 3611 1569 3681 unanimem
1596 3610 1799 3682 substituat

235 3737 271 3801 et
296 3731 468 3818 nominet,
496 3730 606 3800 sciens
634 3735 670 3799 et
696 3729 912 3819 intelligenS,
949 3729 1040 3818 qrrod
1066 3729 1177 3799 omnis
1205 3728 1358 3800 deiectus
1385 3730 1451 3800 viri
1478 3729 1598 3801 taliter
1624 3729 1794 3822 eligendi,

234 3852 270 3921 iu
298 3872 334 3921 se
362 3850 487 3920 debeat
513 3849 713 3937 redundari,
740 3855 776 3920 et
802 3849 932 3921 nullum
960 3850 1127 3939 amplius;
1154 3850 1315 3939 quoniam
1343 3849 1523 3939 collegium
1550 3851 1726 3942 ipsorum,
1754 3853 1795 3925 in

236 3990 380 4060 quamm
408 3970 633 4040 contubernio
659 3974 861 4040 versaturus
889 3975 959 4058 est,
987 3970 1061 4041 vita
1087 3990 1150 4041 sua
1175 3969 1310 4059 lutura,
1337 3968 1410 4041 sive
1436 3972 1528 4041 bona
1553 3970 1691 4060 fuerit,
1715 3972 1795 4045 sive

237 4087 456 4177 scandalosa,
492 4087 703 4177 contingere,
740 4092 776 4158 et
812 4088 855 4158 ad
883 4088 1071 4177 perfectum
1105 4090 1257 4178 ipsorum
1294 4088 1350 4159 vel
1386 4088 1546 4159 damnum
1582 4088 1795 4163 redundare.

235 4210 324 4278 Itcm
351 4205 528 4298 praefatus
555 4207 784 4297 Sbigneus
812 4208 1000 4280 cardinalis
1027 4214 1064 4280 et
1081 4208 1262 4299 episcopus
1281 4210 1418 4299 statuit,
1446 4209 1602 4281 decrevit
1626 4213 1662 4280 et
1679 4210 1794 4299 privi-

235 4328 392 4418 legiavit,
420 4328 510 4418 quod
537 4328 685 4418 praelati
705 4334 783 4400 octe
802 4329 923 4400 vicarii
942 4329 1194 4400 Sandeczenses
1213 4329 1320 4401 totius
1338 4330 1522 4420 parochiae
1542 4326 1795 4402 Sandeczensis

237 4449 449 4520 coniunctim
476 4454 512 4519 et
530 4447 682 4538 divisim,
709 4457 746 4519 et
764 4450 799 4520 iu
819 4449 965 4520 solidum
993 4449 1175 4520 sollicitam
1194 4469 1311 4520 curam
1328 4457 1453 4540 gerant
1471 4430 1680 4540 animarum
1706 4451 1795 4523 item

234 4569 326 4640 idem
353 4569 582 4658 Sbigneus
610 4570 795 4641 cardinalia
814 4571 946 4660 statuit,
973 4569 1127 4642 decrevit
1150 4575 1186 4641 et
1203 4570 1457 4661 privilegiavit,
1484 4578 1524 4642 ut
1541 4570 1690 4668 praefati
1709 4580 1794 4647 octo

234 4689 355 4760 vicarii
382 4688 520 4760 normisi
538 4688 808 4785 superpelliciati
834 4695 870 4760 et
888 4691 1118 4781 aspergulinis
1136 4690 1317 4780 pellicibus
1337 4692 1526 4783 almuciati,
1554 4693 1589 4763 in
1608 4692 1795 4767 eeclesiam

235 4809 505 4881 Sandeczensem
532 4809 791 4899 ingrediantur,
825 4810 930 4901 idque
961 4832 998 4882 se
1024 4811 1162 4882 firment
1188 4809 1301 4882 medio
1329 4813 1523 4884 iuramento
1550 4812 1642 4884 circa
1667 4832 1794 4906 recep

234 4931 365 5001 tionem
393 4950 490 5000 suam
518 4930 736 5020 scmpulose,
764 4929 873 5001 donec
899 4931 1039 5002 interim
1067 4938 1149 5003 sunt
1176 4931 1311 5021 vicarii,
1339 4933 1582 5004 custodituros

338 5050 425 5121 Item
444 5050 571 5139 voluit,
589 5048 743 5123 decrevit
761 5057 796 5122 et
813 5052 1060 5142 privilegiavit,
1079 5058 1118 5124 ut
1131 5052 1279 5143 praefati
1297 5058 1375 5125 octo
1395 5053 1514 5124 vicarii
1533 5052 1794 5129 Sandeczenses

235 5170 305 5241 sint
331 5170 523 5261 monoculi,
550 5171 684 5242 nullum·
708 5171 803 5243 aliud
828 5172 1032 5244 beneficium
1059 5179 1216 5245 curatum
1243 5173 1299 5244 vel
1326 5194 1395 5245 non
1422 5178 1581 5247 curatum
1608 5172 1794 5268 habentem

235 5291 316 5362 etsi
334 5289 425 5364 ferte
452 5313 618 5385 processu
638 5293 805 5384 temporis
832 5292 973 5385 aliquod
992 5294 1195 5366 beneficium
1214 5300 1394 5367 assecutus
1420 5294 1536 5385 fuerit,
1568 5292 1700 5403 vicaria
1726 5316 1797 5371 sua
