4050 6054
1713 507 1787 582 303

337 717 424 791 Item
451 718 487 789 in
506 717 627 789 eadem
652 715 736 789 villa
763 720 816 788 est
837 714 1017 806 praedium
1043 715 1172 787 bonum
1198 714 1719 806 praepositi‘Sandomiriensis‚
1746 715 1788 787 de

124 846 128 853 “
235 861 302 930 quo
329 839 416 911 nulli
441 839 546 911 solvit
581 838 749 910 decimam
783 828 1043 926 manipularem}
1070 836 1131 907 sed
1158 856 1232 908 eam
1260 856 1324 925 pro
1351 856 1388 907 se
1415 834 1526 924 tollit,
1561 842 1598 907 ct
1624 836 1661 907 in
1688 856 1787 908 suum

232 961 397 1032 horreum
424 959 565 1031 inducit.
608 959 697 1030 Item
724 957 808 1029 uilla
833 956 993 1048 praelata
1028 956 1180 1028 confimat
1205 977 1282 1027 cum
1309 956 1403 1047 agris
1430 957 1581 1028 civitatis
1608 954 1788 1028 Sandomi·

232 1080 376 1170 riensis,
395 1081 477 1151 item
500 1100 576 1151 cum
598 1079 690 1152 villis
716 1079 853 1168 Zlota‚
880 1076 1104 1168 Milczany‚
1131 1084 1167 1150 et
1184 1077 1260 1149 loco
1283 1076 1503 1167 scopulorum
1521 1082 1603 1150 sunt
1619 1074 1788 1172 apioszdy

234 1220 298 1292 pro
324 1200 502 1309 limitibus.

396 1543 399 1549 ,
534 1460 735 1543 Decimae
769 1463 1089 1567 praepositurae
1122 1461 1489 1544 Sandomirlenais.

337 1684 530 1774 Saeuum,
567 1680 651 1754 villa
686 1683 751 1754 sub
778 1683 943 1774 parochia
978 1684 1145 1755 ecclesiae
1172 1683 1215 1756 de
1242 1683 1675 1774 Woyczechowicze
1710 1685 1789 1774 sita,

233 1807 330 1878 cuins
348 1805 546 1897 proprietas
564 1803 609 1875 ad
627 1804 898 1876 illustrissimum
915 1803 1080 1876 Poloniae
1098 1825 1216 1895 regem
1234 1805 1397 1896 pertinet,
1424 1805 1460 1876 in
1479 1826 1548 1895 qua
1566 1810 1648 1877 sunt
1664 1806 1788 1897 viginti

233 1946 294 1999 sex
320 1926 413 1998 lanei
438 1925 690 2015 cmethonales‚
725 1925 809 1998 item
844 1925 1011 1997 tabernae
1039 1927 1208 2016 quinque,
1243 1926 1327 1998 item
1353 1925 1574 1999 hortulaniae
1601 1926 1708 2018 duae,
1743 1926 1788 1998 de
1871 1941 1872 1945 ’

234 2047 359 2138 quibm
385 2047 544 2148 omnibus
562 2046 712 2120 solvitur
734 2046 867 2118 decima
893 2046 1117 2139 manipularis
1144 2052 1180 2118 et
1199 2046 1373 2137 canapalis
1399 2066 1464 2138 per
1481 2048 1787 2139 quatuoriemgas

234 2172 272 2239 et
297 2166 436 2239 ducitur
460 2187 524 2258 per
550 2168 747 2259 amathones
774 2168 810 2238 in
837 2168 1001 2239 horreum
1027 2188 1049 2237 a
1074 2167 1273 2257 praeposito
1299 2167 1497 2260 locandum,
1524 2173 1561 2241 et
1585 2167 1686 2241 valor
1712 2168 1786 2240 eius

234 2288 439 2361 aestimatur
465 2287 693 2359 communiter
728 2287 773 2358 ad
800 2287 1030 2378 quadraginta
1055 2307 1204 2377 marona,
1236 2286 1422 2378 aliquando
1454 2288 1499 2360 ad
1526 2288 1784 2381 quinquaginta,

234 2407 421 2498 aliquando
449 2407 493 2479 ad
520 2409 709 2498 sexaginta.
749 2409 837 2479 Item
864 2407 1046 2498 praedium
1074 2409 1111 2480 in
1134 2407 1255 2479 eadem
1280 2407 1365 2479 villa
1391 2409 1576 2500 optimum,
1604 2407 1696 2500 qnod
1722 2429 1787 2499 pro

155 2586 162 2599 a
232 2546 302 2599 nna
328 2527 514 2601 medietate
542 2528 645 2600 solvit
671 2527 838 2599 decimam
864 2529 1115 2618 manipularem
1150 2529 1280 2600 vicario
1308 2527 1463 2600 custodis
1489 2529 1788 2621 Sandomirienais,
1933 2558 1936 2562 “

130 2626 135 2633 ’
228 2668 299 2745 pro
312 2648 434 2726 altera
457 2648 622 2721 ecclesiae
648 2650 684 2720 in
706 2649 993 2741 Zamborzyn
1019 2649 1061 2720 de
1081 2649 1175 2740 agris
1202 2648 1441 2722 tantummodo
1469 2649 1554 2722 alias
1579 2648 1692 2739 aimo,
1728 2651 1787 2741 qui

233 2765 415 2842 Ostrou
442 2750 670 2864 appellantur.
1758 2850 1765 2861 ‚

338 2887 531 2982 Oroczuo‚
558 2891 722 2983 oppidum
748 2891 785 2963 in
803 2891 953 2964 dioecesi
972 2888 1166 2963 Gnesnansi
1184 2892 1303 2983 situm,
1330 2891 1461 2964 habens
1480 2875 1660 2964 ecclesiam
1685 2910 1789 2984 paro-

232 3009 377 3082 chialem
403 3017 594 3104 muratam,
621 3013 666 3086 ad
683 3012 848 3085 Poloniae
874 3032 992 3103 regem
1009 3012 1206 3102 pertinens¹
1233 3013 1356 3103 inquo
1379 3017 1462 3084 aunt
1487 3012 1668 3105 sexaginta
1693 3014 1786 3086 lanei

173 3148 177 3161 ’
225 3131 367 3222 ῥῖψε,
396 3132 439 3205 de
458 3134 584 3225 quibus
601 3134 840 3207 tantummodo
868 3133 1001 3206 decima
1026 3132 1253 3224 manipularis
1272 3132 1420 3205 solvitur
1447 3139 1483 3206 et
1501 3134 1706 3208 conducitur
1723 3154 1788 3226 per

231 3252 423 3343 oppidanos
449 3254 494 3328 ad
519 3257 685 3329 horreum
712 3277 733 3328 a
759 3256 958 3347 praeposito
986 3254 1185 3344 locandum,
1222 3259 1258 3325 et
1283 3254 1383 3326 valor
1409 3255 1484 3327 eius
1511 3255 1716 3328 aestimatur
1742 3256 1788 3329 ad

200 3450 205 3459 ,
231 3373 425 3464 quindecim
452 3397 605 3469 marcas;
633 3379 800 3451 decimam
831 3378 955 3470 canapi
981 3397 1024 3449 ex
1051 3374 1300 3456 cousuetudine
1325 3395 1396 3447 non
1422 3375 1575 3465 solvunt,
1603 3377 1787 3468 aliqnando

134 3526 135 3530 ¹
231 3492 277 3565 ad
294 3494 419 3585 viginti
440 3519 575 3571 marcas
593 3501 806 3573 aestimatur.
846 3500 955 3572 Lanei
976 3496 1173 3571 huiusmodi
1191 3496 1374 3586 sexaginta
1391 3495 1601 3585 incipiunta
1626 3496 1788 3569 Lantka

230 3615 427 3708 anathene,
454 3640 565 3710 usque
593 3622 638 3693 ad
663 3645 783 3719 azmop
809 3620 1160 3711 Gorzakowsky.
1199 3616 1288 3690 Item
1313 3615 1492 3707 praedium
1518 3617 1655 3707 regium
1672 3617 1788 3736 solvit³

231 3734 397 3809 decimam
422 3741 674 3832 manipularem
701 3745 866 3818 ecclesiae
892 3743 1084 3837 parochiali
1109 3740 1238 3813 ibidem
1263 3739 1299 3810 in
1317 3736 1570 3830 Oppoczno.

332 3855 506 3932 Oroczno
533 3861 729 3955 Asamus,
765 3866 849 3938 villa
876 3867 941 3939 sub
967 3865 1133 3958 parochia
1168 3861 1332 3936 ecclesiae
1359 3860 1402 3931 de
1430 3857 1676 3952 Oppoczno
1703 3859 1787 3941 sita

156 4022 183 4083 .'
229 3976 275 4049 ad
301 3979 557 4053 serenissimum
585 3982 749 4057 Poloniae
776 4008 895 4078 regem
921 3961 1118 4081 pertinensp
1154 3986 1190 4058 in
1218 4006 1286 4077 qua
1312 3987 1394 4056 sunt
1422 3981 1514 4053 lanei
1541 3980 1795 4072 cmethonales.

229 4118 377 4190 quorum
403 4099 572 4172 medietas
608 4103 714 4176 solvit
741 4106 908 4181 decimam
934 4111 1184 4202 manipularem
1216 4105 1477 4200 praepositurae
1504 4101 1787 4195 sandomiriensi,

174 4204 177 4209 ’
229 4225 266 4290 et
292 4217 422 4289 ducunt
448 4239 525 4290 eam
552 4224 751 4298 cmethones
783 4229 819 4299 in
846 4231 1010 4303 horreum
1039 4253 1060 4302 a
1086 4230 1285 4322 praeposito
1315 4226 1497 4301 locandum
1525 4229 1562 4297 et
1587 4224 1686 4296 valor
1712 4225 1788 4296 eius

229 4339 434 4410 aestimatur
451 4337 496 4409 ad
513 4338 599 4412 duas
617 4364 771 4436 marcas;
798 4349 967 4423 medietas
994 4372 1078 4425 vero
1098 4353 1203 4424 solvit
1220 4351 1388 4425 decimam
1405 4346 1654 4437 manipularem
1676 4345 1784 4418 eccle·

229 4459 303 4532 siae
329 4463 365 4530 et
391 4458 538 4548 plebano
566 4460 601 4530 in
629 4459 891 4558 Oppoczn03
917 4472 1000 4544 item
1027 4495 1096 4545 non
1123 4475 1263 4554 solvunt
1289 4472 1456 4546 decimam
1483 4469 1614 4561 canapi.
1862 4453 1864 4456 ’

332 4579 576 4669 marazanos,
612 4580 696 4652 villa
723 4585 789 4656 sub
815 4590 981 4677 parochia
1015 4594 1180 4667 ecclesiae
1218 4595 1336 4686 oppidi
1362 4593 1530 4666 Radom
1565 4592 1652 4682 sita,
1688 4589 1785 4661 cuius

229 4699 424 4792 proprietas
460 4697 505 4769 ad
532 4699 690 4771 consules
726 4707 762 4774 et
789 4704 966 4781 civitatem
993 4709 1163 4787 Radom
1189 4716 1360 4807 pertinet,
1397 4715 1433 4787 in
1461 4736 1529 4806 qua
1556 4716 1638 4785 sunt
1662 4710 1786 4802 viginti

228 4820 378 4911 quinque
403 4819 495 4890 lanei
523 4819 774 4910 cmethonales,
811 4823 902 4897 item
921 4828 1088 4905 tabernae
1114 4853 1185 4906 non
1212 4840 1311 4927 sunt,
1344 4837 1428 4908 item
1454 4833 1674 4909 hortulaniae
1701 4852 1786 4923 qua-

230 4944 311 5025 tuor
336 4939 504 5013 habentes
523 4958 636 5029 agros,
664 4938 850 5030 dequibus
870 4945 1029 5021 omnibus
1048 4949 1197 5025 solvitur
1215 4952 1349 5026 decima
1374 4955 1600 5047 manipularis
1628 4960 1664 5027 et
1682 4972 1788 5026 cana·

227 5058 318 5153 palis
342 5077 407 5149 per
424 5063 574 5150 quatuor
599 5058 739 5149 ier-ngas
766 5064 803 5132 et
820 5060 960 5147 duum
982 5082 1049 5159 per
1067 5071 1267 5145 cmethones
1298 5074 1335 5145 in
1352 5074 1517 5148 horreum
1544 5074 1784 5169 apraeposito

231 5177 428 5269 locandum,
455 5184 490 5250 et
508 5180 606 5250 valor
624 5179 697 5250 eius
716 5179 1149 5277 aestimatmsdtrtginta
1166 5194 1257 5282 tras,
1285 5193 1471 5283 aliquando
1494 5195 1539 5266 ad
1557 5196 1788 5287 quadraginta

228 5318 378 5389 marcas;
405 5299 489 5371 item
515 5299 592 5392 agri
618 5300 691 5372 sire
708 5299 803 5372 horti
821 5299 1293 5387 tredecimeuburbanorum
1320 5311 1612 5406 Radamiansium,
1638 5316 1699 5408 qui
1717 5315 1785 5387 sol-

229 5425 318 5494 vunt
334 5418 502 5493 dammam
520 5420 720 5511 praeposito
748 5420 879 5510 absque
906 5421 1039 5494 decima
1065 5427 1234 5517 canapali;
1261 5429 1346 5504 item
1372 5448 1443 5505 non
1460 5439 1516 5507 eat
1541 5434 1591 5508 ibi
1604 5434 1785 5526 praedium
1858 5510 1861 5517 .
