4050 6054
1657 406 1730 479 313

182 624 266 681 roro
293 606 393 678 laneo
420 627 498 679 eum
523 629 602 698 uno,
629 608 713 680 item
740 615 821 680 sunt
847 608 897 680 ibi
925 608 1013 680 duae
1040 608 1225 701 tabernae,
1252 609 1420 682 habentes
1447 632 1558 702 agros
1587 606 1733 704 quarum

183 729 357 820 quaelibet
376 729 479 800 solvit
498 751 561 819 pro
580 751 684 801 censu
703 751 815 800 annuo
834 752 937 801 unam
956 751 1119 820 marcam,
1147 732 1229 804 item
1249 733 1446 803 cmethones
1466 753 1591 824 omnes,
1618 736 1734 806 taber-

183 855 325 923 natores
357 856 393 921 et
411 851 589 921 hortulani
616 858 779 923 tenentur
805 857 945 941 pratum
972 853 1089 923 euriae
1115 853 1336 942 falcastrare,
1372 859 1545 942 rastrare,
1573 854 1734 945 colligere

184 959 281 1045 etin
308 972 471 1043 borreum
499 972 678 1063 inducere,
706 973 790 1044 item
817 975 905 1044 duae
932 973 1149 1045 hortulaniae
1176 975 1343 1051 habentes
1370 995 1473 1065 agros
1500 998 1568 1046 non
1596 977 1735 1048 solvunt

73 1168 78 1175 ,
182 1112 339 1183 censum,
375 1093 437 1163 sed
463 1093 624 1164 laborant
652 1094 742 1165 diem
778 1095 813 1164 in
841 1095 1035 1184 septimana
1070 1095 1223 1184 pedibus.
1268 1096 1356 1166 Item
1391 1101 1445 1166 est
1478 1097 1526 1167 ibi
1554 1097 1733 1186 praedium

185 1213 306 1284 decani
332 1215 368 1283 in
395 1219 469 1284 tres
498 1235 634 1304 campos
662 1215 824 1305 divisum,
851 1221 888 1286 et
914 1220 1017 1305 prata
1043 1216 1175 1305 curiae,
1202 1222 1238 1287 et
1266 1216 1404 1287 solvunt
1431 1216 1600 1287 decimam
1625 1218 1734 1288 mani-

184 1335 339 1424 pularem
367 1336 443 1424 agri
469 1336 663 1424 praediales
691 1337 855 1408 ecclesiae
883 1337 918 1406 in
946 1334 1191 1426 Gorzycze,
1228 1337 1326 1408 valor
1353 1337 1505 1409 decimae
1532 1339 1735 1409 aestimatur
1854 1390 1857 1394 -

185 1456 229 1526 ad
247 1455 427 1537 duodecim
453 1478 606 1546 marcae,
643 1459 726 1529 item
753 1464 824 1528 tam
851 1458 927 1547 agri
954 1457 1148 1546 praediales
1177 1479 1279 1555 quam
1307 1459 1540 1530 cmethonales
1567 1465 1602 1529 et
1619 1461 1736 1532 tober-

182 1577 296 1666 naleS,
332 1584 368 1648 et
395 1579 581 1648 totavilla
616 1579 755 1650 solvunt
790 1580 957 1651 decimam
994 1579 1242 1668 manipularem
1279 1586 1315 1649 et
1342 1579 1540 1669 canapalem
1568 1581 1732 1653 ecelesiae

184 1698 219 1768 in
248 1696 501 1789 Gorzycze,
528 1700 612 1770 item
638 1701 745 1772 babet
769 1702 895 1771 limites
923 1721 999 1772 eum
1027 1700 1351 1791 Szalyeszany,
1377 1700 1461 1770 item
1488 1722 1565 1770 curn
1591 1700 1735 1792 Moty-

185 1839 259 1890 cze
287 1826 323 1891 et
340 1820 390 1890 ibi
409 1819 554 1909 scopuli,
583 1822 666 1892 item
686 1820 1001 1920 Skowierzyn,
1029 1821 1352 1909 itemSadowie,
1380 1821 1463 1905 item
1490 1819 1735 1914 Gorzyczc‚

184 1940 267 2010 item
294 1939 562 2031 Sokolnilry,
591 1947 627 2012 et
653 1948 735 2013 sunt
762 1943 892 2032 scopuli
920 1949 982 2014 ant
1008 1943 1116 2033 signa.
1734 2040 1737 2047 y

287 2061 474 2150 Ruszczn,
503 2062 587 2132 villa
613 2064 677 2133 sub
696 2063 862 2152 parochia
888 2064 1052 2134 ecclesiae
1080 2063 1122 2134 de
1150 2062 1506 2136 Saulislawicze
1532 2064 1611 2153 sita,
1638 2064 1735 2135 cuius

184 2182 295 2252 maior
330 2202 412 2271 pars
439 2183 592 2271 pertinet
628 2183 671 2253 ad
699 2183 903 2255 decanatum
936 2183 1268 2274 Sandomiriensem,
1301 2190 1337 2255 et
1363 2186 1399 2255 in
1425 2186 1503 2275 ipsa
1528 2189 1629 2274 parte
1656 2190 1736 2255 sunt
1824 2270 1828 2276 ἱ

185 2324 245 2372 sex
263 2302 354 2372 lanei
374 2303 619 2392 cmethonales,
649 2326 794 2393 quorum
813 2305 958 2394 quilibet
977 2305 1082 2376 solvit
1108 2327 1172 2395 pro
1191 2326 1295 2376 censu
1322 2326 1436 2377 annuo
1455 2326 1557 2376 unam
1576 2325 1736 2376 marcam.

184 2423 271 2493 ltem
291 2429 344 2494 est
362 2424 411 2493 ibi
429 2430 568 2513 pratum
587 2445 691 2494 unum
711 2424 831 2495 decani
848 2426 991 2515 bonum,
1018 2425 1109 2515 quod
1129 2426 1326 2496 cmethones
1345 2430 1506 2497 tenentur
1524 2424 1736 2514 falcastrare,

185 2543 267 2613 item
295 2551 348 2613 e'st
366 2545 413 2614 ibi
433 2545 578 2614 taberna
605 2544 736 2633 decani,
764 2567 867 2615 unam
894 2567 1099 2636 sexagenam
1127 2547 1265 2617 solvens
1292 2566 1355 2636 pro
1375 2567 1498 2635 censu,
1526 2547 1609 2616 item
1637 2545 1737 2616 deca-

185 2685 249 2734 nus
286 2664 334 2734 ibi
362 2665 563 2735 nonhabet
597 2666 737 2755 aliquod
764 2666 962 2756 praedium,
989 2668 1071 2736 item
1098 2667 1231 2737 decima
1257 2667 1481 2756 manipularis
1512 2674 1592 2756 post
1617 2666 1736 2737 laneos

185 2781 229 2853 ad
256 2783 459 2855 decanatum
495 2786 807 2857 Sandomiriensem
842 2789 1078 2878 pertinentes,
1113 2789 1197 2858 item
1225 2787 1267 2859 de
1294 2788 1388 2876 agris
1423 2789 1589 2859 tabernae
1617 2787 1736 2857 decani

185 2905 332 2976 solvitur
367 2906 550 2978 decanatui
585 2906 870 2998 Sandomiriensi,
913 2915 949 2980 et
966 2930 1029 2999 per
1056 2915 1206 2998 quatuor
1231 2910 1370 2998 ierugas
1402 2909 1586 2999 canapaliS,
1612 2914 1648 2979 et
1674 2929 1738 2998 per

184 3026 382 3098 cmethones
410 3028 548 3100 ducitur
573 3030 609 3098 in
628 3030 791 3100 horreum
817 3051 839 3100 a
865 3031 994 3102 decano
1015 3030 1223 3120 locandum,
1250 3036 1286 3101 et
1305 3029 1403 3102 valor
1430 3030 1505 3101 eius
1532 3016 1737 3101 aestimatur

132 3131 135 3135 ’
185 3147 230 3218 ad
256 3153 389 3238 septem
414 3171 557 3220 marcas.
602 3151 683 3222 Alia
708 3151 877 3222 medietas
903 3153 1017 3223 minor
1043 3153 1146 3224 villae
1172 3152 1324 3241 pertinet
1349 3151 1395 3221 ad
1422 3149 1673 3241 Szagneum
1701 3156 1738 3223 et

185 3266 405 3341 Osszkam
432 3270 475 3341 de
494 3272 599 3343 armis
626 3272 771 3362 Rawa,
800 3293 952 3374 quorum·
973 3273 1119 3362 quilibet
1145 3273 1252 3343 habet
1269 3272 1449 3361 praedium
1477 3277 1512 3342 et
1530 3272 1737 3362 cmethones,

148 3386 153 3391 ’
188 3389 231 3462 de
259 3393 384 3480 quibus
421 3393 559 3483 quidem
586 3394 825 3464 cmethonibus
853 3393 986 3464 decima
1017 3393 1241 3482 manipularis
1269 3393 1416 3464 solvitur
1443 3392 1607 3463 eeclesiae
1634 3414 1741 3482 paro-¹

187 3512 288 3608 chiali
317 3514 353 3584 in
372 3512 653 3604 Skothniky,
685 3515 768 3584 item
795 3514 838 3584 do
857 3514 990 3585 duobus
1017 3513 1169 3603 praediis
1196 3513 1404 3584 militaribus
1432 3513 1578 3583 solvitur
1605 3513 1738 3583 decima

185 3635 411 3724 manipularis
439 3636 602 3706 ecclesiae
629 3636 665 3704 in
692 3633 1059 3706 Szulislauicze.

164 3816 166 3827 ,
289 3754 440 3827 Onornu
467 3756 689 3844 Mrnrunn1S‚
712 3755 794 3826 villa
812 3757 875 3827 sub
895 3756 1059 3845 parochia
1077 3755 1241 3826 ecclesiae
1259 3754 1302 3825 de
1329 3754 1490 3825 Buszko
1518 3754 1602 3843 sita,
1629 3752 1737 3824 Mili-

186 3877 289 3947 taris
317 3877 362 3948 ad
380 3877 608 3948 differentiam
635 3877 779 3947 alterius
807 3875 991 3967 Gliotel,
1018 3897 1105 3967 quae
1124 3881 1178 3947 est
1196 3874 1350 3946 custodis
1378 3875 1609 3973 Visliciensis,
1636 3874 1740 3963 dicta,

186 4018 249 4087 per
267 3999 363 4069 cuius
389 3998 609 4070 medietatem
626 3999 749 4069 durius
777 3997 944 4069 Chotel
972 3998 1117 4088 sulphur
1143 3997 1312 4085 redolens,
1331 3996 1493 4086 decurrit,
1521 3996 1618 4067 cuius
1636 3996 1738 4083 villae

187 4119 353 4211 medietas
381 4121 424 4191 ab
452 4142 520 4191 una
547 4126 646 4209 parte
671 4120 766 4191 fluvii
794 4120 997 4221 consistere,
1024 4119 1068 4189 ad
1096 4118 1262 4189 decanum
1289 4116 1603 4189 Sandomiriensem
1630 4117 1736 4206 perti-

188 4245 256 4330 net,
284 4241 320 4311 in
339 4263 407 4332 qua
434 4247 515 4312 sunt
542 4247 674 4331 septem
700 4240 793 4311 lanei
811 4240 1054 4328 cmethonales,
1082 4259 1228 4328 quorum
1247 4237 1393 4328 quilibet
1419 4237 1523 4308 solvit
1551 4258 1614 4326 pro
1634 4257 1737 4308 censu

186 4381 301 4432 annuo
328 4383 432 4433 unam
459 4383 673 4452 sexagenam.
709 4361 798 4432 Item
824 4367 901 4432 tota
935 4360 1101 4431 medietas
1128 4359 1231 4431 villae
1268 4358 1435 4430 Gbotel
1462 4357 1508 4428 ad
1534 4359 1738 4429 decanatum

186 4483 382 4577 pertinere,
418 4483 522 4554 solvit
548 4482 715 4553 decimam
750 4482 1001 4571 manipularem
1036 4486 1073 4551 et
1098 4501 1161 4570 per
1188 4485 1337 4569 quatuor
1368 4480 1508 4569 ierugas
1535 4477 1735 4567 canapalem

187 4601 370 4673 decanatui
404 4602 692 4692 Sandomiriensi,
733 4608 769 4673 et
805 4602 936 4673 ducunt
970 4622 1047 4673 eam
1083 4602 1282 4673 cmethones
1318 4599 1469 4689 propriis
1505 4598 1665 4669 curribus
1699 4598 1736 4666 in

186 4721 350 4797 borreum
377 4744 398 4793 a
425 4723 553 4794 decano
580 4723 783 4813 locandum,
822 4728 857 4793 et
884 4722 982 4794 valor
1014 4707 1088 4794 eius
1115 4723 1320 4794 aestimatur
1347 4720 1391 4790 ad
1419 4725 1515 4808 octo,
1551 4715 1736 4809 aliquando

187 4843 232 4914 ad
259 4844 376 4916 decem
402 4864 551 4933 marcas3
587 4845 670 4915 item
697 4843 848 4916 decanus
882 4842 1084 4914 nonhabet
1110 4843 1290 4932 praedium
1325 4842 1361 4911 in
1388 4839 1472 4911 villa
1498 4838 1627 4928 eadem,
1653 4837 1736 4908 item

187 4965 300 5036 altera
325 4965 493 5036 medietas
520 4965 624 5036 villae
650 4970 704 5035 est
721 4964 888 5037 Stanislai
914 4968 950 5035 et
966 4961 1065 5034 Petri
1091 4961 1395 5052 Korzeuszky
1423 4959 1466 5030 de
1485 4960 1590 5030 armis
1617 4957 1739 5030 Stre-

188 5106 362 5175 parum,
397 5087 433 5157 in
461 5107 529 5177 que
555 5092 609 5157 est
635 5106 706 5157 una
739 5086 837 5157 curia
863 5084 1025 5155 militaris
1056 5089 1093 5154 et
1120 5135 1287 5153 .......
1314 5080 1407 5152 lanei
1442 5079 1675 5151 cmethonales
1701 5084 1738 5151 et
1847 5183 1848 5188 Ἰ
1945 5081 1954 5103 ’

187 5206 399 5298 praediales,
426 5207 469 5277 de
489 5204 613 5297 quibus
641 5206 799 5278 omnibus
825 5205 973 5279 solvitur
1000 5203 1133 5275 decima
1158 5202 1383 5291 manipularis
1410 5206 1446 5273 et
1472 5201 1647 5290 campalis
1673 5219 1736 5290 per

290 5476 338 5518 ma.
351 5476 448 5518 Beneflc.
1541 5443 1584 5504 40
