<?xml version="1.0" encoding="UTF-8"?>
<!DOCTYPE html PUBLIC "-//W3C//DTD XHTML 1.0 Transitional//EN"
    "http://www.w3.org/TR/xhtml1/DTD/xhtml1-transitional.dtd">
<html xmlns="http://www.w3.org/1999/xhtml" xml:lang="en" lang="en">
 <head>
  <title>
</title>
<meta http-equiv="Content-Type" content="text/html;charset=utf-8" />
  <meta name='ocr-system' content='tesseract 3.04.00' />
  <meta name='ocr-capabilities' content='ocr_page ocr_carea ocr_par ocr_line ocrx_word'/>
</head>
<body>
  <div class='ocr_page' id='page_1' title='image "./joannisdugoszse00dugoog_0231.png"; bbox 0 0 4050 6054; ppageno 0'>
   <div class='ocr_carea' id='block_1_1' title="bbox 230 468 302 537">
    <p class='ocr_par' dir='ltr' id='par_1_1' title="bbox 230 468 302 537">
     <span class='ocr_line' id='line_1_1' title="bbox 230 468 302 537; baseline 0 0"><span class='ocrx_word' id='word_1_1' title='bbox 230 468 302 537; x_wconf 64' lang='lat' dir='ltr'>isli</span> 
     </span>
    </p>
   </div>
   <div class='ocr_carea' id='block_1_2' title="bbox 231 664 1811 2326">
    <p class='ocr_par' dir='ltr' id='par_1_2' title="bbox 231 664 1810 1241">
     <span class='ocr_line' id='line_1_2' title="bbox 334 664 1810 758; baseline -0.003 -17"><span class='ocrx_word' id='word_1_2' title='bbox 334 672 573 741; x_wconf 71' lang='lat' dir='ltr'>ltnsrcriczn.</span> <span class='ocrx_word' id='word_1_3' title='bbox 601 670 683 739; x_wconf 72' lang='lat' dir='ltr'>nilla</span> <span class='ocrx_word' id='word_1_4' title='bbox 711 670 775 739; x_wconf 75' lang='lat' dir='ltr'>sub</span> <span class='ocrx_word' id='word_1_5' title='bbox 802 669 966 758; x_wconf 88' lang='lat' dir='ltr'>parocbia</span> <span class='ocrx_word' id='word_1_6' title='bbox 993 667 1163 737; x_wconf 86' lang='lat' dir='ltr'>ecclesiae</span> <span class='ocrx_word' id='word_1_7' title='bbox 1189 667 1232 737; x_wconf 91' lang='lat' dir='ltr'>de</span> <span class='ocrx_word' id='word_1_8' title='bbox 1250 666 1378 756; x_wconf 91' lang='lat' dir='ltr'>oppido</span> <span class='ocrx_word' id='word_1_9' title='bbox 1394 664 1564 737; x_wconf 71' lang='lat' dir='ltr'>Czcbcn</span> <span class='ocrx_word' id='word_1_10' title='bbox 1592 666 1689 753; x_wconf 82' lang='lat' dir='ltr'>sita;</span> <span class='ocrx_word' id='word_1_11' title='bbox 1713 686 1810 757; x_wconf 77' lang='lat' dir='ltr'>quae</span> 
     </span>
     <span class='ocr_line' id='line_1_3' title="bbox 231 786 1810 883; baseline -0.004 -20"><span class='ocrx_word' id='word_1_12' title='bbox 231 792 400 883; x_wconf 73' lang='lat' dir='ltr'>quondm</span> <span class='ocrx_word' id='word_1_13' title='bbox 437 792 533 879; x_wconf 73' lang='lat' dir='ltr'>regia</span> <span class='ocrx_word' id='word_1_14' title='bbox 569 804 664 869; x_wconf 80' lang='lat' dir='ltr'>erat,</span> <span class='ocrx_word' id='word_1_15' title='bbox 700 811 789 859; x_wconf 91' lang='lat' dir='ltr'>nnnc</span> <span class='ocrx_word' id='word_1_16' title='bbox 827 790 1004 858; x_wconf 85' lang='lat' dir='ltr'>militaris.</span> <span class='ocrx_word' id='word_1_17' title='bbox 1033 790 1067 857; x_wconf 91' lang='lat' dir='ltr'>in</span> <span class='ocrx_word' id='word_1_18' title='bbox 1103 802 1250 877; x_wconf 82' lang='lat' dir='ltr'>quaest</span> <span class='ocrx_word' id='word_1_19' title='bbox 1279 786 1459 877; x_wconf 76' lang='lat' dir='ltr'>praedium</span> <span class='ocrx_word' id='word_1_20' title='bbox 1484 788 1632 857; x_wconf 87' lang='lat' dir='ltr'>unicum</span> <span class='ocrx_word' id='word_1_21' title='bbox 1660 788 1810 877; x_wconf 76' lang='lat' dir='ltr'>regium</span> 
     </span>
     <span class='ocr_line' id='line_1_4' title="bbox 231 905 1810 995; baseline -0.003 -14"><span class='ocrx_word' id='word_1_22' title='bbox 231 910 328 981; x_wconf 82' lang='lat' dir='ltr'>obrn.</span> <span class='ocrx_word' id='word_1_23' title='bbox 356 930 444 979; x_wconf 74' lang='lat' dir='ltr'>nume</span> <span class='ocrx_word' id='word_1_24' title='bbox 481 908 651 979; x_wconf 89' lang='lat' dir='ltr'>militare.</span> <span class='ocrx_word' id='word_1_25' title='bbox 677 908 721 977; x_wconf 90' lang='lat' dir='ltr'>de</span> <span class='ocrx_word' id='word_1_26' title='bbox 756 908 854 977; x_wconf 86' lang='lat' dir='ltr'>cuius</span> <span class='ocrx_word' id='word_1_27' title='bbox 889 907 983 995; x_wconf 66' lang='lat' dir='ltr'>apris¹</span> <span class='ocrx_word' id='word_1_28' title='bbox 1010 922 1044 975; x_wconf 91' lang='lat' dir='ltr'>et</span> <span class='ocrx_word' id='word_1_29' title='bbox 1073 905 1246 977; x_wconf 73' lang='lat' dir='ltr'>nonnullis</span> <span class='ocrx_word' id='word_1_30' title='bbox 1273 906 1445 991; x_wconf 82' lang='lat' dir='ltr'>sortibus,</span> <span class='ocrx_word' id='word_1_31' title='bbox 1470 924 1559 994; x_wconf 80' lang='lat' dir='ltr'>quas</span> <span class='ocrx_word' id='word_1_32' title='bbox 1584 906 1810 977; x_wconf 71' lang='lat' dir='ltr'>mahom</span> 
     </span>
     <span class='ocr_line' id='line_1_5' title="bbox 232 1025 1810 1119; baseline 0 -22"><span class='ocrx_word' id='word_1_33' title='bbox 232 1032 330 1101; x_wconf 76' lang='lat' dir='ltr'>sillae</span> <span class='ocrx_word' id='word_1_34' title='bbox 366 1029 501 1099; x_wconf 85' lang='lat' dir='ltr'>colunt.</span> <span class='ocrx_word' id='word_1_35' title='bbox 527 1044 562 1099; x_wconf 90' lang='lat' dir='ltr'>et</span> <span class='ocrx_word' id='word_1_36' title='bbox 589 1050 677 1118; x_wconf 83' lang='lat' dir='ltr'>qnae</span> <span class='ocrx_word' id='word_1_37' title='bbox 705 1029 876 1118; x_wconf 89' lang='lat' dir='ltr'>quondam</span> <span class='ocrx_word' id='word_1_38' title='bbox 903 1040 1003 1097; x_wconf 89' lang='lat' dir='ltr'>erant</span> <span class='ocrx_word' id='word_1_39' title='bbox 1031 1027 1198 1097; x_wconf 86' lang='lat' dir='ltr'>curiales.</span> <span class='ocrx_word' id='word_1_40' title='bbox 1226 1026 1374 1096; x_wconf 77' lang='lat' dir='ltr'>solvitur</span> <span class='ocrx_word' id='word_1_41' title='bbox 1398 1025 1532 1097; x_wconf 80' lang='lat' dir='ltr'>decima</span> <span class='ocrx_word' id='word_1_42' title='bbox 1558 1026 1810 1119; x_wconf 71' lang='lat' dir='ltr'>manipularis</span> 
     </span>
     <span class='ocr_line' id='line_1_6' title="bbox 232 1149 1500 1241; baseline -0.006 -18"><span class='ocrx_word' id='word_1_43' title='bbox 232 1151 445 1241; x_wconf 68' lang='lat' dir='ltr'>praetentae</span> <span class='ocrx_word' id='word_1_44' title='bbox 473 1150 650 1240; x_wconf 82' lang='lat' dir='ltr'>praelatae</span> <span class='ocrx_word' id='word_1_45' title='bbox 677 1165 712 1220; x_wconf 90' lang='lat' dir='ltr'>et</span> <span class='ocrx_word' id='word_1_46' title='bbox 741 1150 837 1220; x_wconf 83' lang='lat' dir='ltr'>ralor</span> <span class='ocrx_word' id='word_1_47' title='bbox 864 1150 939 1219; x_wconf 85' lang='lat' dir='ltr'>eius</span> <span class='ocrx_word' id='word_1_48' title='bbox 965 1150 1171 1219; x_wconf 83' lang='lat' dir='ltr'>aestimatur</span> <span class='ocrx_word' id='word_1_49' title='bbox 1197 1149 1242 1218; x_wconf 86' lang='lat' dir='ltr'>ad</span> <span class='ocrx_word' id='word_1_50' title='bbox 1269 1168 1330 1219; x_wconf 78' lang='lat' dir='ltr'>sei</span> <span class='ocrx_word' id='word_1_51' title='bbox 1355 1168 1500 1219; x_wconf 87' lang='lat' dir='ltr'>marcas.</span> 
     </span>
    </p>

    <p class='ocr_par' dir='ltr' id='par_1_3' title="bbox 233 1268 1811 1853">
     <span class='ocr_line' id='line_1_7' title="bbox 334 1268 1810 1359; baseline 0 -18"><span class='ocrx_word' id='word_1_52' title='bbox 334 1272 511 1341; x_wconf 74' lang='lat' dir='ltr'>Excussa</span> <span class='ocrx_word' id='word_1_53' title='bbox 538 1286 573 1341; x_wconf 95' lang='lat' dir='ltr'>et</span> <span class='ocrx_word' id='word_1_54' title='bbox 602 1292 737 1341; x_wconf 77' lang='lat' dir='ltr'>irnssn.</span> <span class='ocrx_word' id='word_1_55' title='bbox 764 1270 878 1340; x_wconf 86' lang='lat' dir='ltr'>Habet</span> <span class='ocrx_word' id='word_1_56' title='bbox 898 1284 932 1339; x_wconf 89' lang='lat' dir='ltr'>et</span> <span class='ocrx_word' id='word_1_57' title='bbox 951 1270 1128 1359; x_wconf 87' lang='lat' dir='ltr'>praelatos</span> <span class='ocrx_word' id='word_1_58' title='bbox 1147 1269 1418 1359; x_wconf 88' lang='lat' dir='ltr'>praebendarius</span> <span class='ocrx_word' id='word_1_59' title='bbox 1435 1268 1685 1359; x_wconf 77' lang='lat' dir='ltr'>quoudianam</span> <span class='ocrx_word' id='word_1_60' title='bbox 1703 1292 1810 1341; x_wconf 87' lang='lat' dir='ltr'>meu-</span> 
     </span>
     <span class='ocr_line' id='line_1_8' title="bbox 234 1390 1811 1481; baseline -0.001 -18"><span class='ocrx_word' id='word_1_61' title='bbox 234 1416 304 1464; x_wconf 80' lang='lat' dir='ltr'>sam</span> <span class='ocrx_word' id='word_1_62' title='bbox 341 1406 375 1463; x_wconf 88' lang='lat' dir='ltr'>et</span> <span class='ocrx_word' id='word_1_63' title='bbox 414 1412 598 1481; x_wconf 73' lang='lat' dir='ltr'>expensam</span> <span class='ocrx_word' id='word_1_64' title='bbox 626 1413 689 1481; x_wconf 88' lang='lat' dir='ltr'>pro</span> <span class='ocrx_word' id='word_1_65' title='bbox 716 1414 753 1462; x_wconf 87' lang='lat' dir='ltr'>se</span> <span class='ocrx_word' id='word_1_66' title='bbox 780 1407 814 1462; x_wconf 93' lang='lat' dir='ltr'>et</span> <span class='ocrx_word' id='word_1_67' title='bbox 843 1414 905 1461; x_wconf 85' lang='lat' dir='ltr'>suo</span> <span class='ocrx_word' id='word_1_68' title='bbox 931 1393 1090 1461; x_wconf 69' lang='lat' dir='ltr'>ministre.»</span> <span class='ocrx_word' id='word_1_69' title='bbox 1117 1413 1160 1461; x_wconf 81' lang='lat' dir='ltr'>es</span> <span class='ocrx_word' id='word_1_70' title='bbox 1187 1390 1270 1461; x_wconf 85' lang='lat' dir='ltr'>fisco</span> <span class='ocrx_word' id='word_1_71' title='bbox 1297 1390 1642 1479; x_wconf 77' lang='lat' dir='ltr'>regio‚quams1bi</span> <span class='ocrx_word' id='word_1_72' title='bbox 1671 1412 1811 1481; x_wconf 78' lang='lat' dir='ltr'>pruru-</span> 
     </span>
     <span class='ocr_line' id='line_1_9' title="bbox 234 1510 1810 1603; baseline -0.001 -18"><span class='ocrx_word' id='word_1_73' title='bbox 234 1528 331 1585; x_wconf 84' lang='lat' dir='ltr'>rator</span> <span class='ocrx_word' id='word_1_74' title='bbox 356 1513 527 1602; x_wconf 67' lang='lat' dir='ltr'>generali-2</span> <span class='ocrx_word' id='word_1_75' title='bbox 556 1512 794 1583; x_wconf 66' lang='lat' dir='ltr'>staconensis</span> <span class='ocrx_word' id='word_1_76' title='bbox 823 1534 885 1602; x_wconf 92' lang='lat' dir='ltr'>pro</span> <span class='ocrx_word' id='word_1_77' title='bbox 903 1528 1057 1602; x_wconf 89' lang='lat' dir='ltr'>tempore</span> <span class='ocrx_word' id='word_1_78' title='bbox 1077 1526 1226 1583; x_wconf 87' lang='lat' dir='ltr'>tenetur.</span> <span class='ocrx_word' id='word_1_79' title='bbox 1244 1512 1368 1582; x_wconf 89' lang='lat' dir='ltr'>diebus</span> <span class='ocrx_word' id='word_1_80' title='bbox 1386 1511 1531 1601; x_wconf 77' lang='lat' dir='ltr'>singulis</span> <span class='ocrx_word' id='word_1_81' title='bbox 1547 1510 1675 1583; x_wconf 84' lang='lat' dir='ltr'>dando</span> <span class='ocrx_word' id='word_1_82' title='bbox 1692 1533 1810 1603; x_wconf 80' lang='lat' dir='ltr'>prau-</span> 
     </span>
     <span class='ocr_line' id='line_1_10' title="bbox 233 1631 1807 1723; baseline -0.001 -18"><span class='ocrx_word' id='word_1_83' title='bbox 233 1634 326 1705; x_wconf 90' lang='lat' dir='ltr'>dium</span> <span class='ocrx_word' id='word_1_84' title='bbox 353 1648 387 1703; x_wconf 89' lang='lat' dir='ltr'>et</span> <span class='ocrx_word' id='word_1_85' title='bbox 414 1655 555 1704; x_wconf 87' lang='lat' dir='ltr'>coenam</span> <span class='ocrx_word' id='word_1_86' title='bbox 582 1656 646 1723; x_wconf 92' lang='lat' dir='ltr'>pro</span> <span class='ocrx_word' id='word_1_87' title='bbox 672 1633 805 1703; x_wconf 75' lang='lat' dir='ltr'>«imbus</span> <span class='ocrx_word' id='word_1_88' title='bbox 832 1634 1010 1722; x_wconf 86' lang='lat' dir='ltr'>personis:</span> <span class='ocrx_word' id='word_1_89' title='bbox 1036 1636 1119 1703; x_wconf 83' lang='lat' dir='ltr'>itenr</span> <span class='ocrx_word' id='word_1_90' title='bbox 1147 1650 1297 1723; x_wconf 81' lang='lat' dir='ltr'>quatuor</span> <span class='ocrx_word' id='word_1_91' title='bbox 1322 1631 1483 1703; x_wconf 87' lang='lat' dir='ltr'>candelas</span> <span class='ocrx_word' id='word_1_92' title='bbox 1508 1631 1552 1702; x_wconf 87' lang='lat' dir='ltr'>de</span> <span class='ocrx_word' id='word_1_93' title='bbox 1579 1652 1685 1721; x_wconf 82' lang='lat' dir='ltr'>sepo,</span> <span class='ocrx_word' id='word_1_94' title='bbox 1714 1636 1807 1705; x_wconf 88' lang='lat' dir='ltr'>item</span> 
     </span>
     <span class='ocr_line' id='line_1_11' title="bbox 233 1754 1380 1853; baseline -0.003 -28"><span class='ocrx_word' id='word_1_95' title='bbox 233 1776 340 1845; x_wconf 86' lang='lat' dir='ltr'>panes</span> <span class='ocrx_word' id='word_1_96' title='bbox 366 1768 401 1825; x_wconf 93' lang='lat' dir='ltr'>et</span> <span class='ocrx_word' id='word_1_97' title='bbox 428 1756 615 1825; x_wconf 77' lang='lat' dir='ltr'>cerevisiae</span> <span class='ocrx_word' id='word_1_98' title='bbox 642 1754 843 1844; x_wconf 82' lang='lat' dir='ltr'>amphoram</span> <span class='ocrx_word' id='word_1_99' title='bbox 872 1776 935 1843; x_wconf 84' lang='lat' dir='ltr'>pro</span> <span class='ocrx_word' id='word_1_100' title='bbox 962 1755 1144 1825; x_wconf 86' lang='lat' dir='ltr'>collatione</span> <span class='ocrx_word' id='word_1_101' title='bbox 1171 1756 1380 1853; x_wconf 69' lang='lat' dir='ltr'>ministrare.</span> 
     </span>
    </p>

    <p class='ocr_par' dir='ltr' id='par_1_4' title="bbox 233 1874 1807 2326">
     <span class='ocr_line' id='line_1_12' title="bbox 335 1874 1807 1965; baseline -0.001 -19"><span class='ocrx_word' id='word_1_102' title='bbox 335 1874 516 1946; x_wconf 79' lang='lat' dir='ltr'>Oltieiatnr</span> <span class='ocrx_word' id='word_1_103' title='bbox 542 1890 657 1945; x_wconf 91' lang='lat' dir='ltr'>autem</span> <span class='ocrx_word' id='word_1_104' title='bbox 685 1876 827 1946; x_wconf 88' lang='lat' dir='ltr'>ecclesia</span> <span class='ocrx_word' id='word_1_105' title='bbox 855 1890 889 1945; x_wconf 95' lang='lat' dir='ltr'>et</span> <span class='ocrx_word' id='word_1_106' title='bbox 918 1876 1114 1965; x_wconf 84' lang='lat' dir='ltr'>praebenda</span> <span class='ocrx_word' id='word_1_107' title='bbox 1133 1876 1289 1965; x_wconf 87' lang='lat' dir='ltr'>praelata</span> <span class='ocrx_word' id='word_1_108' title='bbox 1308 1875 1421 1946; x_wconf 89' lang='lat' dir='ltr'>tribus</span> <span class='ocrx_word' id='word_1_109' title='bbox 1438 1874 1562 1961; x_wconf 87' lang='lat' dir='ltr'>missis,</span> <span class='ocrx_word' id='word_1_110' title='bbox 1579 1894 1675 1962; x_wconf 81' lang='lat' dir='ltr'>quas</span> <span class='ocrx_word' id='word_1_111' title='bbox 1695 1896 1807 1965; x_wconf 83' lang='lat' dir='ltr'>prae·</span> 
     </span>
     <span class='ocr_line' id='line_1_13' title="bbox 233 1995 1805 2086; baseline 0.001 -21"><span class='ocrx_word' id='word_1_112' title='bbox 233 1996 418 2067; x_wconf 74' lang='lat' dir='ltr'>bendarins</span> <span class='ocrx_word' id='word_1_113' title='bbox 456 1997 673 2086; x_wconf 87' lang='lat' dir='ltr'>praebendae</span> <span class='ocrx_word' id='word_1_114' title='bbox 711 1997 888 2086; x_wconf 76' lang='lat' dir='ltr'>praelatae</span> <span class='ocrx_word' id='word_1_115' title='bbox 915 1997 1140 2067; x_wconf 72' lang='lat' dir='ltr'>hebdomadis</span> <span class='ocrx_word' id='word_1_116' title='bbox 1168 1996 1311 2085; x_wconf 75' lang='lat' dir='ltr'>singulis</span> <span class='ocrx_word' id='word_1_117' title='bbox 1337 2017 1401 2086; x_wconf 89' lang='lat' dir='ltr'>per</span> <span class='ocrx_word' id='word_1_118' title='bbox 1427 2016 1484 2067; x_wconf 85' lang='lat' dir='ltr'>se.</span> <span class='ocrx_word' id='word_1_119' title='bbox 1510 1995 1563 2063; x_wconf 79' lang='lat' dir='ltr'>rel</span> <span class='ocrx_word' id='word_1_120' title='bbox 1591 2014 1661 2083; x_wconf 90' lang='lat' dir='ltr'>per</span> <span class='ocrx_word' id='word_1_121' title='bbox 1689 1996 1805 2067; x_wconf 87' lang='lat' dir='ltr'>alium</span> 
     </span>
     <span class='ocr_line' id='line_1_14' title="bbox 233 2115 1804 2207; baseline 0.001 -20"><span class='ocrx_word' id='word_1_122' title='bbox 233 2128 372 2187; x_wconf 84' lang='lat' dir='ltr'>tenetur</span> <span class='ocrx_word' id='word_1_123' title='bbox 399 2116 552 2206; x_wconf 76' lang='lat' dir='ltr'>implere,</span> <span class='ocrx_word' id='word_1_124' title='bbox 580 2117 738 2187; x_wconf 73' lang='lat' dir='ltr'>videlieet</span> <span class='ocrx_word' id='word_1_125' title='bbox 767 2139 834 2187; x_wconf 90' lang='lat' dir='ltr'>nna</span> <span class='ocrx_word' id='word_1_126' title='bbox 861 2140 924 2207; x_wconf 89' lang='lat' dir='ltr'>pro</span> <span class='ocrx_word' id='word_1_127' title='bbox 951 2120 1112 2207; x_wconf 86' lang='lat' dir='ltr'>peccatis.</span> <span class='ocrx_word' id='word_1_128' title='bbox 1140 2116 1288 2187; x_wconf 49' lang='lat' dir='ltr'>&amp;cunda</span> <span class='ocrx_word' id='word_1_129' title='bbox 1315 2137 1379 2205; x_wconf 91' lang='lat' dir='ltr'>pro</span> <span class='ocrx_word' id='word_1_130' title='bbox 1405 2115 1585 2201; x_wconf 81' lang='lat' dir='ltr'>defunctis,</span> <span class='ocrx_word' id='word_1_131' title='bbox 1611 2117 1729 2187; x_wconf 83' lang='lat' dir='ltr'>tertia</span> <span class='ocrx_word' id='word_1_132' title='bbox 1756 2116 1804 2189; x_wconf 86' lang='lat' dir='ltr'>de</span> 
     </span>
     <span class='ocr_line' id='line_1_15' title="bbox 234 2236 667 2326; baseline -0.005 -19"><span class='ocrx_word' id='word_1_133' title='bbox 234 2236 345 2307; x_wconf 79' lang='lat' dir='ltr'>licata</span> <span class='ocrx_word' id='word_1_134' title='bbox 372 2236 486 2306; x_wconf 82' lang='lat' dir='ltr'>llaria</span> <span class='ocrx_word' id='word_1_135' title='bbox 514 2236 667 2326; x_wconf 74' lang='lat' dir='ltr'>l’irpine.</span> 
     </span>
    </p>
   </div>
   <div class='ocr_carea' id='block_1_3' title="bbox 235 2602 1803 3116">
    <p class='ocr_par' dir='ltr' id='par_1_5' title="bbox 235 2602 1803 3116">
     <span class='ocr_line' id='line_1_16' title="bbox 239 2602 1803 2706; baseline 0.003 -23"><span class='ocrx_word' id='word_1_136' title='bbox 239 2602 500 2705; x_wconf 68' lang='lat' dir='ltr'>Meneclem</span> <span class='ocrx_word' id='word_1_137' title='bbox 543 2609 684 2683; x_wconf 91' lang='lat' dir='ltr'>autern</span> <span class='ocrx_word' id='word_1_138' title='bbox 722 2602 1013 2706; x_wconf 68' lang='lat' dir='ltr'>dignitatibus,</span> <span class='ocrx_word' id='word_1_139' title='bbox 1046 2603 1303 2704; x_wconf 75' lang='lat' dir='ltr'>praebendis</span> <span class='ocrx_word' id='word_1_140' title='bbox 1334 2608 1379 2684; x_wconf 89' lang='lat' dir='ltr'>et</span> <span class='ocrx_word' id='word_1_141' title='bbox 1409 2603 1600 2699; x_wconf 81' lang='lat' dir='ltr'>vicariis,</span> <span class='ocrx_word' id='word_1_142' title='bbox 1632 2603 1718 2683; x_wconf 80' lang='lat' dir='ltr'>sed</span> <span class='ocrx_word' id='word_1_143' title='bbox 1752 2612 1803 2687; x_wconf 82' lang='lat' dir='ltr'>st</span> 
     </span>
     <span class='ocr_line' id='line_1_17' title="bbox 235 2740 1800 2845; baseline 0.001 -23"><span class='ocrx_word' id='word_1_144' title='bbox 235 2743 395 2822; x_wconf 80' lang='lat' dir='ltr'>altariis</span> <span class='ocrx_word' id='word_1_145' title='bbox 428 2743 467 2819; x_wconf 95' lang='lat' dir='ltr'>in</span> <span class='ocrx_word' id='word_1_146' title='bbox 500 2742 705 2822; x_wconf 85' lang='lat' dir='ltr'>bonorem</span> <span class='ocrx_word' id='word_1_147' title='bbox 739 2748 782 2821; x_wconf 95' lang='lat' dir='ltr'>et</span> <span class='ocrx_word' id='word_1_148' title='bbox 812 2740 977 2819; x_wconf 85' lang='lat' dir='ltr'>titulum</span> <span class='ocrx_word' id='word_1_149' title='bbox 1019 2743 1321 2845; x_wconf 88' lang='lat' dir='ltr'>omnipotentis</span> <span class='ocrx_word' id='word_1_150' title='bbox 1355 2740 1432 2821; x_wconf 86' lang='lat' dir='ltr'>Dei</span> <span class='ocrx_word' id='word_1_151' title='bbox 1464 2747 1510 2820; x_wconf 87' lang='lat' dir='ltr'>et</span> <span class='ocrx_word' id='word_1_152' title='bbox 1540 2746 1800 2823; x_wconf 70' lang='lat' dir='ltr'>unctorum</span> 
     </span>
     <span class='ocr_line' id='line_1_18' title="bbox 236 2880 1798 2983; baseline 0.001 -23"><span class='ocrx_word' id='word_1_153' title='bbox 236 2884 342 2980; x_wconf 88' lang='lat' dir='ltr'>eius,</span> <span class='ocrx_word' id='word_1_154' title='bbox 375 2902 455 2983; x_wconf 87' lang='lat' dir='ltr'>per</span> <span class='ocrx_word' id='word_1_155' title='bbox 485 2901 625 2982; x_wconf 83' lang='lat' dir='ltr'>repes,</span> <span class='ocrx_word' id='word_1_156' title='bbox 658 2880 885 2982; x_wconf 90' lang='lat' dir='ltr'>principes,</span> <span class='ocrx_word' id='word_1_157' title='bbox 909 2880 1144 2982; x_wconf 75' lang='lat' dir='ltr'>pontifices,</span> <span class='ocrx_word' id='word_1_158' title='bbox 1168 2900 1388 2983; x_wconf 87' lang='lat' dir='ltr'>proceres,</span> <span class='ocrx_word' id='word_1_159' title='bbox 1417 2880 1620 2979; x_wconf 83' lang='lat' dir='ltr'>virosque</span> <span class='ocrx_word' id='word_1_160' title='bbox 1642 2881 1798 2963; x_wconf 84' lang='lat' dir='ltr'>eccle·</span> 
     </span>
     <span class='ocr_line' id='line_1_19' title="bbox 237 3016 1800 3116; baseline 0.001 -19"><span class='ocrx_word' id='word_1_161' title='bbox 237 3020 437 3097; x_wconf 86' lang='lat' dir='ltr'>siasticos</span> <span class='ocrx_word' id='word_1_162' title='bbox 469 3024 513 3096; x_wconf 92' lang='lat' dir='ltr'>et</span> <span class='ocrx_word' id='word_1_163' title='bbox 545 3017 792 3096; x_wconf 73' lang='lat' dir='ltr'>saeculares</span> <span class='ocrx_word' id='word_1_164' title='bbox 824 3016 961 3096; x_wconf 88' lang='lat' dir='ltr'>zetum</span> <span class='ocrx_word' id='word_1_165' title='bbox 997 3016 1074 3096; x_wconf 86' lang='lat' dir='ltr'>Dei</span> <span class='ocrx_word' id='word_1_166' title='bbox 1098 3018 1318 3116; x_wconf 88' lang='lat' dir='ltr'>babentes,</span> <span class='ocrx_word' id='word_1_167' title='bbox 1341 3016 1610 3095; x_wconf 68' lang='lat' dir='ltr'>fundatorum</span> <span class='ocrx_word' id='word_1_168' title='bbox 1631 3020 1678 3095; x_wconf 87' lang='lat' dir='ltr'>et</span> <span class='ocrx_word' id='word_1_169' title='bbox 1695 3017 1800 3099; x_wconf 81' lang='lat' dir='ltr'>‘do-</span> 
     </span>
    </p>
   </div>
   <div class='ocr_carea' id='block_1_4' title="bbox 236 3151 1802 3673">
    <p class='ocr_par' dir='ltr' id='par_1_6' title="bbox 236 3151 1801 3258">
     <span class='ocr_line' id='line_1_20' title="bbox 236 3151 1801 3258; baseline 0.003 -23"><span class='ocrx_word' id='word_1_170' title='bbox 236 3163 419 3235; x_wconf 83' lang='lat' dir='ltr'>tatarum</span> <span class='ocrx_word' id='word_1_171' title='bbox 464 3151 767 3235; x_wconf 77' lang='lat' dir='ltr'>cracoviensis</span> <span class='ocrx_word' id='word_1_172' title='bbox 807 3154 991 3234; x_wconf 86' lang='lat' dir='ltr'>ecclesia</span> <span class='ocrx_word' id='word_1_173' title='bbox 1036 3156 1226 3258; x_wconf 81' lang='lat' dir='ltr'>insipnita</span> <span class='ocrx_word' id='word_1_174' title='bbox 1266 3162 1310 3234; x_wconf 90' lang='lat' dir='ltr'>et</span> <span class='ocrx_word' id='word_1_175' title='bbox 1352 3154 1566 3235; x_wconf 86' lang='lat' dir='ltr'>nobilitata</span> <span class='ocrx_word' id='word_1_176' title='bbox 1604 3160 1698 3253; x_wconf 69' lang='lat' dir='ltr'>em</span> <span class='ocrx_word' id='word_1_177' title='bbox 1739 3157 1801 3240; x_wconf 84' lang='lat' dir='ltr'>de</span> 
     </span>
    </p>

    <p class='ocr_par' dir='ltr' id='par_1_7' title="bbox 239 3290 1802 3396">
     <span class='ocr_line' id='line_1_21' title="bbox 239 3290 1802 3396; baseline 0.002 -24"><span class='ocrx_word' id='word_1_178' title='bbox 239 3293 391 3395; x_wconf 84' lang='lat' dir='ltr'>quibus</span> <span class='ocrx_word' id='word_1_179' title='bbox 424 3297 469 3372; x_wconf 91' lang='lat' dir='ltr'>et</span> <span class='ocrx_word' id='word_1_180' title='bbox 503 3313 651 3371; x_wconf 88' lang='lat' dir='ltr'>eorum</span> <span class='ocrx_word' id='word_1_181' title='bbox 685 3293 976 3396; x_wconf 83' lang='lat' dir='ltr'>proventibus,</span> <span class='ocrx_word' id='word_1_182' title='bbox 1008 3294 1225 3391; x_wconf 86' lang='lat' dir='ltr'>oneribus,</span> <span class='ocrx_word' id='word_1_183' title='bbox 1257 3293 1388 3371; x_wconf 88' lang='lat' dir='ltr'>titulis</span> <span class='ocrx_word' id='word_1_184' title='bbox 1421 3299 1548 3394; x_wconf 82' lang='lat' dir='ltr'>atque</span> <span class='ocrx_word' id='word_1_185' title='bbox 1579 3290 1802 3375; x_wconf 83' lang='lat' dir='ltr'>conditio·</span> 
     </span>
    </p>

    <p class='ocr_par' dir='ltr' id='par_1_8' title="bbox 279 3428 1770 3673">
     <span class='ocr_line' id='line_1_22' title="bbox 279 3428 1770 3535; baseline 0.001 -26"><span class='ocrx_word' id='word_1_186' title='bbox 279 3431 420 3530; x_wconf 89' lang='lat' dir='ltr'>nibus,</span> <span class='ocrx_word' id='word_1_187' title='bbox 454 3452 532 3535; x_wconf 89' lang='lat' dir='ltr'>pro</span> <span class='ocrx_word' id='word_1_188' title='bbox 563 3428 833 3510; x_wconf 68' lang='lat' dir='ltr'>fundatorum</span> <span class='ocrx_word' id='word_1_189' title='bbox 866 3432 1068 3510; x_wconf 86' lang='lat' dir='ltr'>memoria</span> <span class='ocrx_word' id='word_1_190' title='bbox 1101 3437 1145 3509; x_wconf 90' lang='lat' dir='ltr'>et</span> <span class='ocrx_word' id='word_1_191' title='bbox 1178 3432 1452 3511; x_wconf 72' lang='lat' dir='ltr'>subsistentia</span> <span class='ocrx_word' id='word_1_192' title='bbox 1485 3430 1770 3533; x_wconf 74' lang='lat' dir='ltr'>delationum,</span> 
     </span>
     <span class='ocr_line' id='line_1_23' title="bbox 595 3567 1446 3673; baseline 0 -27"><span class='ocrx_word' id='word_1_193' title='bbox 595 3570 847 3673; x_wconf 87' lang='lat' dir='ltr'>scripturam</span> <span class='ocrx_word' id='word_1_194' title='bbox 870 3567 1134 3649; x_wconf 81' lang='lat' dir='ltr'>centesimus</span> <span class='ocrx_word' id='word_1_195' title='bbox 1163 3574 1446 3672; x_wconf 86' lang='lat' dir='ltr'>praesentem.</span> 
     </span>
    </p>
   </div>
   <div class='ocr_carea' id='block_1_5' title="bbox 540 3828 1496 3911">
    <p class='ocr_par' dir='ltr' id='par_1_9' title="bbox 540 3828 1496 3911">
     <span class='ocr_line' id='line_1_24' title="bbox 540 3828 1496 3911; baseline 0 -3"><span class='ocrx_word' id='word_1_196' title='bbox 540 3829 686 3909; x_wconf 78' lang='lat' dir='ltr'>Altare</span> <span class='ocrx_word' id='word_1_197' title='bbox 716 3828 967 3908; x_wconf 80' lang='lat' dir='ltr'>Sanctorum</span> <span class='ocrx_word' id='word_1_198' title='bbox 1001 3828 1195 3909; x_wconf 72' lang='lat' dir='ltr'>servasti</span> <span class='ocrx_word' id='word_1_199' title='bbox 1229 3835 1273 3909; x_wconf 94' lang='lat' dir='ltr'>et</span> <span class='ocrx_word' id='word_1_200' title='bbox 1306 3829 1496 3911; x_wconf 79' lang='lat' dir='ltr'>Protesii.</span> 
     </span>
    </p>
   </div>
   <div class='ocr_carea' id='block_1_6' title="bbox 240 4062 1867 5485">
    <p class='ocr_par' dir='ltr' id='par_1_10' title="bbox 240 4062 1867 5485">
     <span class='ocr_line' id='line_1_25' title="bbox 343 4062 1867 4157; baseline 0.007 -24"><span class='ocrx_word' id='word_1_201' title='bbox 343 4062 548 4134; x_wconf 81' lang='lat' dir='ltr'>I’rirnarinm</span> <span class='ocrx_word' id='word_1_202' title='bbox 575 4074 608 4134; x_wconf 88' lang='lat' dir='ltr'>et</span> <span class='ocrx_word' id='word_1_203' title='bbox 637 4067 728 4134; x_wconf 90' lang='lat' dir='ltr'>inter</span> <span class='ocrx_word' id='word_1_204' title='bbox 755 4068 868 4135; x_wconf 82' lang='lat' dir='ltr'>onmia</span> <span class='ocrx_word' id='word_1_205' title='bbox 894 4066 1133 4137; x_wconf 72' lang='lat' dir='ltr'>cracoviensis</span> <span class='ocrx_word' id='word_1_206' title='bbox 1159 4067 1323 4137; x_wconf 86' lang='lat' dir='ltr'>ecclesiae</span> <span class='ocrx_word' id='word_1_207' title='bbox 1350 4068 1474 4137; x_wconf 83' lang='lat' dir='ltr'>altaria</span> <span class='ocrx_word' id='word_1_208' title='bbox 1500 4067 1727 4157; x_wconf 88' lang='lat' dir='ltr'>praecipuum</span> <span class='ocrx_word' id='word_1_209' title='bbox 1747 4071 1804 4143; x_wconf 82' lang='lat' dir='ltr'>u·</span> <span class='ocrx_word' id='word_1_210' title='bbox 1863 4116 1867 4121; x_wconf 94' lang='lat'>-</span> 
     </span>
     <span class='ocr_line' id='line_1_26' title="bbox 240 4183 1801 4273; baseline 0.006 -20"><span class='ocrx_word' id='word_1_211' title='bbox 240 4190 316 4254; x_wconf 88' lang='lat' dir='ltr'>tare</span> <span class='ocrx_word' id='word_1_212' title='bbox 343 4184 548 4254; x_wconf 82' lang='lat' dir='ltr'>Sanctorum</span> <span class='ocrx_word' id='word_1_213' title='bbox 575 4183 735 4255; x_wconf 72' lang='lat' dir='ltr'>tierr&#39;asii</span> <span class='ocrx_word' id='word_1_214' title='bbox 762 4198 796 4255; x_wconf 91' lang='lat' dir='ltr'>et</span> <span class='ocrx_word' id='word_1_215' title='bbox 825 4186 975 4257; x_wconf 84' lang='lat' dir='ltr'>l&#39;rotasii</span> <span class='ocrx_word' id='word_1_216' title='bbox 1002 4209 1135 4273; x_wconf 82' lang='lat' dir='ltr'>censeo,</span> <span class='ocrx_word' id='word_1_217' title='bbox 1163 4198 1196 4256; x_wconf 90' lang='lat' dir='ltr'>et</span> <span class='ocrx_word' id='word_1_218' title='bbox 1226 4197 1399 4258; x_wconf 75' lang='lat' dir='ltr'>vetustate</span> <span class='ocrx_word' id='word_1_219' title='bbox 1427 4188 1647 4273; x_wconf 78' lang='lat' dir='ltr'>fundationis,</span> <span class='ocrx_word' id='word_1_220' title='bbox 1674 4193 1712 4257; x_wconf 91' lang='lat' dir='ltr'>et</span> <span class='ocrx_word' id='word_1_221' title='bbox 1731 4210 1801 4263; x_wconf 86' lang='lat' dir='ltr'>ua-</span> 
     </span>
     <span class='ocr_line' id='line_1_27' title="bbox 240 4305 1802 4398; baseline 0.005 -23"><span class='ocrx_word' id='word_1_222' title='bbox 240 4306 375 4376; x_wconf 86' lang='lat' dir='ltr'>bilitate</span> <span class='ocrx_word' id='word_1_223' title='bbox 405 4326 540 4392; x_wconf 80' lang='lat' dir='ltr'>causae,</span> <span class='ocrx_word' id='word_1_224' title='bbox 567 4315 601 4375; x_wconf 90' lang='lat' dir='ltr'>et</span> <span class='ocrx_word' id='word_1_225' title='bbox 630 4305 817 4376; x_wconf 85' lang='lat' dir='ltr'>dotationis</span> <span class='ocrx_word' id='word_1_226' title='bbox 844 4309 1013 4395; x_wconf 81' lang='lat' dir='ltr'>ubertate,</span> <span class='ocrx_word' id='word_1_227' title='bbox 1040 4318 1074 4378; x_wconf 92' lang='lat' dir='ltr'>et</span> <span class='ocrx_word' id='word_1_228' title='bbox 1102 4308 1180 4378; x_wconf 88' lang='lat' dir='ltr'>ideo</span> <span class='ocrx_word' id='word_1_229' title='bbox 1209 4309 1242 4378; x_wconf 91' lang='lat' dir='ltr'>id</span> <span class='ocrx_word' id='word_1_230' title='bbox 1271 4309 1305 4378; x_wconf 92' lang='lat' dir='ltr'>in</span> <span class='ocrx_word' id='word_1_231' title='bbox 1327 4310 1442 4398; x_wconf 90' lang='lat' dir='ltr'>capite</span> <span class='ocrx_word' id='word_1_232' title='bbox 1460 4309 1610 4379; x_wconf 90' lang='lat' dir='ltr'>omnium</span> <span class='ocrx_word' id='word_1_233' title='bbox 1628 4307 1802 4383; x_wconf 86' lang='lat' dir='ltr'>altarium</span> 
     </span>
     <span class='ocr_line' id='line_1_28' title="bbox 240 4427 1803 4518; baseline 0.005 -21"><span class='ocrx_word' id='word_1_234' title='bbox 240 4428 347 4517; x_wconf 86' lang='lat' dir='ltr'>posui.</span> <span class='ocrx_word' id='word_1_235' title='bbox 376 4427 477 4495; x_wconf 68' lang='lat' dir='ltr'>Antio</span> <span class='ocrx_word' id='word_1_236' title='bbox 504 4427 593 4495; x_wconf 87' lang='lat' dir='ltr'>enirn</span> <span class='ocrx_word' id='word_1_237' title='bbox 622 4427 815 4496; x_wconf 77' lang='lat' dir='ltr'>nativitatis</span> <span class='ocrx_word' id='word_1_238' title='bbox 842 4428 1071 4517; x_wconf 82' lang='lat' dir='ltr'>redemptoris</span> <span class='ocrx_word' id='word_1_239' title='bbox 1099 4430 1209 4498; x_wconf 83' lang='lat' dir='ltr'>nostri</span> <span class='ocrx_word' id='word_1_240' title='bbox 1241 4430 1347 4499; x_wconf 77' lang='lat'>1205.</span> <span class='ocrx_word' id='word_1_241' title='bbox 1366 4450 1429 4518; x_wconf 83' lang='lat' dir='ltr'>per</span> <span class='ocrx_word' id='word_1_242' title='bbox 1446 4429 1620 4518; x_wconf 85' lang='lat' dir='ltr'>principes</span> <span class='ocrx_word' id='word_1_243' title='bbox 1637 4427 1803 4505; x_wconf 78' lang='lat' dir='ltr'>illustres</span> 
     </span>
     <span class='ocr_line' id='line_1_29' title="bbox 241 4546 1803 4637; baseline 0.002 -18"><span class='ocrx_word' id='word_1_244' title='bbox 241 4548 438 4619; x_wconf 83' lang='lat' dir='ltr'>Boleslannr</span> <span class='ocrx_word' id='word_1_245' title='bbox 465 4546 693 4633; x_wconf 84' lang='lat' dir='ltr'>l&#39;udicunr,</span> <span class='ocrx_word' id='word_1_246' title='bbox 720 4548 982 4619; x_wconf 73' lang='lat' dir='ltr'>Craccn&#39;iensein</span> <span class='ocrx_word' id='word_1_247' title='bbox 1010 4560 1046 4619; x_wconf 93' lang='lat' dir='ltr'>et</span> <span class='ocrx_word' id='word_1_248' title='bbox 1072 4549 1395 4637; x_wconf 80' lang='lat' dir='ltr'>Sandonibiensern,</span> <span class='ocrx_word' id='word_1_249' title='bbox 1422 4558 1456 4619; x_wconf 88' lang='lat' dir='ltr'>et</span> <span class='ocrx_word' id='word_1_250' title='bbox 1484 4548 1679 4620; x_wconf 86' lang='lat' dir='ltr'>Conradum</span> <span class='ocrx_word' id='word_1_251' title='bbox 1706 4548 1750 4620; x_wconf 87' lang='lat' dir='ltr'><strong>M</strong></span> <span class='ocrx_word' id='word_1_252' title='bbox 1760 4573 1803 4622; x_wconf 88' lang='lat' dir='ltr'>a·</span> 
     </span>
     <span class='ocr_line' id='line_1_30' title="bbox 240 4668 1804 4759; baseline 0.003 -20"><span class='ocrx_word' id='word_1_253' title='bbox 240 4670 403 4739; x_wconf 79' lang='lat' dir='ltr'>coriae</span> <span class='ocrx_word' id='word_1_254' title='bbox 430 4668 544 4755; x_wconf 87' lang='lat' dir='ltr'>duces,</span> <span class='ocrx_word' id='word_1_255' title='bbox 572 4668 660 4738; x_wconf 85' lang='lat' dir='ltr'>tilios</span> <span class='ocrx_word' id='word_1_256' title='bbox 688 4668 941 4739; x_wconf 85' lang='lat' dir='ltr'>Lescbonis</span> <span class='ocrx_word' id='word_1_257' title='bbox 969 4670 1089 4758; x_wconf 75' lang='lat' dir='ltr'>Albi,</span> <span class='ocrx_word' id='word_1_258' title='bbox 1117 4672 1215 4759; x_wconf 80' lang='lat' dir='ltr'>regni</span> <span class='ocrx_word' id='word_1_259' title='bbox 1233 4669 1396 4740; x_wconf 87' lang='lat' dir='ltr'>Poloninc</span> <span class='ocrx_word' id='word_1_260' title='bbox 1413 4670 1631 4757; x_wconf 80' lang='lat' dir='ltr'>inonarchac,</span> <span class='ocrx_word' id='word_1_261' title='bbox 1648 4678 1804 4759; x_wconf 85' lang='lat' dir='ltr'>propter</span> 
     </span>
     <span class='ocr_line' id='line_1_31' title="bbox 240 4788 1802 4880; baseline 0.001 -19"><span class='ocrx_word' id='word_1_262' title='bbox 240 4790 404 4861; x_wconf 83' lang='lat' dir='ltr'>laniosaru</span> <span class='ocrx_word' id='word_1_263' title='bbox 440 4796 477 4859; x_wconf 90' lang='lat' dir='ltr'>et</span> <span class='ocrx_word' id='word_1_264' title='bbox 512 4789 681 4879; x_wconf 84' lang='lat' dir='ltr'>insignem</span> <span class='ocrx_word' id='word_1_265' title='bbox 708 4790 886 4861; x_wconf 76' lang='lat' dir='ltr'>victoriani</span> <span class='ocrx_word' id='word_1_266' title='bbox 914 4791 956 4860; x_wconf 90' lang='lat' dir='ltr'>de</span> <span class='ocrx_word' id='word_1_267' title='bbox 984 4791 1190 4877; x_wconf 86' lang='lat' dir='ltr'>Romano,</span> <span class='ocrx_word' id='word_1_268' title='bbox 1217 4792 1351 4880; x_wconf 88' lang='lat' dir='ltr'>potenti</span> <span class='ocrx_word' id='word_1_269' title='bbox 1379 4790 1618 4861; x_wconf 88' lang='lat' dir='ltr'>Rutbenorum</span> <span class='ocrx_word' id='word_1_270' title='bbox 1644 4795 1681 4860; x_wconf 88' lang='lat' dir='ltr'>et</span> <span class='ocrx_word' id='word_1_271' title='bbox 1707 4788 1802 4863; x_wconf 76' lang='lat' dir='ltr'>vta-</span> 
     </span>
     <span class='ocr_line' id='line_1_32' title="bbox 240 4908 1802 5001; baseline 0.002 -20"><span class='ocrx_word' id='word_1_272' title='bbox 240 4910 430 4981; x_wconf 86' lang='lat' dir='ltr'>dimiricnsi</span> <span class='ocrx_word' id='word_1_273' title='bbox 457 4911 553 4999; x_wconf 89' lang='lat' dir='ltr'>duce,</span> <span class='ocrx_word' id='word_1_274' title='bbox 581 4932 622 4980; x_wconf 88' lang='lat' dir='ltr'>ac</span> <span class='ocrx_word' id='word_1_275' title='bbox 648 4931 710 4980; x_wconf 91' lang='lat' dir='ltr'>sno</span> <span class='ocrx_word' id='word_1_276' title='bbox 737 4912 901 5000; x_wconf 86' lang='lat' dir='ltr'>exercitu,</span> <span class='ocrx_word' id='word_1_277' title='bbox 929 4932 992 5000; x_wconf 88' lang='lat' dir='ltr'>per</span> <span class='ocrx_word' id='word_1_278' title='bbox 1018 4910 1193 5001; x_wconf 87' lang='lat' dir='ltr'>praefatos</span> <span class='ocrx_word' id='word_1_279' title='bbox 1212 4912 1317 4981; x_wconf 89' lang='lat' dir='ltr'>duces</span> <span class='ocrx_word' id='word_1_280' title='bbox 1345 4910 1613 4982; x_wconf 85' lang='lat' dir='ltr'>Boleslanm</span> <span class='ocrx_word' id='word_1_281' title='bbox 1639 4917 1675 4980; x_wconf 85' lang='lat' dir='ltr'>et</span> <span class='ocrx_word' id='word_1_282' title='bbox 1693 4908 1802 4984; x_wconf 84' lang='lat' dir='ltr'>Gon-</span> 
     </span>
     <span class='ocr_line' id='line_1_33' title="bbox 241 5030 1802 5123; baseline 0.003 -22"><span class='ocrx_word' id='word_1_283' title='bbox 241 5030 381 5101; x_wconf 89' lang='lat' dir='ltr'>radum</span> <span class='ocrx_word' id='word_1_284' title='bbox 409 5033 501 5101; x_wconf 85' lang='lat' dir='ltr'>circa</span> <span class='ocrx_word' id='word_1_285' title='bbox 526 5030 756 5101; x_wconf 84' lang='lat' dir='ltr'>Zawichost</span> <span class='ocrx_word' id='word_1_286' title='bbox 783 5032 818 5100; x_wconf 92' lang='lat' dir='ltr'>in</span> <span class='ocrx_word' id='word_1_287' title='bbox 846 5032 901 5102; x_wconf 87' lang='lat' dir='ltr'>dic</span> <span class='ocrx_word' id='word_1_288' title='bbox 928 5031 1132 5102; x_wconf 84' lang='lat' dir='ltr'>Sanctorum</span> <span class='ocrx_word' id='word_1_289' title='bbox 1159 5030 1317 5102; x_wconf 85' lang='lat' dir='ltr'>Gerrasii</span> <span class='ocrx_word' id='word_1_290' title='bbox 1344 5040 1379 5101; x_wconf 91' lang='lat' dir='ltr'>et</span> <span class='ocrx_word' id='word_1_291' title='bbox 1403 5030 1578 5102; x_wconf 87' lang='lat' dir='ltr'>Protbasii</span> <span class='ocrx_word' id='word_1_292' title='bbox 1606 5031 1802 5123; x_wconf 82' lang='lat' dir='ltr'>obtentam,</span> 
     </span>
     <span class='ocr_line' id='line_1_34' title="bbox 241 5150 1801 5240; baseline 0.002 -19"><span class='ocrx_word' id='word_1_293' title='bbox 241 5150 418 5221; x_wconf 84' lang='lat' dir='ltr'>fundatum</span> <span class='ocrx_word' id='word_1_294' title='bbox 445 5160 510 5239; x_wconf 89' lang='lat' dir='ltr'>est,</span> <span class='ocrx_word' id='word_1_295' title='bbox 537 5158 573 5221; x_wconf 88' lang='lat' dir='ltr'>et</span> <span class='ocrx_word' id='word_1_296' title='bbox 601 5151 746 5221; x_wconf 90' lang='lat' dir='ltr'>notabili</span> <span class='ocrx_word' id='word_1_297' title='bbox 773 5151 854 5221; x_wconf 89' lang='lat' dir='ltr'>dote</span> <span class='ocrx_word' id='word_1_298' title='bbox 882 5152 916 5220; x_wconf 92' lang='lat' dir='ltr'>in</span> <span class='ocrx_word' id='word_1_299' title='bbox 945 5151 1097 5239; x_wconf 70' lang='lat' dir='ltr'>decimis</span> <span class='ocrx_word' id='word_1_300' title='bbox 1124 5151 1292 5239; x_wconf 71' lang='lat' dir='ltr'>domibus</span> <span class='ocrx_word' id='word_1_301' title='bbox 1319 5151 1472 5240; x_wconf 85' lang='lat' dir='ltr'>lacubus,</span> <span class='ocrx_word' id='word_1_302' title='bbox 1499 5151 1652 5240; x_wconf 72' lang='lat' dir='ltr'>piscinis</span> <span class='ocrx_word' id='word_1_303' title='bbox 1678 5160 1801 5224; x_wconf 80' lang='lat' dir='ltr'>caete-</span> 
     </span>
     <span class='ocr_line' id='line_1_35' title="bbox 241 5270 1800 5361; baseline 0.003 -22"><span class='ocrx_word' id='word_1_304' title='bbox 241 5271 357 5359; x_wconf 82' lang='lat' dir='ltr'>risque</span> <span class='ocrx_word' id='word_1_305' title='bbox 393 5272 592 5342; x_wconf 87' lang='lat' dir='ltr'>introitibus</span> <span class='ocrx_word' id='word_1_306' title='bbox 628 5271 851 5360; x_wconf 81' lang='lat' dir='ltr'>insignitum,</span> <span class='ocrx_word' id='word_1_307' title='bbox 884 5271 944 5342; x_wconf 89' lang='lat' dir='ltr'>sed</span> <span class='ocrx_word' id='word_1_308' title='bbox 980 5272 1036 5341; x_wconf 89' lang='lat' dir='ltr'>bis</span> <span class='ocrx_word' id='word_1_309' title='bbox 1070 5270 1142 5341; x_wconf 84' lang='lat' dir='ltr'>sere</span> <span class='ocrx_word' id='word_1_310' title='bbox 1169 5273 1328 5343; x_wconf 89' lang='lat' dir='ltr'>omnibns</span> <span class='ocrx_word' id='word_1_311' title='bbox 1354 5294 1395 5343; x_wconf 89' lang='lat' dir='ltr'>eo</span> <span class='ocrx_word' id='word_1_312' title='bbox 1423 5278 1549 5342; x_wconf 78' lang='lat' dir='ltr'>eventu</span> <span class='ocrx_word' id='word_1_313' title='bbox 1575 5271 1800 5361; x_wconf 83' lang='lat' dir='ltr'>mutilatum3</span> 
     </span>
     <span class='ocr_line' id='line_1_36' title="bbox 242 5390 1800 5485; baseline 0.003 -25"><span class='ocrx_word' id='word_1_314' title='bbox 242 5390 407 5461; x_wconf 85' lang='lat' dir='ltr'>tenebant</span> <span class='ocrx_word' id='word_1_315' title='bbox 433 5390 524 5461; x_wconf 88' lang='lat' dir='ltr'>enim</span> <span class='ocrx_word' id='word_1_316' title='bbox 551 5391 661 5463; x_wconf 81' lang='lat' dir='ltr'>altare</span> <span class='ocrx_word' id='word_1_317' title='bbox 689 5392 884 5465; x_wconf 86' lang='lat' dir='ltr'>huiusmodi</span> <span class='ocrx_word' id='word_1_318' title='bbox 911 5398 1055 5485; x_wconf 88' lang='lat' dir='ltr'>propter</span> <span class='ocrx_word' id='word_1_319' title='bbox 1082 5392 1174 5464; x_wconf 89' lang='lat' dir='ltr'>illius</span> <span class='ocrx_word' id='word_1_320' title='bbox 1199 5394 1472 5484; x_wconf 78' lang='lat' dir='ltr'>ventrositatem,</span> <span class='ocrx_word' id='word_1_321' title='bbox 1490 5412 1568 5465; x_wconf 87' lang='lat' dir='ltr'>cum</span> <span class='ocrx_word' id='word_1_322' title='bbox 1585 5390 1800 5465; x_wconf 72' lang='lat' dir='ltr'>scholastria</span> 
     </span>
    </p>
   </div>
   <div class='ocr_carea' id='block_1_7' title="bbox 0 0 2034 6052">
    <p class='ocr_par' dir='ltr' id='par_1_11' title="bbox 0 0 2034 6052">
     <span class='ocr_line' id='line_1_37' title="bbox 0 0 2034 6052; baseline 0 0"><span class='ocrx_word' id='word_1_323' title='bbox 0 0 2034 6052; x_wconf 95' lang='lat' dir='ltr'> </span> 
     </span>
    </p>
   </div>
  </div>
 </body>
</html>
