4050 6054
303 508 377 579 114

301 720 345 791 de
381 721 505 813 quibus
542 723 700 794 omnibns
735 724 878 795 solvitur
915 725 1046 797 decima
1082 725 1306 817 manipularis
1342 725 1562 816 praebendae
1588 723 1783 825 praefatae,
1812 733 1849 799 et

301 843 440 914 ducitur
468 864 531 933 por
558 845 687 916 incolas
715 847 748 915 in
776 847 937 917 horreum
966 869 1028 938 pro
1057 848 1230 936 canonico,
1249 852 1285 918 et
1303 847 1441 918 solvunt
1460 848 1625 919 decimam
1645 850 1768 938 canapi
1786 869 1850 938 per

302 969 451 1056 quatuor
477 965 663 1056 iuncturas,
690 971 726 1037 et
751 968 954 1038 aestimatur
971 969 1070 1039 valor
1088 970 1161 1039 eius
1181 969 1224 1040 ad
1244 962 1472 1059 quadraginta
1490 990 1632 1041 mareas.
1660 968 1726 1041 Est
1744 970 1849 1041 etiam

302 1086 352 1157 ibi
379 1086 474 1156 curia
499 1087 667 1176 militaris,
694 1088 824 1160 habens
852 1111 954 1180 agros
981 1091 1184 1179 praedialeS,
1213 1091 1255 1161 do
1283 1091 1407 1181 quibus
1426 1089 1573 1161 solvitur
1591 1090 1723 1162 decima
1740 1092 1851 1162 mani-

303 1207 435 1297 pularis
463 1208 609 1297 plebano
637 1214 673 1279 et
699 1209 864 1282 ecclesiae
890 1210 1017 1282 ibidem
1045 1212 1080 1280 in
1107 1210 1361 1300 Plesehovv,
1390 1212 1541 1302 exceptis
1569 1211 1702 1283 duobus
1728 1210 1850 1302 laneis

305 1329 364 1417 qui
391 1334 490 1398 erant
517 1329 560 1398 de
587 1335 682 1399 sorte
710 1331 933 1421 cunthardi,
962 1353 1047 1422 quos
1074 1338 1218 1423 proptor
1243 1332 1456 1404 fertilitatem
1484 1338 1520 1404 et
1546 1333 1851 1424 propinquitatem,

304 1451 401 1520 curia
427 1451 493 1521 sibi
512 1451 717 1541 vendicavit,
735 1453 778 1522 de
797 1454 920 1542 quibus
940 1454 1044 1524 solvit
1062 1453 1227 1547 decimam
1245 1453 1495 1545 manipularem
1514 1453 1731 1544 praebendae
1749 1474 1852 1544 prae-

301 1568 395 1641 fatae
423 1570 644 1644 Cracovicnsi
662 1573 697 1643 in
713 1571 937 1669 primiliacum.
964 1574 1052 1649 Sunt
1071 1577 1175 1646 etiam
1194 1576 1262 1646 duo
1280 1576 1381 1665 lanei,
1401 1597 1487 1666 quos
1506 1574 1623 1647 colunt
1641 1576 1852 1666 emethones,

305 1695 363 1786 qui
391 1694 561 1783 quondam
589 1699 689 1764 erant
715 1696 870 1786 curiales,
899 1704 934 1767 et
961 1697 1003 1766 do
1030 1696 1098 1767 illis
1117 1696 1283 1767 decimam
1302 1698 1450 1787 percipit
1467 1698 1636 1787 plebanus
1654 1703 1690 1767 et
1707 1696 1853 1770 ecclesia

304 1816 339 1886 in
367 1815 618 1906 Pleschow,
646 1817 727 1888 item
760 1838 867 1908 prope
904 1817 1031 1889 dictam
1059 1818 1173 1888 villam
1202 1817 1440 1889 Pleschow
1476 1823 1530 1889 est
1556 1820 1702 1890 taberna
1728 1824 1853 1890 vocata

303 1937 635 2032 Pleschowsky
661 1939 810 2031 brzeg‚
839 1941 936 2011 cuius
963 1941 1087 2011 haeres
1113 1938 1292 2011 Vemerus
1319 1941 1362 2011 de
1389 1939 1781 2012 Slezdzeiowicze
1807 1940 1852 2012 de

303 2059 403 2134 domo
431 2118 438 2132 .
466 2118 473 2132 .
502 2116 508 2131 .
536 2118 561 2152 .,
589 2062 720 2136 habens
756 2082 859 2151 agros
891 2063 1041 2153 amplos,
1068 2063 1111 2133 de
1138 2063 1263 2153 quibus
1290 2062 1424 2133 decima
1450 2063 1676 2152 manipularis
1703 2061 1853 2134 solvitur

303 2184 522 2276 praebendae
550 2183 735 2275 praefatae,
763 2189 799 2255 et
827 2182 965 2254 ducitur
991 2204 1053 2272 per
1080 2185 1338 2256 tabernatorem
1365 2185 1400 2253 in
1418 2183 1670 2272 Pleschow3
1697 2184 1781 2255 item
1798 2189 1854 2254 est

279 2308 337 2377 ‘in
364 2307 484 2378 eadem
511 2305 595 2376 villa
621 2306 732 2376 altera
757 2307 913 2394 tabema‚
940 2306 1117 2394 pertinens
1145 2306 1189 2376 ad
1216 2306 1393 2377 ecclesiam
1421 2312 1457 2376 et
1483 2306 1667 2396 plebanum
1695 2305 1729 2376 in
1756 2304 1787 2375 P
1793 2305 1854 2376 le-

303 2429 465 2518 schow,
492 2428 623 2499 habens
648 2448 761 2516 agros,
788 2426 830 2497 de
859 2427 983 2516 quibus
1010 2427 1176 2498 decimam
1204 2429 1309 2499 solvit
1334 2428 1481 2518 plebano
1508 2426 1543 2497 in
1571 2425 1817 2498 Pleschow.

406 2549 505 2635 ltem¹
520 2549 627 2621 habet
655 2549 796 2620 tertiam
822 2548 1071 2639 manipularem
1099 2549 1265 2619 decimam
1293 2549 1327 2619 in
1355 2548 1669 2640 SzyethnyoW,
1688 2548 1771 2619 villa
1788 2549 1855 2618 sub

303 2666 790 2763 parochin'Scarbimiriensi,
819 2671 916 2742 cuius
943 2672 1065 2742 haeres
1092 2671 1268 2743 Joharmes
1296 2672 1338 2742 de
1365 2670 1701 2761 Kurosvvanlry,
1728 2669 1856 2741 nobilis

304 2780 347 2864 de
375 2792 475 2864 domo
502 2793 659 2864 Rosae.
687 2793 727 2862 ln
755 2813 822 2882 qua
849 2813 909 2863 sex
937 2793 1028 2864 lanei
1055 2794 1298 2884 emethonales,
1325 2795 1409 2863 item
1427 2793 1583 2882 taberna,
1602 2793 1685 2862 item
1704 2796 1857 2882 quatuor

304 2914 523 2985 hortulaniac
551 2914 720 2986 habentes
740 2935 851 3004 agros
871 2914 913 2984 do
932 2916 1056 3004 quibus
1075 2915 1232 2985 omnibns
1252 2914 1418 2985 decimam
1437 2913 1686 3004 manipularem
1704 2912 1855 3005 percipit

304 3035 503 3128 praebenda
529 3035 697 3128 praefata,
725 3043 760 3107 et
788 3037 926 3107 ducitur
953 3037 1104 3127 propriis
1132 3036 1291 3107 curribus
1318 3037 1354 3106 in
1381 3036 1554 3125 horreum,
1582 3041 1618 3106 et
1640 3035 1744 3106 solvit
1763 3032 1856 3105 deci-

304 3179 395 3229 mam
422 3160 543 3248 canapi
578 3179 642 3248 per
678 3162 827 3248 quatuor
847 3160 1051 3246 iuncturaS,
1079 3165 1114 3228 et
1142 3159 1346 3229 aestimatur
1372 3157 1471 3228 valor
1499 3156 1644 3228 eiusad
1672 3149 1853 3228 duodecim

306 3301 449 3352 marcas.
476 3280 542 3352 Est
569 3282 618 3353 ibi
645 3281 742 3352 curia
768 3280 942 3368 militaris,
970 3280 1101 3350 habens
1129 3300 1232 3370 agros
1260 3279 1473 3370 praediales,
1501 3280 1543 3350 de
1571 3278 1695 3369 quibus
1722 3277 1857 3349 decima

307 3405 533 3495 manipularis
560 3403 708 3474 solvitur
734 3402 984 3492 praebendario
1011 3403 1047 3472 in
1074 3402 1325 3492 Michalovv,
1352 3408 1388 3473 et
1415 3400 1457 3472 de
1485 3422 1554 3472 una
1579 3399 1787 3472 hortulanis.

408 3527 495 3597 Item
522 3527 629 3597 habet
664 3530 824 3615 quartam
859 3525 1107 3614 manipularem
1136 3524 1300 3594 decimam
1328 3525 1364 3594 in
1392 3522 1592 3612 Ostrow,
1617 3520 1702 3593 villa
1728 3522 1857 3592 sancti-

304 3649 504 3720 monialium
522 3649 564 3718 de
592 3646 959 3737 Sthanyanthky,
987 3647 1051 3715 snb
1069 3646 1236 3734 parochia
1254 3646 1420 3716 ecclesiae
1439 3645 1481 3716 de
1500 3642 1856 3734 Kosczyelyecz.

304 3771 344 3841 ln
373 3792 440 3861 qua
467 3770 582 3841 decem
611 3776 647 3840 et
674 3776 752 3840 octo
788 3769 879 3840 lanei
907 3767 1148 3855 emethonales
1176 3767 1258 3837 item
1287 3768 1449 3856 taberna,
1477 3767 1560 3836 item
1586 3765 1675 3836 duae
1699 3762 1858 3835 hortula-

305 3893 392 3981 niae,
418 3892 586 3963 habentes
614 3912 715 3981 agros
735 3891 923 3982 speciales3
952 3889 1013 3959 sed
1031 3889 1207 3979 perceptio
1226 3887 1403 3979 praefatae
1422 3887 1575 3959 decimae
1594 3884 1857 3975 diversificatur,

306 4012 466 4083 videlicet
501 4014 537 4082 in
569 4019 784 4101 praesentem
820 4009 1052 4100 praebendam
1090 4010 1351 4082 Gracoviensem
1389 4010 1431 4079 do
1466 4009 1572 4080 certis
1600 4009 1712 4099 agris,
1739 4026 1859 4080 mensa
1978 4032 1985 4039 ·

308 4133 411 4202 etiam
439 4134 657 4222 episcopatus
685 4131 923 4203 Gracoviensis
950 4131 993 4201 de
1021 4132 1192 4221 aliquibus
1211 4132 1320 4202 laneis
1323 4131 1516 4220 ,plebanus
1535 4152 1554 4200 e
1557 4131 1697 4200 tiamet
1682 4127 1859 4200 teoclesia

307 4253 349 4324 de
377 4254 548 4343 aliquibus
576 4255 668 4342 agris
695 4252 906 4345 percipit3e
888 4253 1048 4324 etvalor
1075 4252 1237 4341 decimae,
1265 4272 1353 4343 quae
1372 4253 1464 4323 cedit
1481 4273 1545 4341 pro
1563 4251 1741 4341 praesenti
1758 4270 1859 4341 prae-

306 4376 420 4450 benda
447 4375 677 4464 cracoviensi,
705 4380 780 4447 aest
781 4376 849 4446 ima
849 4380 907 4445 tur
849 4375 978 4445 tad
1005 4374 1185 4446 duodecim
1212 4395 1356 4464 marcas,
1384 4381 1420 4444 et
1447 4374 1522 4444 sola
1547 4374 1635 4444 haee
1660 4371 1860 4475 praebenda

306 4499 456 4590 percipit
482 4499 648 4569 decimam
677 4498 797 4587 canapi
825 4518 888 4587 per
915 4501 1064 4587 quatuor
1091 4497 1277 4567 iuncturas.

411 4621 499 4692 ltem
527 4620 633 4692 habet
618 4621 816 4710 tquintam
844 4619 1009 4690 decimam
1037 4617 1324 4707 manipularem
1314 4637 1350 4686 1n
1378 4616 1545 4708 Kosky,
1573 4614 1657 4687 villa
1675 4615 1740 4687 suh
1747 4634 1860 4741 Quo

307 4745 385 4817 chia
412 4743 602 4815 ecclesiae
614 4741 928 4830 ScarbimiriensiS,
957 4742 1053 4811 curius
1089 4740 1211 4810 haeres
1248 4738 1451 4809 Stanislaus
1470 4738 1512 4809 de
1538 4720 1861 4828 Kuroswanlry
1956 4787 1959 4791 -

307 4867 478 4938 dedomo
513 4865 670 4936 Rosae
706 4863 747 4933 ln
784 4885 852 4953 qua
888 4869 968 4935 sunt
1005 4862 1205 4955 quinque
1183 4861 1273 4932 lanei
1301 4865 1391 4931 emet
1376 4860 1543 4950 thonales,
1570 4865 1606 4931 et
1633 4862 1772 4949 sextus,
1800 4860 1859 4950 qui

306 4993 451 5060 vocatur
478 4986 816 5076 Zakrzowslrye
842 4986 988 5075 polye,
1015 4989 1051 5054 et
1078 4982 1333 5054 diversificatur
1361 4982 1494 5053 decima
1519 5001 1685 5072 praesens
1704 4980 1740 5082 in
1758 4999 1860 5071 prae-

306 5114 440 5184 sentem
480 5108 713 5200 praebendam
754 5105 1014 5178 Cracoviensem
1050 5105 1406 5197 Rzemyandzyezska,
1434 5109 1470 5176 et
1504 5105 1540 5174 in
1577 5103 1723 5175 alteram
1759 5122 1861 5194 prae-

307 5231 457 5305 bendam
497 5229 812 5321 Wyanczkovvsha,
850 5233 885 5297 et
923 5228 957 5297 in
999 5226 1249 5297 mansionarios
1289 5225 1554 5316 Cracovienses,
1591 5229 1626 5295 et
1661 5246 1730 5297 uno
1770 5240 1861 5296 anno

296 5353 457 5445 ··percipit
482 5371 552 5423 nna
577 5326 659 5440 pars
687 5350 875 5440 hyemalia,
904 5347 1054 5420 secundo
1090 5347 1287 5436 aestivalia,
1313 5348 1419 5419 tertio
1446 5367 1586 5438 parum3
1612 5346 1744 5418 ducunt
1769 5365 1860 5417 eme-

310 5473 437 5549 thoncs
467 5473 635 5548 decimam
662 5473 698 5542 in
724 5472 897 5561 horreum,
923 5476 962 5541 et
988 5469 1127 5541 solvunt
1155 5465 1880 5563 (1111111111111111111111111111111,
1912 5519 1914 5523 -
