4050 6054
1704 434 1751 515 27

203 644 266 716 sub
285 628 632 733 parochia-cadesim
651 641 692 711 dc
711 639 815 710 Now
826 659 879 728 ag
890 634 977 725 ora,
1005 637 1101 709 cuius
1119 636 1307 729 dominium
1325 637 1478 725 pertinet
1496 638 1540 708 ad
1558 639 1691 715 nobiles
1710 639 1752 709 de

204 763 465 854 Thanczyn‚
493 766 529 833 et
555 767 610 832 ast
636 762 684 832 ibi
708 760 841 830 decima
859 759 1110 845 diversificata
1138 777 1215 828 nam
1235 758 1391 827 cantoria
1409 778 1478 826 nou
1496 758 1602 828 habet
1620 759 1668 829 ibi
1687 759 1752 829 nisi

203 905 262 955 sex
282 885 410 973 laneos,
437 889 475 983 et
491 882 534 952 de
553 881 708 975 quolibet
726 881 826 952 laneo
844 878 1027 953 solvuntur
1046 878 1180 949 cantori
1198 898 1259 947 sex
1276 877 1390 966 grossi
1408 897 1471 966 pro
1491 877 1630 966 decima,
1650 884 1685 949 et
1704 880 1752 949 sic

202 1004 378 1095 perceptio
398 1021 467 1073 non
494 1000 659 1090 ascendit,
678 1000 753 1072 uisi
780 998 823 1071 ad
851 1006 923 1071 tres
950 999 1122 1086 fertones3
1150 998 1209 1068 alii
1236 1003 1351 1068 autem
1379 997 1454 1087 agri
1482 997 1620 1067 solvunt
1648 997 1752 1069 etiam

200 1125 367 1195 decimam
392 1142 455 1213 per
482 1141 542 1193 sax
568 1110 709 1211 grossos
735 1122 896 1212 episcopo
924 1119 1161 1207 Gracoviensi,
1194 1118 1253 1189 alii
1280 1119 1419 1190 vicariis
1456 1116 1750 1211 ctacoviensibus,

202 1245 262 1315 alii
279 1242 427 1333 plebano
445 1242 609 1313 ecclesiae
634 1241 841 1330 parochialis
873 1241 916 1311 de
948 1240 1209 1330 Nowagora,
1235 1260 1304 1309 non
1323 1239 1426 1309 aliter
1443 1244 1569 1329 tamon,
1597 1238 1663 1311 nisi
1690 1262 1752 1332 per

203 1385 262 1435 sex
289 1384 429 1454 grossos
448 1362 490 1433 de
507 1362 618 1433 laneo.

305 1484 392 1554 Item
412 1482 569 1553 cantoria
586 1478 744 1571 praefata
762 1478 999 1550 cracoviensis
1017 1482 1157 1550 tenetur
1186 1484 1222 1550 et
1240 1478 1419 1550 consuevit
1444 1477 1572 1550 habere
1596 1480 1751 1554 vicecan-

200 1612 311 1676 torem
330 1604 364 1674 in
383 1602 528 1674 ecclesia
545 1599 775 1689 cracoviensi,
794 1597 906 1688 quiin
923 1598 1118 1701 praecipuis
1145 1597 1266 1669 diebus
1293 1603 1432 1687 praeest
1458 1599 1563 1670 choro
1591 1599 1627 1669 in
1654 1600 1749 1674 horis

201 1725 379 1797 nocturnis
398 1728 435 1795 et
452 1721 587 1793 diurnis
603 1717 793 1793 intonando
811 1725 848 1789 et
865 1702 1017 1808 regando
1035 1718 1070 1789 in
1090 1716 1211 1790 officiis
1229 1716 1364 1808 divinis,
1383 1719 1591 1790 stationibus
1617 1726 1654 1792 et
1671 1742 1751 1812 pro-

202 1844 432 1930 cessionibus,
464 1841 563 1912 cuius
595 1837 847 1911 vicecantoriae
874 1837 1012 1909 collatio
1039 1844 1076 1909 et
1103 1838 1298 1910 omnimoda
1324 1838 1505 1928 dispositio
1542 1840 1586 1910 ad
1613 1842 1749 1914 unicum

202 1962 378 2053 salitorem
402 1959 666 2033 cracoviensem
690 1958 852 2049 pertinet.
877 1957 994 2056 Habet
1020 1963 1136 2030 autem
1161 1958 1359 2049 praedictus
1386 1958 1582 2030 vicecantor
1607 1982 1671 2050 pro
1689 1983 1752 2035 sua

201 2082 398 2155 huiusmodi
415 2080 650 2152 vicecantoria
676 2079 761 2151 duas
784 2078 933 2151 decimus
951 2079 1193 2169 manipulares,
1210 2099 1314 2150 unam
1340 2077 1377 2148 in
1404 2075 1750 2173 Carnycwycze‚

201 2204 285 2275 villa
302 2202 464 2274 Andreae
490 2199 767 2301 Ossa'pwsky
797 2200 869 2270 illic
893 2198 1100 2290 habitantis,
1117 2198 1243 2271 nobilis
1262 2198 1304 2270 de
1323 2198 1460 2271 domo..
1479 2253 1486 2268 .
1505 2253 1512 2269 .
1532 2255 1539 2268 .
1567 2203 1631 2273 sub
1649 2222 1789 2319 parib*

202 2325 280 2395 chia
298 2323 469 2395 ecclesiae
480 2322 523 2393 de
541 2290 774 2412 fruebin'y
786 2341 817 2410 a,
839 2320 875 2392 iu
889 2339 958 2413 qua
975 2324 1056 2391 suut
1073 2319 1164 2391 lanei
1183 2319 1424 2408 emethonales,
1443 2320 1629 2411 ers-quibus
1647 2321 1752 2396 datur

203 2444 336 2539 decima
357 2442 581 2533 manipularis
604 2439 874 2513 vicecantori'et
890 2439 1028 2513 ducitur
1055 2438 1205 2529 propriis
1233 2440 1391 2510 curribus
1409 2460 1472 2529 per
1498 2442 1751 2517 emethonasin

202 2565 360 2636 horreum
381 2564 424 2635 ab
438 2584 480 2634 eo
502 2561 734 2652 deligendum,
762 2560 967 2632 aestimatur
994 2560 1038 2631 ad
1066 2566 1215 2650 quatuor
1237 2579 1385 2649 marcas;
1412 2561 1551 2632 solvunt
1581 2560 1753 2639 decimam

202 2685 331 2775 canapi,
356 2690 410 2755 est
427 2684 532 2773 ctiam
551 2683 600 2754 ibi
618 2681 714 2754 curia
732 2680 857 2754 nobilis
875 2679 1023 2771 praefati
1040 2681 1172 2754 habens
1190 2702 1292 2771 agros
1306 2681 1499 2772 praediales
1513 2687 1549 2753 et
1562 2703 1606 2754 ex
1628 2685 1751 2776 aliqui-

199 2806 262 2877 bus
289 2803 438 2876 solvitur
452 2803 588 2877 decima
615 2801 825 2875 vicecantori
852 2822 894 2872 ex
925 2802 1096 2892 aliquibus
1122 2821 1205 2873 vero
1233 2802 1380 2892 plebano
1399 2803 1435 2873 in
1468 2801 1749 2898 Trzebynya.

198 2924 285 2995 ltem
303 2924 411 2995 habet
429 2922 662 2995 vicecantoria
682 2920 861 3012 praedicta
883 2920 1029 2993 alteram
1047 2921 1214 2993 decimam
1240 2922 1275 2992 in
1293 2922 1377 2994 villa
1402 2921 1547 3016 Psary
1565 2925 1629 2998 sub
1646 2947 1750 3018 paro·

198 3044 276 3114 chia
302 3044 468 3116 ecclcsiae
494 3043 539 3117 da
556 3042 657 3114 Ploki
683 3062 791 3133 prope
819 3041 1071 3134 Thanczyn‚
1104 3063 1192 3133 quae
1219 3043 1302 3114 villa
1327 3049 1382 3139 est
1399 3044 1525 3116 nobilis
1543 3044 1749 3140 Psarslry

198 3163 361 3236 dedomo
363 3217 443 3233 .....
478 3164 519 3235 In
532 3170 700 3257 quaeunt
717 3162 810 3236 lanei
826 3163 1074 3253 amethouales,
1097 3183 1140 3235 ex
1163 3163 1289 3254 quibus
1312 3162 1416 3236 datur
1442 3163 1575 3236 decima
1592 3168 1750 3259 manipu-

197 3284 281 3356 laris
308 3266 597 3387 vicccantori,{at
622 3283 751 3356 ducunt
781 3304 858 3357 eam
885 3285 1084 3371 cmethoues
1109 3285 1260 3376 propriis
1287 3285 1446 3357 curribus
1472 3286 1507 3355 in
1534 3286 1698 3359 horreum
1725 3309 1748 3359 a

199 3404 416 3476 vicecantore
434 3403 625 3494 locandum,
644 3405 819 3495 quietiam
833 3406 972 3478 solvunt
990 3405 1157 3478 decimam
1175 3406 1312 3496 canapi3
1333 3406 1538 3477 aestimatur
1556 3408 1654 3480 valor
1672 3409 1746 3481 eius

199 3524 243 3595 ad
256 3529 330 3595 tres
348 3545 496 3614 marcas3
523 3525 691 3616 depositis
701 3527 814 3618 ‚ctiam
838 3526 972 3599 duobus
990 3527 1099 3599 laneis
1118 3526 1406 3614 emethonalibus‚
1433 3525 1563 3597 alienat
1581 3528 1747 3600 decimam

197 3645 478 3739 avicccantoria,
500 3645 612 3745 etdat
628 3644 723 3715 illam
745 3644 892 3735 plebano
920 3646 956 3717 in
974 3646 1115 3718 Ploki.
1159 3645 1271 3717 Huius
1295 3645 1549 3716 vicecantoriae
1581 3653 1636 3717 est
1659 3669 1750 3717 nunc

197 3765 577 3855 vicecantorNicolaus
589 3758 654 3838 'de
668 3763 988 3839 Schethoscha
1012 3763 1290 3836 Praemisliensis
1308 3762 1485 3833 dioecesis.

301 3885 389 3958 Item
406 3885 605 3977 praedictus
623 3887 745 3955 cantor
767 3864 1005 3957 Oracovicdsis
1027 3888 1082 3955 est
1099 3883 1220 3955 unicus
1239 3882 1384 3953 collator
1402 3885 1438 3953 et
1456 3887 1623 3970 patronus
1643 3876 1751 3957 eccle·

119 4016 124 4024 ·
199 4006 271 4078 siae
298 4003 506 4095 parochialis
536 4004 572 4074 in
599 4001 833 4075 Slavvkow.
887 4000 1054 4074 cantoria
1083 4008 1199 4074 autem
1225 4001 1405 4092 praedicta
1431 4006 1536 4091 prout
1562 4006 1749 4080 memoriae
1825 4053 1832 4063 -

199 4125 367 4197 traditum
385 4129 452 4214 est,
469 4123 615 4196 fundata
639 4130 676 4196 et
694 4125 816 4197 dotata
833 4129 887 4196 est
904 4144 976 4213 per,
1000 4123 1115 4196 nescio
1134 4144 1234 4212 quem
1255 4123 1459 4219 episcopum„
1471 4121 1748 4222 cracoviensem,

199 4245 241 4316 de
259 4244 460 4318 introitibus
486 4245 652 4319 ecclesiae
674 4244 947 4335 Slavkoviensis,
963 4249 1000 4316 et
1025 4244 1062 4314 in
1087 4243 1223 4333 signum
1250 4244 1342 4316 illius
1369 4244 1508 4318 collatio
1536 4249 1671 4320 cantori
1694 4256 1749 4323 est

199 4365 335 4455 relicta,
367 4363 410 4436 ad
428 4365 525 4437 onius
544 4364 693 4438 officium
711 4365 863 4457 pertinet
880 4383 1031 4453 poenare
1048 4363 1215 4455 plebanos
1233 4365 1384 4437 civitatis
1402 4363 1655 4459 cracoviensis,
1679 4391 1747 4442 non

199 4486 378 4558 venientes
397 4504 460 4557 nec
478 4486 656 4581 mittentes
679 4486 723 4558 ad
741 4484 988 4577 processiones.
1021 4485 1110 4557 Item
1132 4490 1215 4557 taxa
1233 4486 1431 4577 praedictae
1453 4491 1632 4561 cantoriae
1650 4491 1749 4561 iuxta

199 4606 343 4699 antiqua
360 4612 518 4697 regestra
536 4607 580 4678 ad
599 4607 830 4698 quadraginta
847 4626 990 4679 marcas.

302 4728 390 4815 Item
409 4730 531 4799 cantor
549 4725 787 4799 cmcoviensis
805 4727 912 4800 habet
934 4727 976 4799 de
994 4727 1071 4800 iure
1088 4733 1221 4802 statuto
1244 4734 1281 4798 et
1302 4729 1561 4818 consuetudine,
1579 4727 1751 4819 poenandi

199 4868 317 4923 omnes
348 4846 571 4918 ecclesiarum
602 4847 850 4938 parochialium
882 4848 917 4918 in
949 4847 1185 4939 (lracovia,
1222 4847 1473 4921 Oasimiria
1508 4853 1545 4918 et
1576 4847 1751 4918 suburbiis

199 4990 319 5042 earum
344 4973 509 5056 rectores,
537 4967 595 5056 qui
622 4968 666 5038 ad
684 4968 923 5058 processiones
949 4968 1070 5041 diebus
1102 4968 1281 5042 dominicis
1308 4967 1543 5057 rogationum,
1571 4963 1750 5040 divisionis

136 5081 139 5087 ’
203 5089 465 5180 Apostolorum,
492 5085 610 5160 Sancti
636 5087 749 5159 Marci
782 5093 818 5160 et
844 5088 935 5181 aliis,
961 5089 1007 5163 ad
1034 5089 1213 5163 ecelesiam
1240 5087 1502 5159 cracoviensem
1529 5107 1593 5177 pro
1612 5106 1750 5176 proces·

199 5209 354 5283 sionibus
380 5208 520 5285 mittere
546 5208 734 5301 negligunt
