4050 6054
1623 462 1697 534 273

147 665 346 757 episcopum
373 662 654 754 Oracoviensem,
681 665 723 736 de
742 678 911 739 consensu
938 664 1194 755 capitularium,
1221 664 1266 735 ad
1284 665 1487 755 petitionem
1513 672 1549 737 et
1568 667 1701 738 instan-

147 786 233 857 tiam
259 785 497 857 Vladislai
533 786 679 857 Secundi
706 785 870 856 Polouiae
897 786 1007 876 regis,
1044 793 1079 857 et
1098 784 1328 875 Hedvigis
1354 787 1495 876 reginae
1522 786 1701 878 Poloniae,

147 907 319 979 consortis
346 927 437 978 suae.
472 907 622 979 Donatio
649 912 763 978 autem
781 905 939 997 praefata
955 906 1048 978 faeta
1074 914 1128 978 est
1145 906 1397 997 Oracoviae,
1423 908 1530 980 tertia
1547 908 1700 979 Februa-

148 1026 193 1096 rii
224 1026 332 1098 1367.
358 1047 458 1098 anno.
1400 1038 1403 1043 ’

559 1289 671 1368 Bona
702 1296 877 1370 tenutas
912 1290 1292 1394 Pabyanyczensis.

254 1505 490 1577 Residentiam
517 1510 752 1597 praelatorum
780 1518 816 1580 et
834 1509 1075 1580 canonicorum
1103 1506 1397 1598 cracoviensium,
1423 1507 1550 1579 femina
1575 1510 1701 1580 nobilis

150 1632 188 1697 et
205 1626 351 1698 illustris
376 1627 596 1717 Juditha,
624 1628 864 1699 Vladislai
892 1628 988 1699 ducis
1006 1627 1170 1699 Poloniae
1190 1633 1226 1698 et
1244 1628 1451 1699 monarchae
1479 1630 1637 1720 conjunx,
1665 1635 1701 1701 et

150 1744 399 1819 Wratislai
424 1748 671 1819 Bobemiae
702 1748 798 1820 ducis
824 1747 897 1819 filia
924 1770 967 1819 ex
985 1749 1098 1840 prima
1121 1770 1228 1820 uxore
1252 1748 1461 1838 Adleida,
1488 1749 1700 1821 Andreae

149 1865 350 1970 HungarIae
377 1869 469 1958 regis
495 1867 567 1939 filia
594 1875 771 1958 suscepta,
799 1874 961 1958 satagens
988 1853 1139 1955 efficere,
1157 1874 1194 1940 et
1218 1869 1450 1940 residentibus
1478 1870 1698 1961 quotidianas

150 1985 413 2059 distributiones
448 1989 493 2059 ad
528 1989 753 2059 residentiam
786 1989 864 2060 illos
898 1988 1033 2061 facilius
1060 1991 1268 2078 invitatum,
1303 2009 1508 2080 procurare,
1535 1990 1701 2062 ecelesiae

133 2104 372 2203 tremolensi
407 2109 642 2180 castellaniam
669 2108 901 2201 Chroppy,
938 2111 988 2180 sic
1018 2115 1153 2181 vetusto
1187 2109 1324 2180 nomine
1352 2110 1578 2200 appellatam,
1613 2130 1701 2199 quae

150 2227 254 2299 hodie
287 2226 588 2318 Pabyanicziensis
624 2236 786 2319 vocatur,
823 2231 859 2300 in
889 2235 984 2300 terra
1014 2229 1214 2320 Syradiensi
1256 2230 1377 2320 sitam,
1412 2251 1476 2319 per
1506 2237 1701 2301 consortem

151 2368 251 2419 sunm
277 2347 569 2421 Vladislaum
596 2351 725 2439 ducem,
752 2350 874 2421 donari
892 2350 1078 2421 donatione
1096 2355 1265 2440 perpetua
1291 2351 1460 2438 obtinuit3
1488 2356 1523 2421 et
1540 2352 1702 2440 qnoniam

150 2488 195 2539 ea
220 2475 380 2558 auctore,
407 2471 548 2542 donatio
576 2472 652 2560 ipsa
678 2470 841 2542 eeclesiae
869 2470 1088 2542 Craeoviensi
1115 2467 1344 2561 cesserat,'a
1370 2469 1393 2542 J
1403 2472 1536 2542 ndith
1565 2471 1703 2543 ducissa

151 2587 326 2679 praefata,
355 2612 443 2681 quae
470 2593 514 2662 ob
541 2592 706 2663 honorem
734 2592 850 2663 mariti
878 2599 915 2663 et
941 2592 1053 2681 patris
1079 2592 1201 2681 regina
1227 2591 1455 2681 vocitabatur,
1482 2592 1704 2665 donationem

151 2710 263 2799 ipsam
289 2711 508 2800 provenisse,
536 2714 641 2783 etiam
668 2734 776 2804 usque
804 2714 839 2783 in
858 2712 1063 2783 hodiernum
1089 2712 1181 2783 diem
1208 2713 1387 2802 vulgatum
1414 2719 1476 2784 est.
1517 2713 1565 2785 Et
1582 2735 1704 2803 quam-

152 2830 206 2929 vis
233 2831 434 2901 castellania
459 2831 616 2921 praefata
634 2854 711 2904 cum
729 2854 791 2903 suo
810 2833 982 2921 districtu,
1009 2853 1072 2923 pro
1092 2833 1152 2903 illa
1168 2838 1375 2922 tempestate
1399 2853 1527 2922 paucas
1554 2833 1705 2905 habebat

152 2950 324 3039 colonias,
359 2953 537 3043 magisque
573 2953 772 3024 abundabat
798 2953 997 3025 nemoribus
1033 2960 1069 3024 et
1095 2952 1221 3043 sylvis,
1257 2974 1359 3045 quarn
1385 2953 1640 3026 habitatoribus
1666 2960 1704 3024 et

152 3070 248 3161 agris
275 3070 391 3160 cultis,
417 3070 698 3164 frequentiusque
724 3073 795 3144 illic
821 3075 996 3163 ponebant
1022 3072 1116 3143 ferae
1142 3093 1205 3143 sua
1232 3073 1371 3161 cubilia,
1398 3093 1501 3163 quam
1528 3079 1702 3162 agrestres

152 3197 288 3281 aratra,
323 3213 487 3280 processu
522 3200 638 3264 tamen
665 3193 798 3264 dierum
833 3199 870 3264 et
896 3199 1090 3283 temporum
1116 3192 1246 3262 habere
1273 3193 1388 3281 coepit
1414 3192 1483 3263 duo
1510 3194 1638 3282 oppida
1660 3172 1701 3265 ¹et

84 3404 88 3409 .
153 3311 278 3401 viginti
296 3318 374 3384 octo
392 3313 507 3402 villas,
534 3335 621 3404 qnae
648 3314 878 3386 acultoribus
902 3314 1111 3402 inhabitata,
1138 3311 1269 3382 faciunt
1286 3310 1418 3383 fructus
1437 3333 1537 3402 suos,
1565 3313 1609 3383 de
1627 3315 1703 3405 qui-
1819 3350 1824 3363 ι

153 3431 219 3504 bus
247 3433 401 3505 seriatim
428 3433 580 3506 scribere
607 3454 798 3523 pergemus.

257 3551 528 3641 Pharnuuczs,
547 3554 710 3643 oppidum
732 3552 930 3642 infrequens
955 3560 992 3625 et
1009 3574 1131 3644 parum
1150 3552 1366 3642 populosom,
1394 3553 1469 3623 iure
1491 3552 1705 3625 Theutonico

154 3670 338 3745 Srzedensi
380 3673 531 3744 locatum
564 3680 635 3762 est,
670 3673 715 3744 ad
750 3673 873 3744 flumen
911 3673 1148 3765 Nyrzyecz
1186 3673 1307 3761 sitnm,
1344 3673 1379 3742 iu
1417 3693 1485 3763 qno
1521 3679 1575 3744 est
1610 3675 1706 3744 curia

154 3792 356 3883 principalis
382 3800 418 3865 et
444 3794 542 3864 sedes
569 3794 712 3883 capituli
738 3793 993 3883 cracoviensis,
1021 3813 1122 3882 quam
1149 3813 1226 3865 cum
1253 3793 1398 3883 singulis
1424 3793 1516 3864 villis
1543 3800 1579 3864 et
1606 3793 1705 3863 bonis

155 3912 201 3985 ad
226 3912 322 3987 illam
347 3916 618 4005 pertinentibus,
654 3936 742 3985 unus
769 3935 811 3985 eu
837 3915 1003 4017 praelatis
1037 3920 1073 3984 et
1100 3914 1273 3985 canonicis
1306 3912 1610 4003 Oracoviensibus,
1647 3914 1707 4003 qui

154 4034 278 4107 melior
302 4036 465 4127 politicus
491 4041 527 4106 et
553 4036 761 4106 iustitiarius
788 4055 864 4105 esse
890 4035 1061 4124 creditur,
1093 4056 1135 4105 eu
1162 4035 1389 4107 conventione
1416 4035 1589 4124 triennali,
1615 4033 1707 4106 datis

155 4155 312 4254 ducentis
338 4163 400 4228 aut
417 4156 574 4227 tricentis
601 4157 727 4227 marcis
752 4156 888 4226 ratione
915 4155 1081 4243 arandae,
1107 4153 1351 4226 administrare
1369 4157 1578 4243 consuevit3·
1594 4155 1653 4245 qui
1672 4161 1708 4225 et

156 4251 325 4347 bonorum
347 4276 579 4365 praelatorum
605 4281 744 4347 tenetur
765 4275 878 4346 faeere
896 4275 1131 4371 conditionem
1154 4275 1340 4346 meliorem.
1380 4275 1468 4346 ltem
1488 4276 1585 4346 curia
1603 4275 1710 4345 habet

156 4396 206 4467 ibi
231 4416 335 4486 agros
361 4396 477 4486 largos
495 4397 697 4486 praediales,
725 4396 769 4466 ad
788 4416 849 4465 sex
866 4416 1002 4466 mansos
1021 4395 1232 4484 aestimatos
1260 4397 1319 4484 qui
1337 4418 1359 4465 a
1376 4395 1613 4465 emethonibus
1640 4393 1704 4464 vil-

156 4516 269 4589 larum
295 4518 340 4589 ad
357 4516 652 4608 Pabyanicze
675 4516 940 4606 pertinentium,
967 4515 1126 4586 coluntur
1143 4521 1180 4586 et
1197 4520 1355 4604 arantur,
1382 4515 1568 4605 dequibus
1596 4515 1704 4584 mani-

156 4637 289 4726 pularis
323 4638 455 4709 decima
490 4638 654 4708 ecclesiae
689 4636 880 4727 parochiali
915 4640 951 4705 et
976 4635 1123 4724 plebano
1151 4637 1187 4706 in
1213 4633 1513 4726 Pabyanyeze
1541 4636 1708 4724 solvitur,

156 4758 241 4829 item
259 4759 371 4830 estibi
385 4759 530 4830 eeclesia
543 4758 752 4848 parochiahs
770 4759 835 4829 snb
849 4755 951 4827 titulo
969 4755 1026 4826 SS.
1040 4755 1214 4828 Matthaei
1227 4753 1473 4845 Evangelistae
1491 4762 1528 4826 et
1541 4755 1705 4826 Stanislai

156 4878 337 4969 Martyris,
358 4879 478 4969 lignea
504 4879 667 4967 sterilis,
692 4877 837 4948 fundata
863 4897 926 4966 per
952 4874 975 4947 J
981 4877 1184 4947 aroslaum
1212 4873 1450 4947 Gneznensem
1478 4875 1708 4964 archiepisco-

156 5019 248 5089 pum,
276 5000 337 5089 qui
361 5021 427 5090 pro
444 4999 537 5070 illius
565 4999 646 5069 dote
672 5018 776 5070 unam
803 4996 970 5068 decimam
996 4995 1246 5087 manipularem
1272 4995 1410 5068 invilla
1435 4992 1709 5066 Kosczeszow

158 5118 213 5190 vel
240 5118 591 5209 Choczyeszow,
628 5119 671 5189 de
706 5137 826 5189 mensa
859 5137 924 5188 sua
958 5114 1244 5206 archiepiscopali
1280 5115 1323 5186 de
1358 5134 1527 5185 consensu
1563 5113 1728 5203 capituli
1839 5160 1844 5165 -

163 5237 376 5311 Gneznensis
403 5246 571 5329 perpetuo
599 5239 742 5310 donavit
768 5243 805 5308 et
831 5235 1025 5325 inscripsit3
1057 5235 1098 5305 de
1126 5256 1194 5324 qua
1221 5234 1408 5306 donatione
1434 5233 1584 5305 habetur
1611 5254 1710 5311 suum

159 5360 380 5450 privilegium
415 5360 452 5429 in
483 5360 618 5433 aerario
651 5351 816 5429 ecclesiae
853 5355 1100 5427 cracoviensis.
1139 5353 1228 5425 ltem
1264 5355 1432 5444 plebanus
1479 5353 1588 5427 habet
1623 5354 1710 5426 duos

263 5500 310 5541 nu.
324 5499 422 5540 nonme.
1504 5496 1543 5554 35
