4050 6054
1607 491 1609 495 ’
1670 478 1743 550 333

202 679 426 768 manipularis
452 680 600 752 solvitur
616 680 782 752 eeclesiae
805 680 931 752 ibidem
960 682 995 752 in
1023 664 1428 769 Szdzealiouioze3
1455 682 1538 752 item
1566 682 1642 772 agri
1660 685 1748 756 scol·

200 798 265 869 teti
292 799 431 873 solvunt
457 799 621 872 eeclesiae
649 801 825 890 decimam,
852 801 936 872 item
954 808 1036 871 sunt
1061 801 1111 872 ihi
1137 801 1197 871 alii
1222 800 1315 872 lanei
1342 801 1583 891 emethonales‚
1611 801 1654 873 de
1673 803 1749 892 qui-

200 916 267 991 hus
294 918 426 990 decima
452 921 678 1010 manipularis
705 920 851 992 solvitur
872 922 1039 1011 episeopo
1067 918 1301 1010 Crotoniensi,
1338 921 1422 992 item
1449 926 1530 993 sunt
1557 921 1617 993 alii
1643 921 1747 1012 lanei,

204 1038 430 1179 qui‘solvunt
457 1041 621 1111 ecelesiae
648 1041 838 1130 parochiali
864 1043 899 1111 in
927 1040 1310 1112 Sdzieahowioze.
1704 1056 1710 1067 ·

243 1188 256 1201 -·
306 1157 408 1250 Nota,
436 1159 528 1250 quod
554 1162 590 1231 in
608 1161 695 1249 loco,
722 1161 782 1231 uhi
808 1162 924 1233 locata
941 1164 995 1232 est
1021 1159 1418 1249 Szdaechowiaze‚
1445 1160 1585 1233 fuerunt
1611 1159 1749 1232 deserta

204 1283 240 1348 et
264 1279 431 1368 meritae,
467 1280 681 1370 pertinentes
708 1281 754 1351 ad
779 1282 982 1359 coenobium
1016 1279 1220 1365 monialium,
1242 1278 1573 1352 Zawiahostensium
1600 1280 1688 1352 alias
1714 1278 1748 1354 S.

203 1396 375 1470 Andreae.
467 1419 472 1430 ·

1082 1478 1105 1523 Ὀ

267 1646 467 1745 Mitras
501 1662 751 1741 eoolaetrlae
792 1663 831 1741 ln
864 1660 1057 1742 dietrletu
1092 1659 1356 1741 Radomlensl
1389 1663 1688 1743 consistentes.

150 1968 153 1973 Ι
196 1934 206 1947 ,
265 1940 281 1965 ,.
307 1878 562 1969 Jnsrszaarnu,
589 1879 673 1950 villa
690 1880 754 1952 sub
772 1881 939 1969 parochia
965 1881 1130 1952 ecelesiae
1157 1880 1200 1951 de
1225 1880 1393 1953 Radom
1421 1881 1499 1970 sita,
1526 1882 1562 1951 in
1581 1886 1749 1971 quaeunt

86 1978 162 2029 ‘⁶²‘
202 1914 335 2093 &hem
361 2000 453 2070 lanei
480 2000 847 2089 emethonales'euius
873 2001 997 2070 haeres
1024 2001 1264 2071 serenissimus
1289 1998 1455 2071 Poloniae
1480 2020 1552 2090 rex,
1579 2001 1622 2072 de
1639 2001 1749 2074 laneis

204 2119 476 2192 amathonalibus
503 2119 651 2190 solvitur
677 2119 809 2191 decima
826 2120 1051 2211 manipularis
1078 2124 1113 2191 et
1139 2140 1203 2209 per
1223 2125 1373 2209 quatuor
1398 2120 1536 2210 ierugas
1563 2122 1749 2212 aanapalis‚
1880 2153 1882 2159 ·

205 2246 242 2312 et
267 2239 398 2311 ducunt
433 2260 508 2310 eam
536 2240 734 2310 amethones
761 2240 796 2309 in
823 2240 988 2311 horreum
1014 2262 1036 2310 a
1062 2240 1244 2311 scolastico
1281 2238 1461 2311 loaandum
1488 2246 1524 2312 et
1550 2241 1649 2312 valor
1675 2241 1749 2313 eius

206 2362 409 2432 aestimatur
435 2359 479 2429 ad
506 2359 592 2430 duas
618 2379 763 2447 marcae,
790 2340 974 2450 aliquando
1002 2361 1046 2431 ad
1074 2361 1243 2451 quinque3
1269 2361 1352 2432 item
1379 2361 1545 2433 tabernae
1571 2383 1641 2432 non
1668 2365 1751 2432 sunt

206 2482 241 2552 in
268 2457 356 2551 villa
376 2479 573 2579 praediata3
608 2478 692 2570 item
716 2478 934 2550 hortulaniae
962 2486 1128 2571 quatuor,
1164 2481 1225 2553 sed
1252 2502 1321 2553 non
1346 2482 1478 2553 habent
1504 2501 1625 2572 agros,
1662 2482 1747 2553 item

206 2600 384 2691 praedium
411 2600 544 2689 regium
571 2618 640 2670 non
666 2603 721 2671 est
746 2600 782 2669 in
810 2600 893 2670 villa
918 2601 1047 2672 eadem.

253 2798 256 2803 ,
309 2720 504 2810 Masossn,
531 2719 614 2789 villa
640 2719 704 2790 suh
723 2721 889 2809 parochia
914 2720 1078 2791 ecelesiae
1105 2721 1148 2791 de
1175 2717 1380 2812 Gorinye
1407 2721 1485 2810 sita,
1513 2720 1609 2792 euius
1627 2722 1751 2792 haere·
1882 2712 1889 2722 ’

208 2841 298 2967 optas
330 2840 484 2929 pertinet
510 2846 546 2910 et
570 2840 767 2930 proprietas
794 2841 838 2911 ad
865 2841 1121 2912 serenissimum
1155 2839 1320 2912 Poloniae
1355 2861 1489 2930 regem,
1525 2841 1561 2911 in
1589 2861 1657 2931 qua
1682 2862 1751 2913 non

206 2968 286 3032 sunt
312 2960 540 3030 dimensurati
566 2960 657 3031 lanei
693 2961 943 3050 emethonales,
979 2961 1040 3032 sed
1067 2961 1143 3052 agri
1169 2961 1298 3050 passim
1332 2982 1396 3051 per
1423 2968 1606 3033 venatores
1632 2961 1748 3052 regios

205 3068 374 3170 ooldhiur,
402 3081 444 3151 de
473 3081 596 3171 quihus
623 3080 727 3153 datur
752 3080 977 3171 manipularis
1004 3082 1136 3152 decima
1162 3085 1199 3152 et
1224 3101 1287 3171 per
1306 3086 1455 3171 quatuor
1482 3064 1620 3172 ierugos
1649 3101 1751 3153 cana

204 3201 294 3293 palis
321 3200 524 3273 scolastriae
551 3200 830 3292 Sandomiriensi,
858 3206 894 3271 et
920 3201 1051 3272 ducunt
1074 3221 1149 3271 eam
1168 3202 1366 3273 amathones
1392 3202 1428 3271 in
1454 3200 1618 3273 horreum
1636 3223 1658 3272 a
1676 3221 1750 3273 soo-

204 3317 327 3394 lastieo
354 3320 537 3395 locandum
564 3327 600 3391 et
627 3320 724 3392 valor
752 3321 825 3391 eius
854 3322 1059 3392 aestimatur
1077 3320 1225 3392 adduas
1253 3341 1452 3411 sexagenas.
1478 3321 1565 3392 Item
1584 3323 1751 3393 tabernae
1827 3402 1829 3408 7

95 3503 97 3509 ,
205 3443 254 3514 ibi
268 3441 397 3514 nullae
424 3447 522 3531 sunt,
550 3442 634 3512 item
660 3439 880 3511 hortulaniae
905 3462 974 3513 non
1002 3446 1093 3530 sunt,
1119 3440 1203 3512 item
1229 3440 1407 3532 praedium
1434 3461 1505 3512 non
1531 3446 1585 3512 est
1610 3442 1660 3513 ibi
1689 3441 1751 3513 ali·

207 3562 299 3654 quod
325 3563 468 3654 regium.
927 3631 930 3636 ,
1357 3540 1360 3548 ’
1634 3632 1642 3645 ,

188 3722 192 3729 -
309 3680 474 3770 Goarna
501 3681 585 3753 villa
611 3680 844 3771 parochialem
871 3681 1050 3754 ecelesiam
1076 3683 1207 3754 habens
1233 3681 1269 3752 in
1296 3681 1473 3770 assitam,
1500 3682 1598 3754 auius
1628 3682 1752 3754 haeres

206 3803 382 3875 lohannes
410 3802 652 3893 Shasszky,
679 3800 854 3877 desarmis
881 3800 1104 3892 Nalancz,
1131 3803 1168 3873 in
1195 3821 1264 3891 qua
1282 3807 1364 3873 sunt
1389 3801 1481 3872 lanei
1509 3802 1753 3892 emethonales,

205 3922 400 4027 da'thus
425 3922 652 4012 manipularis
678 3920 812 4005 dedara
829 3927 865 3992 et
883 3941 951 4012 per
969 3928 1119 4014 quatuor
1144 3922 1282 4013 ierugas
1311 3923 1486 4015 canapalis
1513 3923 1662 3996 solvitur
1679 3943 1754 3996 seo·

112 4129 119 4134 ⁴
205 4045 348 4117 lastriae
375 4043 675 4132 Sandomiriensi„
695 4049 732 4112 et
758 4042 888 4114 ducunt
923 4064 999 4115 eam
1035 4045 1233 4116 emethones
1269 4044 1305 4115 in
1331 4043 1497 4115 horreum
1523 4064 1544 4114 a
1570 4041 1752 4116 scolastioo

169 4169 171 4172 ’
205 4147 387 4238 locandum
414 4170 450 4236 et
475 4163 574 4236 valor
601 4165 674 4235 eius
702 4163 906 4235 aestimatur
931 4163 976 4235 ad
994 4163 1081 4235 duas
1108 4184 1305 4256 sexagenas,
1333 4162 1518 4255 aliquando
1542 4164 1588 4235 ad
1606 4169 1755 4256 quatuor
1879 4262 1885 4271 .

205 4282 349 4358 mareas.
376 4286 463 4358 Item
492 4286 657 4358 tabernae
684 4306 753 4357 non
780 4291 870 4374 sunt
897 4285 982 4356 item
1007 4285 1187 4376 praedium
1214 4289 1361 4357 nonest
1387 4282 1537 4376 aliquod,
1563 4286 1646 4358 item
1671 4286 1754 4358 hor·

94 4395 98 4401 ’
206 4407 367 4479 tulaniae.

309 4527 607 4616 Bnaruonzsra,
643 4526 726 4597 villa
752 4527 816 4599 sub
843 4527 1009 4616 parochia
1035 4525 1198 4599 ecelesiae
1223 4526 1267 4599 de
1294 4527 1509 4619 Lysszow
1536 4527 1621 4617 sita,
1657 4528 1754 4601 cuius

206 4646 616 4720 haeredesNiaolaus
643 4651 680 4718 et
706 4647 945 4720 lohannes
970 4647 1098 4720 iratres
1117 4649 1160 4721 de
1179 4649 1284 4720 armis
1310 4647 1516 4740 Dolywa‚
1543 4647 1755 4721 diatiDro=

110 4844 112 4849 ,
195 4760 335 4860 'both,
361 4769 397 4839 in
425 4789 493 4859 qua
519 4776 601 4839 sunt
628 4773 759 4858 septem
784 4769 877 4839 lanei
904 4769 1145 4861 amethonales‚
1172 4770 1254 4841 item
1282 4774 1431 4861 quatuor
1457 4770 1643 4859 tabernae,
1680 4769 1754 4842 sive

206 4889 425 4963 hortulaniae
459 4889 627 4961 habentes
654 4910 776 4980 agros,
804 4889 846 4962 de
874 4891 999 4980 quibus
1025 4891 1183 4964 omnihus
1211 4890 1344 4964 decima
1378 4890 1602 4981 manipularis
1629 4895 1665 4963 et
1690 4898 1758 4981 per'

208 5016 357 5101 quatuor
383 5011 521 5100 ierugas
549 5011 723 5102 canapalis
751 5011 898 5083 solvitur
925 5011 1126 5109 seolastriae
1152 5010 1433 5101 Sandomiriensi,
1460 5017 1496 5082 et
1522 5010 1653 5083 ducunt
1679 5031 1754 5083 eam

65 5168 74 5183 ·
207 5131 405 5205 emethones
440 5132 477 5202 in
503 5132 666 5203 horreum
693 5152 715 5202 a
741 5132 923 5203 scolastico
959 5131 1147 5204 locandum
1168 5138 1205 5203 et
1230 5130 1330 5205 valor
1365 5131 1440 5203 eius
1477 5131 1682 5204 aestimatur
1708 5133 1753 5204 ad

65 5236 78 5245 ’
173 5291 177 5297 ·
207 5257 340 5341 septem
375 5271 518 5324 mareas.
562 5252 651 5323 Item
687 5252 867 5341 praedium
903 5257 958 5323 est
984 5253 1033 5323 ibi
1069 5251 1207 5324 unicum
1233 5252 1404 5342 militare,
1439 5245 1483 5325 de
1511 5274 1578 5345 quo
1605 5252 1754 5326 soluitur

208 5371 341 5448 decima
366 5373 591 5466 manipularis
618 5372 782 5452 ecelesiae
809 5373 845 5450 ia
872 5373 1097 5475 Lysszow,
1124 5373 1207 5454 item
1224 5373 1391 5458 anemae
1416 5373 1487 5457 iam
1505 5379 1647 5451 notatae
1665 5380 1757 5453 suni.
