4050 6054
1677 497 1767 603 115·

200 695 380 787 hyemalia,
407 715 475 765 non
503 699 556 765 est
583 695 632 766 ibi
659 695 764 784 curia,
791 715 901 784 neque
928 696 1126 793 praedium,
1154 697 1214 767 sed
1242 700 1296 767 est
1323 698 1489 786 septimus
1516 700 1635 770 laneus
1662 722 1751 775 cme-

200 816 350 887 tbonalis
377 815 544 905 specialis,
572 815 615 886 de
642 838 709 905 qno
737 836 779 886 011
806 816 964 892 omnibus
992 817 1121 905 campis
1148 816 1251 887 datur
1278 816 1411 908 decima
1436 820 1658 909 manipularis
1687 842 1751 912 pro

201 935 398 1025 praebenda
423 935 540 1006 Sancti
567 936 747 1007 Benedicti
783 920 1026 1007 extramuros
1053 936 1429 1009 Gasimirienses.
1473 939 1521 1009 Et
1547 942 1754 1014 aestimatur.

186 1058 298 1128 ‘valor
316 1057 467 1127 decimae
480 1058 679 1146 praedictae
697 1056 914 1146 praebendae
928 1056 973 1128 W
983 1057 1331 1148 yanczkowska,
1349 1058 1485 1149 quando
1502 1062 1650 1151 percipit
1668 1064 1751 1153 hye-

201 1177 312 1265 malia,
339 1177 382 1246 ad
411 1182 558 1266 quatuor
583 1197 726 1265 marcas,
755 1176 890 1266 quando
917 1178 1215 1268 vero‘aestivalia,
1243 1179 1399 1250 adduas
1425 1199 1578 1270 marcas,
1614 1182 1749 1271 quando

199 1318 280 1367 vero
308 1317 398 1368 anno
425 1298 529 1368 tertio
559 1297 700 1366 minima
723 1318 804 1386 pars
832 1297 940 1385 cedit,
968 1298 1172 1370 aestimatur
1198 1299 1243 1369 ad
1269 1320 1371 1369 unam
1398 1318 1557 1370 marcam.

306 1419 392 1489 Item
419 1417 616 1508 praebenda
643 1416 798 1508 praefata
833 1418 985 1489 habebat
1019 1424 1132 1489 certas
1160 1419 1309 1490 decimas
1336 1420 1568 1512 manipulares
1595 1421 1630 1491 in
1657 1422 1749 1494 111110

201 1539 555 1609 Wilczkowicze
583 1543 618 1609 et
643 1538 967 1609 Lusczowicze
995 1542 1030 1609 et
1056 1538 1274 1610 Zakrzow
1301 1540 1365 1610 sub
1392 1540 1557 1628 parochia
1583 1541 1748 1613 ecclesiae

200 1660 242 1730 de
266 1659 511 1750 Wyanczsl
522 1680 583 1728 aw
594 1660 605 1729 i
616 1680 691 1728 cze
718 1658 997 1747 consistentibus,
1024 1658 1085 1729 sed
1103 1659 1260 1730 canonici
1278 1660 1412 1750 antiqui
1430 1659 1567 1750 (doctor
1584 1661 1700 1732 Borz
1709 1684 1748 1752 y-

201 1780 367 1850 mowsk
374 1782 410 1870 y)
438 1779 654 1869 praebendae
680 1776 855 1868 praefatae
882 1776 1040 1852 lecerunt
1066 1784 1281 1849 contractum
1308 1799 1384 1850 cum
1411 1779 1557 1869 plebano
1586 1779 1628 1850 de
1655 1780 1748 1872 Wy-

198 1899 517 1986 anczlawioze,
546 1898 673 1969 litteris
699 1903 736 1968 et
762 1897 987 1987 inscriptione
1005 1897 1187 1995 firmatum,
1214 1898 1305 1989 quod
1330 1920 1395 1999 pro
1413 1899 1609 1971 huiusmodi
1636 1902 1748 1972 tribus
1873 1910 1875 1914 ‘

199 2019 339 2089 decimis
366 2018 636 2108 manipularibus
673 2011 777 2088 solvit
803 2018 1005 2108 solvereque
1039 2018 1203 2090 astrictus
1240 2026 1293 2090 est
1319 2019 1536 2109 praebendae
1558 2019 1747 2109 praefatae

198 2139 297 2210 aunis
324 2138 469 2227 singulis
497 2158 559 2242 pro
587 2135 675 2208 testo
703 2136 820 2208 Sancti
846 2137 991 2208 Martini
1019 2138 1104 2209 duas
1132 2159 1208 2210 cum
1236 2138 1378 2210 dimidia
1403 2160 1545 2210 marcas.

302 2259 389 2329 Item
415 2257 612 2347 praebenda
638 2256 793 2347 praelata
811 2258 925 2343 ⁸habet
952 2259 1102 2349 quinque
1134 2258 1284 2330 decimas
1310 2259 1507 2349 pecuniales
1533 2261 1569 2330 in
1597 2261 1747 2351 quinque

199 2380 299 2468 villis,
326 2378 390 2450 sub
417 2377 584 2468 parochia
610 2378 773 2448 ecclesiae
800 2378 843 2450 de
871 2376 1006 2450 Gdow
1033 2379 1310 2468 consistentibus,
1337 2379 1499 2450 videlicet
1524 2380 1560 2473 in
1587 2379 1746 2454 811011-

198 2501 350 2571 czicze
377 2499 543 2569 maiori
570 2497 643 2568 sive
671 2499 930 2589 superiori,
957 2499 993 2569 in
1012 2519 1080 2591 qua
1094 2480 1178 2585 'sunt
1195 2498 1376 2571 duodecim
1394 2500 1484 2570 lanei
1503 2500 1745 2590 cmetbonales,

197 2627 232 2691 et
258 2621 404 2710 quilibet
430 2620 548 2689 laneus
576 2622 715 2689 tenetur
741 2640 804 2709 pro
832 2619 964 2709 decima
982 2618 1116 2690 solvere
1135 2619 1314 2700 duodecim
1332 2640 1472 2709 grossos
1499 2639 1555 2725 rqo
1660 2641 1747 2692 ma·

196 2743 280 2812 ioris
308 2741 454 2828 usualis,
490 2739 586 2810 cuius
614 2739 718 2810 villae
745 2740 912 2811 haeredes
938 2739 1102 2812 Nicolaus
1130 2739 1340 2811 Skarbek
1377 2739 1420 2810 (10
1447 2623 1746 2850 (1011οᾮ11110-
1776 2777 1785 2795 =

195 2884 294 2933 num
321 2863 357 2932 in
383 2860 510 2932 minori
536 2858 850 2953 Srzancrffize,
878 2860 960 2931 item
978 2861 1012 2930 in
1032 2860 1376 2952 villaPodolany‚
1402 2861 1438 2930 in
1466 2880 1535 2950 qua
1561 2880 1624 2955 sen
1644 2861 1745 2951 lanei,

196 2984 293 3053 cuius
318 2983 486 3054 haeredes
514 2979 723 3052 Skarbelr
750 2981 1042 3072 Burzynsky,
1068 2983 1151 3053 item
1178 2982 1324 3053 invilla
1350 2980 1489 3052 Stara
1514 2979 1682 3072 Wolya,
1710 2982 1745 3052 in

197 3124 265 3194 qua
289 3108 361 3175 tres
388 3103 488 3190 lanei,
517 3103 613 3173 cuius
630 3102 755 3173 haeres
781 3101 990 3174 Skarbek
1017 3104 1060 3175 de
1080 3103 1180 3174 domo
1200 3099 1481 3190 Grifionum,
1508 3102 1589 3171 item
1609 3102 1746 3172 invilla

193 3224 254 3296 Za
262 3246 474 3317 gorzany,
502 3225 537 3295 in
565 3244 634 3313 qua
660 3222 840 3296 duodecim
866 3224 967 3313 lanei,
995 3245 1112 3294 omnes
1129 3223 1297 3295 haeredes
1315 3226 1351 3292 et
1368 3222 1510 3312 nobileS,
1537 3223 1647 3292 maior
1665 3243 1745 3313 pars

196 3346 239 3415 de
266 3346 367 3417 domo
395 3343 669 3417 Grifionum.
699 3343 826 3415 Omnes
854 3345 942 3415 istae
969 3345 1120 3435 quinque
1138 3343 1241 3416 villae
1261 3331 1400 3415 solvunt
1426 3346 1502 3413 octo
1529 3363 1662 3412 marcas
1680 3363 1744 3432 pro

196 3465 337 3554 decima,
364 3466 510 3556 quilibet
536 3465 661 3538 nobilis
689 3471 725 3536 01
750 3465 885 3535 cmetho
913 3485 977 3554 pro
996 3471 1076 3536 rata
1102 3485 1174 3535 sua.
1314 3444 1323 3458 ’

299 3587 386 3657 Item
412 3586 448 3657 111
476 3587 559 3657 villa
584 3586 884 3676 Zaleszyany,
913 3585 948 3655 111
977 3562 1055 3675 011οξ
1070 3591 1143 3656 tres
1170 3584 1279 3672 lanei,
1316 3583 1413 3654 cuius
1439 3583 1563 3653 haeres
1589 3583 1742 3654 loannes

78 3760 83 3772 1
195 3706 587 3799 Nyewyarowsky,
614 3706 739 3777 nobilis
767 3705 809 3776 de
828 3705 929 3777 domo
947 3696 1200 3793 Polulroza,
1227 3703 1269 3774 de
1289 3703 1412 3793 quibus
1431 3702 1590 3773 omnibus
1612 3702 1746 3773 decima

195 3829 341 3901 solvitur
367 3828 410 3899 de
436 3827 536 3898 laneo
572 3847 634 3917 per
662 3824 841 3897 duodecim
866 3846 1016 3916 grossos.
1053 3824 1195 3895 Nobiles
1223 3829 1347 3912 autem,
1375 3822 1434 3912 qui
1461 3823 1496 3892 in
1523 3821 1625 3892 dictis
1653 3822 1744 3893 villis

195 3950 371 4039 habitant,
407 3948 545 4020 solvunt
571 3946 737 4019 decimam
764 3946 1011 4038 manipularem
1047 3944 1090 4016 de
1116 3945 1210 4035 agris
1238 3945 1309 4014 suis
1335 3941 1571 4040 praedialibus
1598 3942 1744 4033 plebano

198 4077 233 4142 et
259 4070 423 4141 ecclesiae
449 4070 486 4140 in
514 4066 658 4141 Gdom

299 4193 386 4264 Item
412 4190 609 4281 praebenda
635 4189 790 4280 praelata
824 4189 930 4261 babet
957 4188 1119 4259 vicariam
1146 4193 1350 4277 perpetuam
1381 4186 1416 4257 in
1430 4185 1590 4257 ecclesia
1616 4183 1742 4258 Gracu-

194 4313 314 4403 viensi,
340 4313 438 4385 cuius
465 4313 540 4404 ipse
567 4313 750 4383 canonieus
776 4312 899 4384 unicus
926 4314 979 4382 est
996 4315 1174 4400 patronus
1202 4330 1303 4400 quam
1322 4329 1413 4380 nunc
1429 4311 1526 4379 tenet
1552 4306 1743 4380 Stanislaus

195 4435 238 4507 de
264 4434 560 4525 Sczeglycze,
588 4455 676 4524 quae
703 4454 766 4524 pro
794 4433 974 4521 suadete,
1001 4431 1216 4522 proprietate
1249 4435 1352 4521 atque
1378 4429 1491 4518 titulo,
1518 4429 1624 4500 habet
1650 4429 1742 4499 deci-

193 4577 268 4630 mas
293 4555 525 4659 manipulares
552 4554 801 4645 infrascriptae
827 4553 876 4630 Et
902 4553 1013 4646 primo
1041 4553 1076 4624 in
1104 4551 1414 4642 Nycgowiecz,
1441 4551 1476 4620 in
1504 4571 1572 4639 qua
1598 4548 1743 4620 ecclesia

193 4633 413 4769 pssshialis,
440 4677 535 4747 cuius
562 4677 686 4748 haeres
704 4675 882 4748 lohannes
900 4672 934 4744 N
942 4673 1297 4765 yewyarowsky,
1325 4672 1451 4744 nobilis
1478 4669 1640 4741 dedomo
1668 4669 1742 4740 Po·
1811 4751 1813 4758 s
1884 4712 1887 4716 ι

193 4765 437 4883 lulrozafln
457 4817 525 4886 qua
543 4803 624 4868 sunt
651 4797 801 4887 quinque
826 4795 919 4866 lanei
937 4794 1179 4884 cmetbonales,
1208 4799 1356 4884 quatuor
1373 4791 1592 4864 hortulaniac
1618 4794 1654 4860 01
1671 4795 1744 4893 irps

35 4881 39 4898 ι
91 4929 96 4950 “
193 4921 359 4993 tabernae
387 4922 422 4989 01
448 4938 554 4988 unum
580 4917 821 5007 molendinum,
848 4917 1015 4988 habentes
1042 4921 1145 5006 agros
1164 4914 1340 5007 speciales,
1366 4913 1409 4984 de
1436 4911 1559 5003 quibus
1587 4910 1744 4981 omnibns

191 5042 339 5113 solvitur
366 5039 499 5111 decima
524 5039 749 5128 manipularis
784 5037 935 5110 vicariae
969 5036 1146 5127 praefatae
1182 5041 1218 5105 et
1254 4998 1394 5105 ducitur
1424 5033 1460 5102 in
1486 5032 1651 5102 horreum
1678 5051 1742 5120 pro
1818 5032 1820 5038 ’

191 5163 331 5252 vicario,
359 5167 394 5232 et
422 5160 561 5232 solvunt
579 5156 747 5231 decimam
766 5158 887 5249 canapi
905 5179 968 5249 per
987 5163 1135 5249 quatuor
1161 5156 1340 5226 iuncturas
1359 5159 1395 5225 et
1413 5151 1618 5224 aestimatur
1644 5150 1743 5222 valor

192 5285 266 5356 eius
294 5283 338 5354 ad
365 5288 442 5354 octo
469 5302 612 5370 marcas,
639 5301 708 5352 non
735 5286 790 5352 est
815 5280 865 5352 ibi
892 5279 988 5351 curia
1014 5296 1125 5368 neque
1151 5273 1340 5365 praedium.

204 5392 208 5399 ⁸
295 5403 516 5481 11001010(
551 5402 697 5476 alteram
724 5401 892 5474 decimam
926 5397 1178 5490 manipularem
1212 5395 1248 5468 111
1275 5395 1358 5468 uilla
1384 5394 1417 5466 N
1427 5415 1650 5489 yewarou
1678 5393 1741 5467 sub
1871 5417 1873 5423 '
