4050 6054
247 523 319 600 538

243 757 311 826 qua
355 739 435 805 suat
470 739 602 824 septem
638 729 729 805 lanei
774 728 1026 824 cmethonales,
1068 754 1212 825 quorum
1254 731 1399 826 quilibet
1441 731 1545 808 solvit
1581 752 1645 826 pro
1692 750 1803 810 ocnsu

241 877 355 928 annuo
382 855 531 927 sedecim
557 859 706 944 scottos,
741 855 825 925 item
852 861 1002 944 quatuor
1027 855 1155 944 gallos,
1182 857 1266 926 item
1302 856 1450 946 triginta
1477 877 1560 945 ova3
1596 857 1681 928 item
1707 856 1801 928 duas

240 997 420 1049 mensuras
447 994 577 1046 avenae
605 974 793 1062 confertas;
829 975 912 1045 item
940 973 1085 1064 quilibet
1121 977 1256 1046 emetha
1283 981 1423 1046 tenetur
1449 976 1492 1047 de
1519 977 1619 1047 laneo
1647 974 1801 1067 singulis
1862 968 1866 973 ’

244 1096 445 1188 septimanis
481 1093 568 1165 duos
595 1094 669 1165 dies
705 1094 741 1164 in
768 1116 858 1166 anno
885 1095 1026 1184 proprio
1063 1116 1167 1167 curru
1194 1101 1255 1167 aut
1282 1103 1401 1168 aratro
1429 1097 1607 1186 laborare,
1635 1103 1800 1189 tempore

241 1219 403 1289 messium
422 1220 582 1304 excepto,
610 1235 677 1304 quo
696 1215 864 1304 instante,
891 1221 1029 1286 tenetur
1048 1216 1193 1305 quilibet
1218 1216 1260 1287 de
1278 1217 1377 1288 laneo
1397 1221 1547 1307 quatuor
1565 1217 1638 1289 dies
1657 1217 1798 1289 duabus

244 1337 388 1409 falcibus
414 1342 545 1406 metere
573 1340 609 1404 et
626 1334 805 1422 laborare;
836 1335 920 1404 item
947 1356 1065 1407 omncs
1084 1336 1281 1407 cmethones
1308 1337 1410 1407 villae
1429 1336 1606 1426 praefatae
1626 1343 1662 1408 et
1679 1337 1800 1428 inqui-

243 1458 305 1528 lini
331 1462 495 1527 teacntur
521 1474 626 1523 unum
653 1453 743 1524 diem
762 1453 798 1523 in
815 1452 995 1524 frumentis
1014 1455 1228 1544 hyemalibus
1246 1456 1496 1547 praedialibus,
1524 1462 1559 1527 et
1577 1457 1683 1527 allum
1702 1456 1800 1527 diem

242 1579 279 1648 ia
304 1576 486 1647 frumentis
522 1573 746 1645 aestivalibus
776 1574 871 1644 ultra
907 1573 981 1644 dics
1017 1575 1052 1644 in
1079 1576 1272 1664 septimana
1300 1576 1451 1666 debitos,
1479 1577 1625 1666 quilibet
1650 1576 1802 1668 propria

240 1697 329 1768 falce
356 1702 486 1766 metere
513 1699 549 1764 et
574 1693 744 1783 laborare,
772 1693 832 1783 qui
857 1693 958 1765 labor
984 1701 1130 1765 vocatur
1155 1691 1284 1788 capella
1299 1695 1457 1789 pomula.
1500 1696 1587 1767 Item
1614 1718 1683 1768 non
1711 1703 1800 1769 suat

242 1819 277 1887 in
305 1818 425 1888 eadem
452 1815 535 1886 villa
560 1815 743 1903 babemus,
779 1834 889 1903 aeque
924 1814 1156 1903 hortulaniae,
1191 1821 1334 1904 possent
1364 1822 1480 1887 tamen
1508 1838 1602 1907 esse,
1640 1817 1670 1888 si
1697 1817 1801 1889 loca-

242 1943 380 2026 rentur,
408 1939 444 2005 et
461 1936 491 2005 si
508 1933 592 2004 villa
617 1933 793 2023 praefata,
821 1953 909 2023 quae
936 1954 1026 2004 nunc
1053 1933 1192 2004 deserta
1218 1941 1289 2024 est,
1316 1936 1506 2025 locaretur3
1533 1938 1617 2008 item
1642 1937 1680 2008 in
1706 1936 1799 2010 villa

241 2056 397 2147 praefata
424 2076 493 2126 aon
520 2059 574 2125 est
597 2052 736 2142 aliquod
764 2053 961 2143 praedium,
988 2075 1099 2143 neque
1122 2055 1219 2124 curia
1244 2057 1443 2145 praepositi.
1483 2056 1574 2127 Item
1592 2058 1800 2130 emethones

241 2183 277 2247 et
295 2196 413 2248 omncs
440 2174 573 2245 incolae
600 2174 701 2244 villae
728 2173 904 2262 praefatae
931 2173 1070 2245 solvunt
1097 2174 1264 2245 decimam
1291 2177 1539 2265 manipularem
1566 2184 1602 2249 et
1620 2198 1683 2267 per
1705 2199 1800 2268 qua·

241 2303 322 2366 tuor
348 2296 488 2383 lerugas
514 2292 715 2382 canapalem
750 2294 948 2383 praeposito
980 2292 1017 2363 S.
1052 2292 1253 2384 Michaelis,
1290 2301 1326 2365 et
1362 2295 1492 2366 ducunt
1525 2317 1602 2368 eam
1638 2298 1800 2389 propriis

240 2417 398 2487 curribus
434 2415 469 2483 in
504 2415 667 2485 horreum
703 2433 725 2483 a
756 2414 954 2502 praeposito
990 2413 1171 2484 locandum
1207 2419 1243 2485 et
1269 2415 1367 2486 valor
1405 2417 1478 2487 eius
1514 2417 1720 2488 aestimatur
1749 2417 1799 2489 ad

240 2542 372 2625 septem
408 2553 551 2603 marcas.
591 2532 679 2603 Item
714 2531 798 2602 villa
832 2532 990 2621 praefata
1024 2533 1175 2604 confinat
1201 2554 1278 2603 cum
1304 2535 1396 2605 villis
1424 2535 1563 2626 Thur,
1589 2535 1799 2609 Wroczi·

240 2656 379 2743 rzisz,
405 2652 806 2743 Nyegoslavicze,
832 2649 1236 2742 Oppathkowicze.

343 2770 606 2842 Praetorium
638 2768 920 2844 Cracoviense.
964 2772 1052 2843 Item
1078 2774 1321 2863 praepositura
1357 2773 1515 2863 praefata
1551 2773 1584 2845 S.
1605 2774 1797 2850 mrcbaelis

243 2892 350 2964 habet
367 2891 563 2980 habereque
583 2891 761 2962 consvevit
778 2889 820 2961 de
838 2891 913 2962 iure
932 2891 1150 2981 privilegiato
1169 2898 1205 2963 et
1223 2892 1468 2964 consvetudinc
1486 2895 1720 2986 praescripta,
1748 2896 1798 2969 de

239 3012 420 3082 Praetorio
447 3009 668 3082 Cracovieasi
695 3009 737 3081 de
764 3030 868 3082 censu
894 3032 1000 3102 puro,
1028 3012 1144 3083 stabili
1172 3018 1208 3083 et
1234 3012 1448 3104 indubitato,
1476 3015 1627 3104 quiaque
1651 3035 1796 3089 marcas

238 3133 404 3222 pecuniae
421 3131 551 3202 usuaIIs
570 3130 671 3201 annis
688 3130 848 3221 singulis3
865 3131 1016 3202 habebat
1034 3133 1123 3202 enim
1142 3132 1385 3222 praepositura
1402 3133 1559 3223 praefata
1576 3135 1796 3224 aprimaeva

239 3254 292 3323 sui
308 3252 510 3324 fundatione
529 3251 596 3322 duo
615 3251 757 3321 macella
775 3256 810 3321 et
827 3256 899 3323 tres
918 3272 1035 3342 areas,
1059 3258 1095 3323 et
1114 3273 1253 3324 censum
1272 3255 1498 3325 communiter
1516 3232 1559 3325 de
1576 3256 1734 3328 tabernis
1752 3258 1794 3329 in

237 3374 378 3444 civitate
402 3372 641 3463 Cracovieasi,
669 3371 857 3461 dequibus
880 3373 1038 3444 omnibus
1068 3363 1291 3445 solvebantur
1313 3374 1463 3465 quinque
1484 3394 1620 3448 marcae
1641 3378 1795 3466 argenti.

238 3492 389 3565 civitate
411 3499 528 3563 autem
550 3490 770 3564 Cracoviensi
793 3491 829 3561 ia
852 3493 905 3563 ius
927 3494 1162 3564 theutonicum
1182 3495 1310 3583 locata,
1343 3514 1465 3565 census
1479 3495 1553 3585 ipse
1576 3495 1621 3567 ad
1635 3495 1792 3587 quiaque

235 3634 370 3684 marcas
397 3632 607 3700 communes,
640 3610 683 3682 de
706 3613 880 3700 praetorio
912 3610 1132 3684 Cracoviensi
1163 3615 1424 3703 praepositurae
1453 3613 1564 3684 eidem
1591 3615 1791 3707 solvendas,

237 3734 419 3804 restrictus
438 3739 509 3821 est,
528 3732 570 3801 de
589 3752 656 3820 quo
674 3732 781 3802 habet
799 3732 943 3802 ecelesia
962 3731 994 3802 S.
1008 3732 1191 3803 Michaelis
1209 3733 1427 3823 privilegium
1447 3733 1599 3805 Boleslai
1617 3733 1790 3807 Pudici

234 3852 472 3924 Cracoviensis
499 3858 535 3922 et
553 3850 841 3921 Sandomiriensis
859 3849 974 3940 ducis,
1002 3851 1194 3923 confectum
1214 3851 1257 3922 A.
1274 3852 1316 3923 D.
1336 3854 1434 3924 1264
1454 3860 1554 3924 sexta
1580 3853 1658 3926 idus
1684 3852 1785 3926 Maii.

338 3971 426 4042 Item
452 3971 694 4060 praepositura
729 3969 885 4058 praefata
911 3969 943 4041 S.
970 3969 1152 4042 MIchaelis
1187 3971 1356 4043 hebetia
1383 3973 1525 4044 civitate
1561 3970 1788 4047 cracoviensi

234 4096 272 4162 et
296 4092 333 4161 ia
358 4091 475 4181 platea
500 4090 664 4179 hospitali
690 4109 806 4159 aream
833 4089 978 4160 liberam
1004 4097 1040 4161 et
1066 4090 1208 4180 bonam,
1236 4092 1322 4162 nulli
1349 4094 1528 4182 servituti,
1556 4093 1694 4183 censui,
1720 4100 1787 4166 aut

233 4211 366 4283 tributo
394 4211 586 4299 obnoxiam,
613 4210 648 4280 in
672 4230 740 4298 qua
757 4216 876 4298 posset
902 4209 1077 4280 aedificari
1104 4217 1165 4282 aut
1183 4214 1314 4283 murari
1340 4211 1480 4303 domna,
1507 4212 1550 4284 de
1569 4233 1638 4304 qua
1662 4220 1786 4305 posset

234 4351 355 4402 census
382 4330 506 4420 aliquis
532 4349 596 4418 pro
623 4329 866 4419 praepositura
891 4328 923 4398 S.
951 4328 1133 4400 Michaelis
1159 4332 1352 4420 provenire.

335 4451 425 4521 Item
439 4450 657 4539 praepositus
674 4447 708 4519 S.
721 4447 903 4519 MIchaelis
916 4447 1092 4538 praefatus
1106 4456 1246 4521 tenetur
1259 4472 1302 4521 ex
1316 4451 1432 4522 debito
1450 4450 1675 4543 fundationis,
1693 4452 1784 4526 iuris

233 4577 269 4641 et
286 4570 543 4642 consvctudinis
562 4588 749 4658 procurare
768 4573 804 4638 et
821 4568 1019 4659 providere,
1036 4573 1076 4640 ut
1089 4571 1233 4660 singulis
1252 4570 1372 4642 diebus
1390 4592 1453 4660 per
1470 4576 1581 4642 totum
1600 4572 1793 4644 circuitum*

232 4691 313 4761 anai
331 4690 366 4760 ia
385 4689 530 4760 ecclesia
555 4686 589 4758 S.
606 4686 787 4758 Michaelis
805 4687 980 4778 praefata,
1008 4694 1168 4760 cantetur
1184 4691 1289 4762 missa
1307 4711 1390 4761 voce
1417 4711 1544 4762 sonora
1562 4690 1604 4762 de
1621 4696 1783 4785 tempore

231 4808 325 4880 etde
339 4809 590 4897 sanctis,iuata
604 4808 844 4898 condItionem,
859 4829 995 4879 cursum
1009 4814 1045 4879 et
1055 4809 1343 4898 qualificationem
1356 4810 1515 4881 rubricae
1529 4800 1782 4885 CracovIensis.

231 4927 342 5000 Solvit
360 4929 478 5018 itaque
506 4932 542 4998 et
559 4927 693 4999 solvere
712 4928 890 4998 consvevit
911 4929 1130 5017 praepositus
1157 4928 1190 4999 S.
1208 4928 1389 5000 Michaelis
1406 4950 1471 5019 pro
1489 4936 1645 5021 tempore
1668 4932 1784 5025 magi-

232 5053 305 5120 stro
333 5048 446 5121 scolae
473 5047 640 5119 ecclcsiae
657 5045 897 5118 cracoviensis
924 5048 1088 5118 solarium
1115 5054 1151 5119 et
1169 5067 1308 5119 censum
1334 5069 1487 5120 annuum
1512 5049 1663 5140 quinque
1682 5050 1783 5122 vide-

230 5167 313 5238 licet
339 5188 482 5256 marcas,
510 5167 568 5256 qui
596 5167 748 5239 scolares
776 5166 908 5255 aliquot
934 5166 970 5236 in
988 5173 1093 5238 cantu
1118 5168 1250 5257 peritos
1278 5167 1322 5239 ad
1340 5168 1519 5240 eeclesiam
1545 5167 1579 5239 S.
1596 5168 1782 5243 Michaeds

231 5286 376 5377 singulis
403 5286 524 5358 diebus
550 5286 660 5359 mittit
686 5286 730 5357 ad
757 5285 962 5376 explendum
989 5292 1128 5358 cantum
1153 5287 1279 5358 nissae
1305 5286 1493 5377 praefatae.

335 5405 422 5481 Item
441 5404 619 5499 praefatus
644 5407 865 5497 praepositus
891 5405 924 5477 S.
945 5404 1127 5478 Michaelis
1153 5413 1251 5478 tenet
1272 5413 1459 5499 tenereque
1486 5406 1661 5499 obligatur
1686 5408 1784 5485 circa
