<?xml version="1.0" encoding="UTF-8"?>
<!DOCTYPE html PUBLIC "-//W3C//DTD XHTML 1.0 Transitional//EN"
    "http://www.w3.org/TR/xhtml1/DTD/xhtml1-transitional.dtd">
<html xmlns="http://www.w3.org/1999/xhtml" xml:lang="en" lang="en">
 <head>
  <title>
</title>
<meta http-equiv="Content-Type" content="text/html;charset=utf-8" />
  <meta name='ocr-system' content='tesseract 3.04.00' />
  <meta name='ocr-capabilities' content='ocr_page ocr_carea ocr_par ocr_line ocrx_word'/>
</head>
<body>
  <div class='ocr_page' id='page_1' title='image "./joannisdugoszse00dugoog_0431.png"; bbox 0 0 4050 6054; ppageno 0'>
   <div class='ocr_carea' id='block_1_1' title="bbox 234 552 389 624">
    <p class='ocr_par' dir='ltr' id='par_1_1' title="bbox 234 552 389 624">
     <span class='ocr_line' id='line_1_1' title="bbox 234 552 389 624; baseline -0.006 0"><span class='ocrx_word' id='word_1_1' title='bbox 234 552 307 624; x_wconf 78' lang='lat'>402</span> <span class='ocrx_word' id='word_1_2' title='bbox 383 592 389 607; x_wconf 75' lang='lat'><em>·</em></span> 
     </span>
    </p>
   </div>
   <div class='ocr_carea' id='block_1_2' title="bbox 230 754 1783 2908">
    <p class='ocr_par' dir='ltr' id='par_1_2' title="bbox 230 754 1782 2059">
     <span class='ocr_line' id='line_1_2' title="bbox 335 754 1780 846; baseline -0.001 -19"><span class='ocrx_word' id='word_1_3' title='bbox 335 758 466 828; x_wconf 90' lang='lat' dir='ltr'>Domus</span> <span class='ocrx_word' id='word_1_4' title='bbox 492 756 607 846; x_wconf 82' lang='lat' dir='ltr'>lignea</span> <span class='ocrx_word' id='word_1_5' title='bbox 634 762 670 827; x_wconf 92' lang='lat' dir='ltr'>et</span> <span class='ocrx_word' id='word_1_6' title='bbox 696 777 778 827; x_wconf 90' lang='lat' dir='ltr'>area</span> <span class='ocrx_word' id='word_1_7' title='bbox 804 757 839 826; x_wconf 91' lang='lat' dir='ltr'>in</span> <span class='ocrx_word' id='word_1_8' title='bbox 868 757 983 845; x_wconf 81' lang='lat' dir='ltr'>platea</span> <span class='ocrx_word' id='word_1_9' title='bbox 1009 756 1042 825; x_wconf 86' lang='lat' dir='ltr'>S.</span> <span class='ocrx_word' id='word_1_10' title='bbox 1069 755 1205 826; x_wconf 87' lang='lat' dir='ltr'>Mariae</span> <span class='ocrx_word' id='word_1_11' title='bbox 1228 754 1457 845; x_wconf 79' lang='lat' dir='ltr'>Magdalenae</span> <span class='ocrx_word' id='word_1_12' title='bbox 1484 757 1520 826; x_wconf 93' lang='lat' dir='ltr'>in</span> <span class='ocrx_word' id='word_1_13' title='bbox 1547 755 1675 846; x_wconf 93' lang='lat' dir='ltr'>oppido</span> <span class='ocrx_word' id='word_1_14' title='bbox 1694 754 1780 826; x_wconf 83' lang='lat' dir='ltr'>San·</span> 
     </span>
     <span class='ocr_line' id='line_1_3' title="bbox 232 876 1780 969; baseline 0 -20"><span class='ocrx_word' id='word_1_15' title='bbox 232 878 431 950; x_wconf 91' lang='lat' dir='ltr'>domiriensi</span> <span class='ocrx_word' id='word_1_16' title='bbox 458 879 544 966; x_wconf 90' lang='lat' dir='ltr'>sita,</span> <span class='ocrx_word' id='word_1_17' title='bbox 581 897 682 969; x_wconf 89' lang='lat' dir='ltr'>qnam</span> <span class='ocrx_word' id='word_1_18' title='bbox 710 876 888 949; x_wconf 89' lang='lat' dir='ltr'>Johannes</span> <span class='ocrx_word' id='word_1_19' title='bbox 915 877 1059 949; x_wconf 81' lang='lat' dir='ltr'>Albus</span> <span class='ocrx_word' id='word_1_20' title='bbox 1095 878 1280 948; x_wconf 88' lang='lat' dir='ltr'>canonicus</span> <span class='ocrx_word' id='word_1_21' title='bbox 1307 876 1595 948; x_wconf 87' lang='lat' dir='ltr'>Sandomiriensis</span> <span class='ocrx_word' id='word_1_22' title='bbox 1631 877 1716 949; x_wconf 79' lang='lat' dir='ltr'>cinit</span> <span class='ocrx_word' id='word_1_23' title='bbox 1742 884 1780 949; x_wconf 93' lang='lat' dir='ltr'>et</span> 
     </span>
     <span class='ocr_line' id='line_1_4' title="bbox 231 997 1778 1089; baseline -0.001 -19"><span class='ocrx_word' id='word_1_24' title='bbox 231 998 445 1088; x_wconf 89' lang='lat' dir='ltr'>aedificavit,</span> <span class='ocrx_word' id='word_1_25' title='bbox 482 1006 518 1069; x_wconf 92' lang='lat' dir='ltr'>et</span> <span class='ocrx_word' id='word_1_26' title='bbox 544 999 799 1070; x_wconf 83' lang='lat' dir='ltr'>successoribus</span> <span class='ocrx_word' id='word_1_27' title='bbox 826 999 898 1070; x_wconf 89' lang='lat' dir='ltr'>suis</span> <span class='ocrx_word' id='word_1_28' title='bbox 926 998 1158 1089; x_wconf 89' lang='lat' dir='ltr'>praebendam</span> <span class='ocrx_word' id='word_1_29' title='bbox 1194 1019 1290 1070; x_wconf 89' lang='lat' dir='ltr'>suam</span> <span class='ocrx_word' id='word_1_30' title='bbox 1318 997 1651 1087; x_wconf 87' lang='lat' dir='ltr'>Sandomiriensem,</span> <span class='ocrx_word' id='word_1_31' title='bbox 1689 1019 1778 1089; x_wconf 88' lang='lat' dir='ltr'>quae</span> 
     </span>
     <span class='ocr_line' id='line_1_5' title="bbox 231 1119 1779 1210; baseline -0.001 -19"><span class='ocrx_word' id='word_1_32' title='bbox 231 1120 505 1191; x_wconf 88' lang='lat' dir='ltr'>Kobierniczska</span> <span class='ocrx_word' id='word_1_33' title='bbox 531 1119 666 1208; x_wconf 91' lang='lat' dir='ltr'>dicitnr,</span> <span class='ocrx_word' id='word_1_34' title='bbox 694 1120 946 1210; x_wconf 63' lang='lat' dir='ltr'>obtinentibus</span> <span class='ocrx_word' id='word_1_35' title='bbox 974 1120 1009 1190; x_wconf 95' lang='lat' dir='ltr'>in</span> <span class='ocrx_word' id='word_1_36' title='bbox 1036 1119 1286 1209; x_wconf 82' lang='lat' dir='ltr'>proprietatem</span> <span class='ocrx_word' id='word_1_37' title='bbox 1313 1125 1350 1190; x_wconf 92' lang='lat' dir='ltr'>et</span> <span class='ocrx_word' id='word_1_38' title='bbox 1375 1120 1627 1190; x_wconf 78' lang='lat' dir='ltr'>successionem</span> <span class='ocrx_word' id='word_1_39' title='bbox 1655 1140 1779 1210; x_wconf 90' lang='lat' dir='ltr'>perpe·</span> 
     </span>
     <span class='ocr_line' id='line_1_6' title="bbox 230 1239 1778 1331; baseline 0.001 -19"><span class='ocrx_word' id='word_1_40' title='bbox 230 1248 335 1331; x_wconf 89' lang='lat' dir='ltr'>tuam,</span> <span class='ocrx_word' id='word_1_41' title='bbox 362 1261 426 1331; x_wconf 90' lang='lat' dir='ltr'>pro</span> <span class='ocrx_word' id='word_1_42' title='bbox 453 1241 669 1311; x_wconf 82' lang='lat' dir='ltr'>habitatione</span> <span class='ocrx_word' id='word_1_43' title='bbox 696 1241 880 1315; x_wconf 91' lang='lat' dir='ltr'>cuiuslibet</span> <span class='ocrx_word' id='word_1_44' title='bbox 906 1241 1061 1312; x_wconf 89' lang='lat' dir='ltr'>canonici</span> <span class='ocrx_word' id='word_1_45' title='bbox 1088 1240 1242 1312; x_wconf 87' lang='lat' dir='ltr'>eiusdem</span> <span class='ocrx_word' id='word_1_46' title='bbox 1269 1239 1487 1329; x_wconf 85' lang='lat' dir='ltr'>praebendae</span> <span class='ocrx_word' id='word_1_47' title='bbox 1514 1241 1674 1331; x_wconf 91' lang='lat' dir='ltr'>reliqnit;</span> <span class='ocrx_word' id='word_1_48' title='bbox 1714 1243 1778 1313; x_wconf 90' lang='lat' dir='ltr'>sub</span> 
     </span>
     <span class='ocr_line' id='line_1_7' title="bbox 231 1360 1780 1451; baseline 0.001 -20"><span class='ocrx_word' id='word_1_49' title='bbox 231 1380 345 1432; x_wconf 88' lang='lat' dir='ltr'>annua</span> <span class='ocrx_word' id='word_1_50' title='bbox 371 1367 486 1431; x_wconf 76' lang='lat' dir='ltr'>taumn</span> <span class='ocrx_word' id='word_1_51' title='bbox 514 1360 679 1450; x_wconf 90' lang='lat' dir='ltr'>pensione</span> <span class='ocrx_word' id='word_1_52' title='bbox 715 1361 817 1431; x_wconf 87' lang='lat' dir='ltr'>unius</span> <span class='ocrx_word' id='word_1_53' title='bbox 853 1382 1045 1451; x_wconf 77' lang='lat' dir='ltr'>sexagenas</span> <span class='ocrx_word' id='word_1_54' title='bbox 1079 1361 1301 1432; x_wconf 86' lang='lat' dir='ltr'>universitati</span> <span class='ocrx_word' id='word_1_55' title='bbox 1328 1360 1537 1432; x_wconf 89' lang='lat' dir='ltr'>vicariorum</span> <span class='ocrx_word' id='word_1_56' title='bbox 1565 1360 1780 1434; x_wconf 86' lang='lat' dir='ltr'>Sandomiri-</span> 
     </span>
     <span class='ocr_line' id='line_1_8' title="bbox 232 1481 1779 1573; baseline 0.001 -21"><span class='ocrx_word' id='word_1_57' title='bbox 232 1485 365 1552; x_wconf 91' lang='lat' dir='ltr'>ensium</span> <span class='ocrx_word' id='word_1_58' title='bbox 392 1481 544 1571; x_wconf 88' lang='lat' dir='ltr'>dandae,</span> <span class='ocrx_word' id='word_1_59' title='bbox 580 1481 754 1572; x_wconf 87' lang='lat' dir='ltr'>adquam</span> <span class='ocrx_word' id='word_1_60' title='bbox 781 1483 980 1553; x_wconf 90' lang='lat' dir='ltr'>solvendam</span> <span class='ocrx_word' id='word_1_61' title='bbox 1017 1482 1204 1572; x_wconf 89' lang='lat' dir='ltr'>quemlibet</span> <span class='ocrx_word' id='word_1_62' title='bbox 1229 1483 1431 1554; x_wconf 88' lang='lat' dir='ltr'>canonicum</span> <span class='ocrx_word' id='word_1_63' title='bbox 1462 1482 1681 1573; x_wconf 86' lang='lat' dir='ltr'>praebendae</span> <span class='ocrx_word' id='word_1_64' title='bbox 1707 1481 1779 1554; x_wconf 89' lang='lat' dir='ltr'>Ko-</span> 
     </span>
     <span class='ocr_line' id='line_1_9' title="bbox 230 1601 1780 1693; baseline 0 -19"><span class='ocrx_word' id='word_1_65' title='bbox 230 1603 470 1693; x_wconf 88' lang='lat' dir='ltr'>bierniczskey</span> <span class='ocrx_word' id='word_1_66' title='bbox 496 1603 674 1692; x_wconf 79' lang='lat' dir='ltr'>obligavit3</span> <span class='ocrx_word' id='word_1_67' title='bbox 701 1604 837 1675; x_wconf 92' lang='lat' dir='ltr'>ratione</span> <span class='ocrx_word' id='word_1_68' title='bbox 864 1605 962 1675; x_wconf 92' lang='lat' dir='ltr'>cuius</span> <span class='ocrx_word' id='word_1_69' title='bbox 988 1623 1189 1693; x_wconf 80' lang='lat' dir='ltr'>sexagenae,</span> <span class='ocrx_word' id='word_1_70' title='bbox 1216 1603 1322 1674; x_wconf 91' lang='lat' dir='ltr'>habet</span> <span class='ocrx_word' id='word_1_71' title='bbox 1349 1603 1439 1674; x_wconf 91' lang='lat' dir='ltr'>idem</span> <span class='ocrx_word' id='word_1_72' title='bbox 1458 1602 1611 1676; x_wconf 77' lang='lat' dir='ltr'>loannes</span> <span class='ocrx_word' id='word_1_73' title='bbox 1637 1601 1780 1675; x_wconf 83' lang='lat' dir='ltr'>Albus</span> 
     </span>
     <span class='ocr_line' id='line_1_10' title="bbox 231 1723 1780 1814; baseline 0 -19"><span class='ocrx_word' id='word_1_74' title='bbox 231 1723 324 1814; x_wconf 90' lang='lat' dir='ltr'>apud</span> <span class='ocrx_word' id='word_1_75' title='bbox 351 1724 498 1796; x_wconf 91' lang='lat' dir='ltr'>vicarios</span> <span class='ocrx_word' id='word_1_76' title='bbox 525 1723 820 1796; x_wconf 90' lang='lat' dir='ltr'>Sandomirienscs</span> <span class='ocrx_word' id='word_1_77' title='bbox 848 1729 1053 1814; x_wconf 90' lang='lat' dir='ltr'>perpetuum</span> <span class='ocrx_word' id='word_1_78' title='bbox 1080 1724 1365 1814; x_wconf 89' lang='lat' dir='ltr'>anniversarium,</span> <span class='ocrx_word' id='word_1_79' title='bbox 1392 1731 1428 1796; x_wconf 92' lang='lat' dir='ltr'>et</span> <span class='ocrx_word' id='word_1_80' title='bbox 1455 1731 1639 1796; x_wconf 86' lang='lat' dir='ltr'>cantantur</span> <span class='ocrx_word' id='word_1_81' title='bbox 1665 1725 1701 1796; x_wconf 92' lang='lat' dir='ltr'>in</span> <span class='ocrx_word' id='word_1_82' title='bbox 1724 1744 1780 1796; x_wconf 88' lang='lat' dir='ltr'>re-</span> 
     </span>
     <span class='ocr_line' id='line_1_11' title="bbox 232 1844 1782 1936; baseline 0.001 -21"><span class='ocrx_word' id='word_1_83' title='bbox 232 1844 380 1916; x_wconf 90' lang='lat' dir='ltr'>medium</span> <span class='ocrx_word' id='word_1_84' title='bbox 408 1844 542 1916; x_wconf 89' lang='lat' dir='ltr'>animae</span> <span class='ocrx_word' id='word_1_85' title='bbox 570 1866 653 1916; x_wconf 91' lang='lat' dir='ltr'>suae</span> <span class='ocrx_word' id='word_1_86' title='bbox 679 1846 917 1936; x_wconf 76' lang='lat' dir='ltr'>pervicacius,</span> <span class='ocrx_word' id='word_1_87' title='bbox 944 1846 1084 1936; x_wconf 83' lang='lat' dir='ltr'>vigiliae</span> <span class='ocrx_word' id='word_1_88' title='bbox 1111 1865 1234 1917; x_wconf 92' lang='lat' dir='ltr'>novem</span> <span class='ocrx_word' id='word_1_89' title='bbox 1260 1845 1448 1917; x_wconf 90' lang='lat' dir='ltr'>lectionum</span> <span class='ocrx_word' id='word_1_90' title='bbox 1466 1851 1502 1918; x_wconf 93' lang='lat' dir='ltr'>et</span> <span class='ocrx_word' id='word_1_91' title='bbox 1518 1846 1625 1919; x_wconf 88' lang='lat' dir='ltr'>missa</span> <span class='ocrx_word' id='word_1_92' title='bbox 1642 1844 1782 1918; x_wconf 85' lang='lat' dir='ltr'>deiunc-</span> 
     </span>
     <span class='ocr_line' id='line_1_12' title="bbox 234 1965 1086 2059; baseline 0.001 -23"><span class='ocrx_word' id='word_1_93' title='bbox 234 1973 358 2056; x_wconf 87' lang='lat' dir='ltr'>torum,</span> <span class='ocrx_word' id='word_1_94' title='bbox 384 1967 420 2037; x_wconf 94' lang='lat' dir='ltr'>in</span> <span class='ocrx_word' id='word_1_95' title='bbox 448 1965 660 2058; x_wconf 89' lang='lat' dir='ltr'>quibuslibet</span> <span class='ocrx_word' id='word_1_96' title='bbox 686 1972 836 2058; x_wconf 85' lang='lat' dir='ltr'>quotuor</span> <span class='ocrx_word' id='word_1_97' title='bbox 851 1968 1086 2059; x_wconf 85' lang='lat' dir='ltr'>temporibus.</span> 
     </span>
    </p>

    <p class='ocr_par' dir='ltr' id='par_1_3' title="bbox 232 2085 1783 2908">
     <span class='ocr_line' id='line_1_13' title="bbox 337 2085 1780 2181; baseline 0 -22"><span class='ocrx_word' id='word_1_98' title='bbox 337 2085 469 2159; x_wconf 88' lang='lat' dir='ltr'>Hortus</span> <span class='ocrx_word' id='word_1_99' title='bbox 497 2089 584 2159; x_wconf 90' lang='lat' dir='ltr'>situs</span> <span class='ocrx_word' id='word_1_100' title='bbox 610 2089 646 2159; x_wconf 93' lang='lat' dir='ltr'>in</span> <span class='ocrx_word' id='word_1_101' title='bbox 674 2088 781 2179; x_wconf 91' lang='lat' dir='ltr'>valle,</span> <span class='ocrx_word' id='word_1_102' title='bbox 807 2096 888 2181; x_wconf 90' lang='lat' dir='ltr'>post</span> <span class='ocrx_word' id='word_1_103' title='bbox 913 2095 1051 2180; x_wconf 89' lang='lat' dir='ltr'>portam</span> <span class='ocrx_word' id='word_1_104' title='bbox 1086 2088 1288 2159; x_wconf 88' lang='lat' dir='ltr'>monasterii</span> <span class='ocrx_word' id='word_1_105' title='bbox 1314 2086 1347 2159; x_wconf 89' lang='lat' dir='ltr'>S.</span> <span class='ocrx_word' id='word_1_106' title='bbox 1373 2088 1509 2160; x_wconf 88' lang='lat' dir='ltr'>Mariae</span> <span class='ocrx_word' id='word_1_107' title='bbox 1541 2088 1780 2179; x_wconf 83' lang='lat' dir='ltr'>Magdalenae,</span> 
     </span>
     <span class='ocr_line' id='line_1_14' title="bbox 232 2208 1780 2302; baseline 0.001 -22"><span class='ocrx_word' id='word_1_108' title='bbox 232 2214 368 2299; x_wconf 88' lang='lat' dir='ltr'>emptus</span> <span class='ocrx_word' id='word_1_109' title='bbox 395 2229 458 2298; x_wconf 91' lang='lat' dir='ltr'>per</span> <span class='ocrx_word' id='word_1_110' title='bbox 483 2209 748 2282; x_wconf 86' lang='lat' dir='ltr'>universitatem</span> <span class='ocrx_word' id='word_1_111' title='bbox 775 2210 981 2283; x_wconf 89' lang='lat' dir='ltr'>vicariorum</span> <span class='ocrx_word' id='word_1_112' title='bbox 1009 2231 1073 2300; x_wconf 94' lang='lat' dir='ltr'>pro</span> <span class='ocrx_word' id='word_1_113' title='bbox 1100 2210 1224 2302; x_wconf 85' lang='lat' dir='ltr'>viginti</span> <span class='ocrx_word' id='word_1_114' title='bbox 1251 2214 1329 2281; x_wconf 88' lang='lat' dir='ltr'>octo</span> <span class='ocrx_word' id='word_1_115' title='bbox 1355 2211 1500 2298; x_wconf 90' lang='lat' dir='ltr'>marcis,</span> <span class='ocrx_word' id='word_1_116' title='bbox 1539 2211 1687 2300; x_wconf 91' lang='lat' dir='ltr'>pecunia</span> <span class='ocrx_word' id='word_1_117' title='bbox 1710 2208 1734 2281; x_wconf 81' lang='lat' dir='ltr'><strong>J</strong></span> <span class='ocrx_word' id='word_1_118' title='bbox 1744 2230 1780 2280; x_wconf 90' lang='lat' dir='ltr'>a·</span> 
     </span>
     <span class='ocr_line' id='line_1_15' title="bbox 232 2328 1782 2422; baseline 0.001 -22"><span class='ocrx_word' id='word_1_119' title='bbox 232 2329 384 2401; x_wconf 92' lang='lat' dir='ltr'>roslai</span> <span class='ocrx_word' id='word_1_120' title='bbox 411 2330 531 2401; x_wconf 91' lang='lat' dir='ltr'>vicarii</span> <span class='ocrx_word' id='word_1_121' title='bbox 558 2329 857 2422; x_wconf 76' lang='lat' dir='ltr'>SandomirionsiS,</span> <span class='ocrx_word' id='word_1_122' title='bbox 883 2338 919 2402; x_wconf 90' lang='lat' dir='ltr'>et</span> <span class='ocrx_word' id='word_1_123' title='bbox 937 2332 1136 2422; x_wconf 78' lang='lat' dir='ltr'>arendatnS,</span> <span class='ocrx_word' id='word_1_124' title='bbox 1162 2330 1267 2402; x_wconf 91' lang='lat' dir='ltr'>solvit</span> <span class='ocrx_word' id='word_1_125' title='bbox 1289 2331 1429 2401; x_wconf 89' lang='lat' dir='ltr'>vicariis</span> <span class='ocrx_word' id='word_1_126' title='bbox 1456 2351 1520 2420; x_wconf 91' lang='lat' dir='ltr'>pro</span> <span class='ocrx_word' id='word_1_127' title='bbox 1540 2328 1655 2403; x_wconf 89' lang='lat' dir='ltr'>annuo</span> <span class='ocrx_word' id='word_1_128' title='bbox 1676 2351 1782 2403; x_wconf 91' lang='lat' dir='ltr'>censu</span> 
     </span>
     <span class='ocr_line' id='line_1_16' title="bbox 233 2452 1780 2543; baseline 0.001 -21"><span class='ocrx_word' id='word_1_129' title='bbox 233 2471 335 2522; x_wconf 88' lang='lat' dir='ltr'>unam</span> <span class='ocrx_word' id='word_1_130' title='bbox 362 2472 580 2542; x_wconf 68' lang='lat' dir='ltr'>sexagenum</span> <span class='ocrx_word' id='word_1_131' title='bbox 607 2453 744 2524; x_wconf 89' lang='lat' dir='ltr'>ratione</span> <span class='ocrx_word' id='word_1_132' title='bbox 771 2452 877 2542; x_wconf 78' lang='lat' dir='ltr'>cuiue,</span> <span class='ocrx_word' id='word_1_133' title='bbox 895 2454 969 2543; x_wconf 83' lang='lat' dir='ltr'>agit</span> <span class='ocrx_word' id='word_1_134' title='bbox 986 2453 1194 2524; x_wconf 87' lang='lat' dir='ltr'>universitas</span> <span class='ocrx_word' id='word_1_135' title='bbox 1221 2452 1430 2524; x_wconf 88' lang='lat' dir='ltr'>vicariorum</span> <span class='ocrx_word' id='word_1_136' title='bbox 1450 2452 1780 2524; x_wconf 89' lang='lat' dir='ltr'>Sandomiriensium</span> 
     </span>
     <span class='ocr_line' id='line_1_17' title="bbox 233 2570 1782 2669; baseline 0.002 -27"><span class='ocrx_word' id='word_1_137' title='bbox 233 2570 344 2669; x_wconf 82' lang='lat' dir='ltr'>eidem</span> <span class='ocrx_word' id='word_1_138' title='bbox 371 2571 394 2643; x_wconf 86' lang='lat' dir='ltr'>J</span> <span class='ocrx_word' id='word_1_139' title='bbox 403 2573 592 2643; x_wconf 88' lang='lat' dir='ltr'>aroslao</span> <span class='ocrx_word' id='word_1_140' title='bbox 619 2578 823 2663; x_wconf 90' lang='lat' dir='ltr'>perpetuum</span> <span class='ocrx_word' id='word_1_141' title='bbox 842 2573 1127 2663; x_wconf 88' lang='lat' dir='ltr'>anniversarium,</span> <span class='ocrx_word' id='word_1_142' title='bbox 1154 2577 1259 2663; x_wconf 88' lang='lat' dir='ltr'>atque</span> <span class='ocrx_word' id='word_1_143' title='bbox 1278 2573 1313 2645; x_wconf 93' lang='lat' dir='ltr'>in</span> <span class='ocrx_word' id='word_1_144' title='bbox 1332 2573 1521 2645; x_wconf 89' lang='lat' dir='ltr'>remedium</span> <span class='ocrx_word' id='word_1_145' title='bbox 1539 2573 1674 2645; x_wconf 88' lang='lat' dir='ltr'>animae</span> <span class='ocrx_word' id='word_1_146' title='bbox 1697 2593 1782 2646; x_wconf 89' lang='lat' dir='ltr'>suae</span> 
     </span>
     <span class='ocr_line' id='line_1_18' title="bbox 233 2691 1783 2786; baseline 0.003 -24"><span class='ocrx_word' id='word_1_147' title='bbox 233 2691 371 2782; x_wconf 85' lang='lat' dir='ltr'>vigilias</span> <span class='ocrx_word' id='word_1_148' title='bbox 397 2713 519 2764; x_wconf 90' lang='lat' dir='ltr'>novem</span> <span class='ocrx_word' id='word_1_149' title='bbox 554 2693 761 2786; x_wconf 88' lang='lat' dir='ltr'>lectionum,</span> <span class='ocrx_word' id='word_1_150' title='bbox 796 2700 833 2767; x_wconf 92' lang='lat' dir='ltr'>et</span> <span class='ocrx_word' id='word_1_151' title='bbox 859 2695 998 2769; x_wconf 88' lang='lat' dir='ltr'>missam</span> <span class='ocrx_word' id='word_1_152' title='bbox 1026 2693 1283 2785; x_wconf 80' lang='lat' dir='ltr'>detunctorum,</span> <span class='ocrx_word' id='word_1_153' title='bbox 1319 2695 1356 2765; x_wconf 93' lang='lat' dir='ltr'>in</span> <span class='ocrx_word' id='word_1_154' title='bbox 1387 2694 1598 2786; x_wconf 87' lang='lat' dir='ltr'>quibuslibet</span> <span class='ocrx_word' id='word_1_155' title='bbox 1632 2699 1783 2786; x_wconf 89' lang='lat' dir='ltr'>quatuor</span> 
     </span>
     <span class='ocr_line' id='line_1_19' title="bbox 234 2813 646 2908; baseline 0.012 -24"><span class='ocrx_word' id='word_1_156' title='bbox 234 2813 449 2908; x_wconf 90' lang='lat' dir='ltr'>temporibus</span> <span class='ocrx_word' id='word_1_157' title='bbox 474 2813 646 2889; x_wconf 86' lang='lat' dir='ltr'>decantat.</span> 
     </span>
    </p>
   </div>
   <div class='ocr_carea' id='block_1_3' title="bbox 256 3063 1751 3328">
    <p class='ocr_par' dir='ltr' id='par_1_4' title="bbox 256 3063 1751 3328">
     <span class='ocr_line' id='line_1_20' title="bbox 256 3063 1751 3168; baseline 0.003 -26"><span class='ocrx_word' id='word_1_158' title='bbox 256 3063 521 3168; x_wconf 81' lang='lat' dir='ltr'>Privileqlum</span> <span class='ocrx_word' id='word_1_159' title='bbox 554 3065 788 3146; x_wconf 73' lang='lat' dir='ltr'>erectionis</span> <span class='ocrx_word' id='word_1_160' title='bbox 818 3069 863 3144; x_wconf 88' lang='lat' dir='ltr'>et</span> <span class='ocrx_word' id='word_1_161' title='bbox 896 3065 1237 3144; x_wconf 79' lang='lat' dir='ltr'>consecrationis</span> <span class='ocrx_word' id='word_1_162' title='bbox 1268 3065 1482 3145; x_wconf 77' lang='lat' dir='ltr'>ecclesiae</span> <span class='ocrx_word' id='word_1_163' title='bbox 1514 3064 1556 3143; x_wconf 81' lang='lat'>8.</span> <span class='ocrx_word' id='word_1_164' title='bbox 1590 3063 1751 3146; x_wconf 80' lang='lat' dir='ltr'>Mariae</span> 
     </span>
     <span class='ocr_line' id='line_1_21' title="bbox 836 3201 1182 3328; baseline -0.006 -45"><span class='ocrx_word' id='word_1_165' title='bbox 836 3205 875 3283; x_wconf 88' lang='lat' dir='ltr'>ln</span> <span class='ocrx_word' id='word_1_166' title='bbox 908 3201 1182 3328; x_wconf 84' lang='lat' dir='ltr'>Sandomiria.</span> 
     </span>
    </p>
   </div>
   <div class='ocr_carea' id='block_1_4' title="bbox 208 3424 1784 4002">
    <p class='ocr_par' dir='ltr' id='par_1_5' title="bbox 208 3424 1784 4002">
     <span class='ocr_line' id='line_1_22' title="bbox 337 3424 1784 3516; baseline -0.002 -16"><span class='ocrx_word' id='word_1_167' title='bbox 337 3430 377 3500; x_wconf 94' lang='lat' dir='ltr'>ln</span> <span class='ocrx_word' id='word_1_168' title='bbox 396 3427 534 3500; x_wconf 89' lang='lat' dir='ltr'>nornine</span> <span class='ocrx_word' id='word_1_169' title='bbox 552 3426 751 3499; x_wconf 81' lang='lat' dir='ltr'>individuae</span> <span class='ocrx_word' id='word_1_170' title='bbox 769 3425 961 3497; x_wconf 85' lang='lat' dir='ltr'>Trinitatis.</span> <span class='ocrx_word' id='word_1_171' title='bbox 979 3424 1081 3495; x_wconf 82' lang='lat' dir='ltr'>Anno</span> <span class='ocrx_word' id='word_1_172' title='bbox 1104 3425 1212 3496; x_wconf 83' lang='lat'>1121.</span> <span class='ocrx_word' id='word_1_173' title='bbox 1242 3435 1303 3505; x_wconf 78' lang='lat' dir='ltr'>(sie)</span> <span class='ocrx_word' id='word_1_174' title='bbox 1333 3424 1521 3497; x_wconf 89' lang='lat' dir='ltr'>indictione</span> <span class='ocrx_word' id='word_1_175' title='bbox 1539 3444 1640 3514; x_wconf 79' lang='lat' dir='ltr'>nona,</span> <span class='ocrx_word' id='word_1_176' title='bbox 1658 3430 1784 3516; x_wconf 86' lang='lat' dir='ltr'>epacta</span> 
     </span>
     <span class='ocr_line' id='line_1_23' title="bbox 235 3545 1783 3644; baseline -0.003 -22"><span class='ocrx_word' id='word_1_177' title='bbox 235 3555 378 3644; x_wconf 87' lang='lat' dir='ltr'>quarta,</span> <span class='ocrx_word' id='word_1_178' title='bbox 406 3554 632 3621; x_wconf 88' lang='lat' dir='ltr'>concurrente</span> <span class='ocrx_word' id='word_1_179' title='bbox 659 3549 790 3638; x_wconf 89' lang='lat' dir='ltr'>primo,</span> <span class='ocrx_word' id='word_1_180' title='bbox 817 3553 853 3619; x_wconf 90' lang='lat' dir='ltr'>et</span> <span class='ocrx_word' id='word_1_181' title='bbox 880 3568 970 3617; x_wconf 92' lang='lat' dir='ltr'>anno</span> <span class='ocrx_word' id='word_1_182' title='bbox 998 3546 1193 3617; x_wconf 90' lang='lat' dir='ltr'>decennalis</span> <span class='ocrx_word' id='word_1_183' title='bbox 1221 3547 1308 3636; x_wconf 89' lang='lat' dir='ltr'>cycli</span> <span class='ocrx_word' id='word_1_184' title='bbox 1335 3547 1612 3637; x_wconf 84' lang='lat' dir='ltr'>quartodecimo,</span> <span class='ocrx_word' id='word_1_185' title='bbox 1643 3545 1783 3617; x_wconf 90' lang='lat' dir='ltr'>domino</span> 
     </span>
     <span class='ocr_line' id='line_1_24' title="bbox 208 3665 1783 3775; baseline -0.004 -31"><span class='ocrx_word' id='word_1_186' title='bbox 208 3673 321 3775; x_wconf 39' lang='lat' dir='ltr'>,duce</span> <span class='ocrx_word' id='word_1_187' title='bbox 348 3670 575 3742; x_wconf 87' lang='lat' dir='ltr'>Casimiro</span> <span class='ocrx_word' id='word_1_188' title='bbox 603 3671 638 3741; x_wconf 95' lang='lat' dir='ltr'>in</span> <span class='ocrx_word' id='word_1_189' title='bbox 657 3669 802 3741; x_wconf 92' lang='lat' dir='ltr'>Polonia</span> <span class='ocrx_word' id='word_1_190' title='bbox 829 3667 1038 3759; x_wconf 85' lang='lat' dir='ltr'>dominante,</span> <span class='ocrx_word' id='word_1_191' title='bbox 1065 3668 1110 3738; x_wconf 89' lang='lat' dir='ltr'>ad</span> <span class='ocrx_word' id='word_1_192' title='bbox 1136 3668 1338 3758; x_wconf 89' lang='lat' dir='ltr'>petitionem</span> <span class='ocrx_word' id='word_1_193' title='bbox 1353 3666 1594 3739; x_wconf 85' lang='lat' dir='ltr'>Gracoviensis</span> <span class='ocrx_word' id='word_1_194' title='bbox 1620 3665 1783 3757; x_wconf 87' lang='lat' dir='ltr'>episcopi,</span> 
     </span>
     <span class='ocr_line' id='line_1_25' title="bbox 234 3786 1784 3879; baseline -0.005 -14"><span class='ocrx_word' id='word_1_195' title='bbox 234 3793 392 3865; x_wconf 91' lang='lat' dir='ltr'>dominus</span> <span class='ocrx_word' id='word_1_196' title='bbox 428 3791 554 3863; x_wconf 90' lang='lat' dir='ltr'>Petrus</span> <span class='ocrx_word' id='word_1_197' title='bbox 590 3788 805 3862; x_wconf 88' lang='lat' dir='ltr'>Gneznensis</span> <span class='ocrx_word' id='word_1_198' title='bbox 845 3789 1124 3879; x_wconf 88' lang='lat' dir='ltr'>archiepiscopus</span> <span class='ocrx_word' id='word_1_199' title='bbox 1164 3789 1381 3860; x_wconf 87' lang='lat' dir='ltr'>consecravit</span> <span class='ocrx_word' id='word_1_200' title='bbox 1420 3788 1599 3861; x_wconf 89' lang='lat' dir='ltr'>ecclesiam</span> <span class='ocrx_word' id='word_1_201' title='bbox 1634 3786 1784 3858; x_wconf 87' lang='lat' dir='ltr'>Sanctae</span> 
     </span>
     <span class='ocr_line' id='line_1_26' title="bbox 233 3907 1782 4002; baseline -0.005 -16"><span class='ocrx_word' id='word_1_202' title='bbox 233 3914 369 3985; x_wconf 88' lang='lat' dir='ltr'>Mariae</span> <span class='ocrx_word' id='word_1_203' title='bbox 396 3913 432 3984; x_wconf 92' lang='lat' dir='ltr'>in</span> <span class='ocrx_word' id='word_1_204' title='bbox 460 3911 772 4002; x_wconf 88' lang='lat' dir='ltr'>Sandomiria,</span> <span class='ocrx_word' id='word_1_205' title='bbox 808 3910 1036 3982; x_wconf 89' lang='lat' dir='ltr'>coadiuvante</span> <span class='ocrx_word' id='word_1_206' title='bbox 1063 3909 1202 3981; x_wconf 91' lang='lat' dir='ltr'>domino</span> <span class='ocrx_word' id='word_1_207' title='bbox 1229 3910 1433 3982; x_wconf 84' lang='lat' dir='ltr'>Falcone</span> <span class='ocrx_word' id='word_1_208' title='bbox 1460 3907 1682 3982; x_wconf 70' lang='lat' dir='ltr'>cracoviensi</span> <span class='ocrx_word' id='word_1_209' title='bbox 1709 3909 1782 3999; x_wconf 90' lang='lat' dir='ltr'>epi-</span> 
     </span>
    </p>
   </div>
   <div class='ocr_carea' id='block_1_5' title="bbox 234 4027 1908 4125">
    <p class='ocr_par' dir='ltr' id='par_1_6' title="bbox 234 4027 1908 4125">
     <span class='ocr_line' id='line_1_27' title="bbox 234 4027 1908 4125; baseline -0.005 -18"><span class='ocrx_word' id='word_1_210' title='bbox 234 4056 348 4125; x_wconf 91' lang='lat' dir='ltr'>scopo,</span> <span class='ocrx_word' id='word_1_211' title='bbox 366 4034 505 4106; x_wconf 92' lang='lat' dir='ltr'>domino</span> <span class='ocrx_word' id='word_1_212' title='bbox 531 4032 642 4104; x_wconf 91' lang='lat' dir='ltr'>Vito</span> <span class='ocrx_word' id='word_1_213' title='bbox 669 4032 885 4103; x_wconf 87' lang='lat' dir='ltr'>Mazoviensi</span> <span class='ocrx_word' id='word_1_214' title='bbox 902 4031 1074 4122; x_wconf 91' lang='lat' dir='ltr'>episcopo,</span> <span class='ocrx_word' id='word_1_215' title='bbox 1100 4035 1137 4102; x_wconf 93' lang='lat' dir='ltr'>et</span> <span class='ocrx_word' id='word_1_216' title='bbox 1154 4030 1294 4104; x_wconf 90' lang='lat' dir='ltr'>domino</span> <span class='ocrx_word' id='word_1_217' title='bbox 1321 4030 1558 4122; x_wconf 88' lang='lat' dir='ltr'>Stephano</span> <span class='ocrx_word' id='word_1_218' title='bbox 1586 4027 1786 4102; x_wconf 81' lang='lat' dir='ltr'>Guiaviensi</span> <span class='ocrx_word' id='word_1_219' title='bbox 1865 4086 1868 4091; x_wconf 95' lang='lat'>.</span> <span class='ocrx_word' id='word_1_220' title='bbox 1905 4042 1908 4047; x_wconf 82' lang='lat'>&#39;</span> 
     </span>
    </p>
   </div>
   <div class='ocr_carea' id='block_1_6' title="bbox 178 4150 1793 5585">
    <p class='ocr_par' dir='ltr' id='par_1_7' title="bbox 178 4150 1793 5585">
     <span class='ocr_line' id='line_1_28' title="bbox 234 4150 1786 4247; baseline -0.002 -20"><span class='ocrx_word' id='word_1_221' title='bbox 234 4157 407 4247; x_wconf 89' lang='lat' dir='ltr'>episcopo,</span> <span class='ocrx_word' id='word_1_222' title='bbox 433 4160 470 4227; x_wconf 93' lang='lat' dir='ltr'>et</span> <span class='ocrx_word' id='word_1_223' title='bbox 496 4155 634 4226; x_wconf 90' lang='lat' dir='ltr'>domino</span> <span class='ocrx_word' id='word_1_224' title='bbox 662 4151 871 4225; x_wconf 81' lang='lat' dir='ltr'>Arnoldo</span> <span class='ocrx_word' id='word_1_225' title='bbox 899 4151 1094 4224; x_wconf 87' lang='lat' dir='ltr'>Lnbusensi</span> <span class='ocrx_word' id='word_1_226' title='bbox 1112 4151 1284 4243; x_wconf 91' lang='lat' dir='ltr'>episcopo,</span> <span class='ocrx_word' id='word_1_227' title='bbox 1311 4152 1408 4224; x_wconf 90' lang='lat' dir='ltr'>cuius</span> <span class='ocrx_word' id='word_1_228' title='bbox 1426 4151 1592 4224; x_wconf 89' lang='lat' dir='ltr'>ecelesiae</span> <span class='ocrx_word' id='word_1_229' title='bbox 1617 4150 1786 4224; x_wconf 85' lang='lat' dir='ltr'>beneficia</span> 
     </span>
     <span class='ocr_line' id='line_1_29' title="bbox 234 4272 1785 4368; baseline -0.003 -20"><span class='ocrx_word' id='word_1_230' title='bbox 234 4279 270 4349; x_wconf 94' lang='lat' dir='ltr'>in</span> <span class='ocrx_word' id='word_1_231' title='bbox 297 4277 472 4368; x_wconf 88' lang='lat' dir='ltr'>praesenti</span> <span class='ocrx_word' id='word_1_232' title='bbox 499 4275 683 4366; x_wconf 86' lang='lat' dir='ltr'>privilegio</span> <span class='ocrx_word' id='word_1_233' title='bbox 710 4275 933 4346; x_wconf 91' lang='lat' dir='ltr'>continentur</span> <span class='ocrx_word' id='word_1_234' title='bbox 951 4274 1124 4346; x_wconf 88' lang='lat' dir='ltr'>denotata.</span> <span class='ocrx_word' id='word_1_235' title='bbox 1151 4272 1296 4364; x_wconf 83' lang='lat' dir='ltr'>Capella</span> <span class='ocrx_word' id='word_1_236' title='bbox 1321 4274 1364 4345; x_wconf 89' lang='lat' dir='ltr'>de</span> <span class='ocrx_word' id='word_1_237' title='bbox 1390 4273 1581 4345; x_wconf 86' lang='lat' dir='ltr'>Zarnow</span> <span class='ocrx_word' id='word_1_238' title='bbox 1608 4292 1684 4344; x_wconf 91' lang='lat' dir='ltr'>cum</span> <span class='ocrx_word' id='word_1_239' title='bbox 1711 4272 1785 4344; x_wconf 87' lang='lat' dir='ltr'>suis</span> 
     </span>
     <span class='ocr_line' id='line_1_30' title="bbox 178 4392 1787 4488; baseline -0.003 -18"><span class='ocrx_word' id='word_1_240' title='bbox 178 4406 186 4419; x_wconf 87' lang='lat'>’</span> <span class='ocrx_word' id='word_1_241' title='bbox 234 4398 436 4488; x_wconf 88' lang='lat' dir='ltr'>redditibus,</span> <span class='ocrx_word' id='word_1_242' title='bbox 464 4402 501 4469; x_wconf 91' lang='lat' dir='ltr'>et</span> <span class='ocrx_word' id='word_1_243' title='bbox 519 4416 638 4468; x_wconf 90' lang='lat' dir='ltr'>omnes</span> <span class='ocrx_word' id='word_1_244' title='bbox 665 4395 816 4467; x_wconf 86' lang='lat' dir='ltr'>decimae</span> <span class='ocrx_word' id='word_1_245' title='bbox 843 4395 950 4466; x_wconf 90' lang='lat' dir='ltr'>castri</span> <span class='ocrx_word' id='word_1_246' title='bbox 968 4394 1122 4467; x_wconf 91' lang='lat' dir='ltr'>eiusdem</span> <span class='ocrx_word' id='word_1_247' title='bbox 1149 4416 1226 4466; x_wconf 85' lang='lat' dir='ltr'>cunr</span> <span class='ocrx_word' id='word_1_248' title='bbox 1253 4393 1458 4484; x_wconf 91' lang='lat' dir='ltr'>redditibus,</span> <span class='ocrx_word' id='word_1_249' title='bbox 1486 4392 1616 4466; x_wconf 90' lang='lat' dir='ltr'>eisdem</span> <span class='ocrx_word' id='word_1_250' title='bbox 1642 4392 1787 4466; x_wconf 87' lang='lat' dir='ltr'>decimis</span> 
     </span>
     <span class='ocr_line' id='line_1_31' title="bbox 234 4513 1787 4610; baseline -0.004 -19"><span class='ocrx_word' id='word_1_251' title='bbox 234 4519 502 4610; x_wconf 90' lang='lat' dir='ltr'>pertinentibus,</span> <span class='ocrx_word' id='word_1_252' title='bbox 530 4518 665 4609; x_wconf 89' lang='lat' dir='ltr'>capella</span> <span class='ocrx_word' id='word_1_253' title='bbox 690 4514 809 4589; x_wconf 87' lang='lat' dir='ltr'>Sancti</span> <span class='ocrx_word' id='word_1_254' title='bbox 836 4515 972 4587; x_wconf 90' lang='lat' dir='ltr'>Nicolai</span> <span class='ocrx_word' id='word_1_255' title='bbox 999 4516 1035 4586; x_wconf 92' lang='lat' dir='ltr'>in</span> <span class='ocrx_word' id='word_1_256' title='bbox 1062 4513 1359 4587; x_wconf 90' lang='lat' dir='ltr'>Sandomiria</span> <span class='ocrx_word' id='word_1_257' title='bbox 1385 4535 1463 4587; x_wconf 91' lang='lat' dir='ltr'>cum</span> <span class='ocrx_word' id='word_1_258' title='bbox 1481 4514 1554 4586; x_wconf 89' lang='lat' dir='ltr'>suis</span> <span class='ocrx_word' id='word_1_259' title='bbox 1580 4513 1787 4605; x_wconf 85' lang='lat' dir='ltr'>redditibus,</span> 
     </span>
     <span class='ocr_line' id='line_1_32' title="bbox 235 4628 1788 4733; baseline -0.006 -19"><span class='ocrx_word' id='word_1_260' title='bbox 235 4643 368 4733; x_wconf 90' lang='lat' dir='ltr'>capella</span> <span class='ocrx_word' id='word_1_261' title='bbox 394 4641 513 4712; x_wconf 90' lang='lat' dir='ltr'>Sancti</span> <span class='ocrx_word' id='word_1_262' title='bbox 538 4639 685 4713; x_wconf 88' lang='lat' dir='ltr'>Joannis</span> <span class='ocrx_word' id='word_1_263' title='bbox 720 4637 848 4711; x_wconf 87' lang='lat' dir='ltr'>ibidem</span> <span class='ocrx_word' id='word_1_264' title='bbox 884 4659 960 4708; x_wconf 90' lang='lat' dir='ltr'>cum</span> <span class='ocrx_word' id='word_1_265' title='bbox 996 4636 1068 4709; x_wconf 91' lang='lat' dir='ltr'>suis</span> <span class='ocrx_word' id='word_1_266' title='bbox 1094 4636 1307 4727; x_wconf 89' lang='lat' dir='ltr'>redditibus,</span> <span class='ocrx_word' id='word_1_267' title='bbox 1343 4636 1477 4726; x_wconf 87' lang='lat' dir='ltr'>capella</span> <span class='ocrx_word' id='word_1_268' title='bbox 1511 4634 1554 4707; x_wconf 92' lang='lat' dir='ltr'>de</span> <span class='ocrx_word' id='word_1_269' title='bbox 1577 4628 1788 4707; x_wconf 83' lang='lat' dir='ltr'>&#39;Polancn</span> 
     </span>
     <span class='ocr_line' id='line_1_33' title="bbox 235 4755 1788 4852; baseline -0.005 -16"><span class='ocrx_word' id='word_1_270' title='bbox 235 4785 312 4836; x_wconf 91' lang='lat' dir='ltr'>cum</span> <span class='ocrx_word' id='word_1_271' title='bbox 340 4762 413 4835; x_wconf 89' lang='lat' dir='ltr'>suis</span> <span class='ocrx_word' id='word_1_272' title='bbox 439 4759 652 4852; x_wconf 87' lang='lat' dir='ltr'>redditibus,</span> <span class='ocrx_word' id='word_1_273' title='bbox 688 4759 822 4851; x_wconf 90' lang='lat' dir='ltr'>capella</span> <span class='ocrx_word' id='word_1_274' title='bbox 856 4758 975 4831; x_wconf 89' lang='lat' dir='ltr'>Sancti</span> <span class='ocrx_word' id='word_1_275' title='bbox 1002 4757 1165 4829; x_wconf 87' lang='lat' dir='ltr'>Mauricii</span> <span class='ocrx_word' id='word_1_276' title='bbox 1192 4757 1235 4828; x_wconf 88' lang='lat' dir='ltr'>de</span> <span class='ocrx_word' id='word_1_277' title='bbox 1270 4757 1569 4829; x_wconf 86' lang='lat' dir='ltr'>Zawichosth</span> <span class='ocrx_word' id='word_1_278' title='bbox 1605 4776 1684 4829; x_wconf 90' lang='lat' dir='ltr'>cum</span> <span class='ocrx_word' id='word_1_279' title='bbox 1712 4755 1788 4828; x_wconf 84' lang='lat' dir='ltr'>suis</span> 
     </span>
     <span class='ocr_line' id='line_1_34' title="bbox 235 4876 1788 4975; baseline -0.005 -18"><span class='ocrx_word' id='word_1_280' title='bbox 235 4884 440 4975; x_wconf 90' lang='lat' dir='ltr'>redditibus,</span> <span class='ocrx_word' id='word_1_281' title='bbox 466 4883 601 4974; x_wconf 88' lang='lat' dir='ltr'>capella</span> <span class='ocrx_word' id='word_1_282' title='bbox 626 4882 670 4953; x_wconf 92' lang='lat' dir='ltr'>de</span> <span class='ocrx_word' id='word_1_283' title='bbox 696 4881 998 4954; x_wconf 81' lang='lat' dir='ltr'>Sneczechow</span> <span class='ocrx_word' id='word_1_284' title='bbox 1024 4899 1102 4951; x_wconf 89' lang='lat' dir='ltr'>cum</span> <span class='ocrx_word' id='word_1_285' title='bbox 1120 4878 1193 4950; x_wconf 90' lang='lat' dir='ltr'>suis</span> <span class='ocrx_word' id='word_1_286' title='bbox 1219 4878 1424 4969; x_wconf 92' lang='lat' dir='ltr'>redditibus,</span> <span class='ocrx_word' id='word_1_287' title='bbox 1450 4877 1584 4969; x_wconf 89' lang='lat' dir='ltr'>capella</span> <span class='ocrx_word' id='word_1_288' title='bbox 1601 4876 1644 4949; x_wconf 92' lang='lat' dir='ltr'>de</span> <span class='ocrx_word' id='word_1_289' title='bbox 1661 4876 1788 4949; x_wconf 82' lang='lat' dir='ltr'>Zwir·</span> 
     </span>
     <span class='ocr_line' id='line_1_35' title="bbox 236 4996 1788 5093; baseline -0.005 -15"><span class='ocrx_word' id='word_1_290' title='bbox 236 5026 324 5078; x_wconf 86' lang='lat' dir='ltr'>sou</span> <span class='ocrx_word' id='word_1_291' title='bbox 350 5026 428 5077; x_wconf 90' lang='lat' dir='ltr'>cum</span> <span class='ocrx_word' id='word_1_292' title='bbox 455 5005 528 5077; x_wconf 87' lang='lat' dir='ltr'>suis</span> <span class='ocrx_word' id='word_1_293' title='bbox 554 5002 757 5093; x_wconf 89' lang='lat' dir='ltr'>redditibus,</span> <span class='ocrx_word' id='word_1_294' title='bbox 784 5005 969 5093; x_wconf 90' lang='lat' dir='ltr'>praeterea</span> <span class='ocrx_word' id='word_1_295' title='bbox 985 4999 1153 5072; x_wconf 90' lang='lat' dir='ltr'>beneficia</span> <span class='ocrx_word' id='word_1_296' title='bbox 1169 4998 1237 5072; x_wconf 90' lang='lat' dir='ltr'>fori</span> <span class='ocrx_word' id='word_1_297' title='bbox 1263 5000 1306 5071; x_wconf 90' lang='lat' dir='ltr'>de</span> <span class='ocrx_word' id='word_1_298' title='bbox 1332 4998 1553 5090; x_wconf 87' lang='lat' dir='ltr'>Lukosin,</span> <span class='ocrx_word' id='word_1_299' title='bbox 1579 5003 1616 5071; x_wconf 91' lang='lat' dir='ltr'>et</span> <span class='ocrx_word' id='word_1_300' title='bbox 1633 4996 1788 5071; x_wconf 86' lang='lat' dir='ltr'>decimae</span> 
     </span>
     <span class='ocr_line' id='line_1_36' title="bbox 234 5116 1789 5216; baseline -0.006 -16"><span class='ocrx_word' id='word_1_301' title='bbox 234 5129 358 5200; x_wconf 75' lang='lat' dir='ltr'>buum</span> <span class='ocrx_word' id='word_1_302' title='bbox 376 5125 545 5199; x_wconf 90' lang='lat' dir='ltr'>villarum:</span> <span class='ocrx_word' id='word_1_303' title='bbox 572 5124 763 5216; x_wconf 89' lang='lat' dir='ltr'>Zycina,</span> <span class='ocrx_word' id='word_1_304' title='bbox 790 5122 985 5213; x_wconf 90' lang='lat' dir='ltr'>Pomisl,</span> <span class='ocrx_word' id='word_1_305' title='bbox 1012 5120 1596 5211; x_wconf 87' lang='lat' dir='ltr'>Piscatores‚Vinitores,</span> <span class='ocrx_word' id='word_1_306' title='bbox 1622 5116 1789 5192; x_wconf 81' lang='lat' dir='ltr'>Gober-</span> 
     </span>
     <span class='ocr_line' id='line_1_37' title="bbox 236 5237 1787 5340; baseline -0.005 -19"><span class='ocrx_word' id='word_1_307' title='bbox 236 5248 349 5340; x_wconf 90' lang='lat' dir='ltr'>nici,</span> <span class='ocrx_word' id='word_1_308' title='bbox 377 5244 672 5336; x_wconf 85' lang='lat' dir='ltr'>Grocholici,</span> <span class='ocrx_word' id='word_1_309' title='bbox 706 5242 984 5333; x_wconf 82' lang='lat' dir='ltr'>Onchonovv,</span> <span class='ocrx_word' id='word_1_310' title='bbox 1018 5240 1301 5333; x_wconf 91' lang='lat' dir='ltr'>Policovici,</span> <span class='ocrx_word' id='word_1_311' title='bbox 1338 5239 1549 5332; x_wconf 85' lang='lat' dir='ltr'>Oachici,</span> <span class='ocrx_word' id='word_1_312' title='bbox 1584 5237 1787 5332; x_wconf 84' lang='lat' dir='ltr'>Oororo,</span> 
     </span>
     <span class='ocr_line' id='line_1_38' title="bbox 237 5344 1790 5457; baseline -0.004 -16"><span class='ocrx_word' id='word_1_313' title='bbox 237 5367 584 5457; x_wconf 82' lang='lat' dir='ltr'>Gristonovici,</span> <span class='ocrx_word' id='word_1_314' title='bbox 611 5364 884 5457; x_wconf 84' lang='lat' dir='ltr'>Trabanovr,</span> <span class='ocrx_word' id='word_1_315' title='bbox 911 5364 1187 5455; x_wconf 82' lang='lat' dir='ltr'>Bechanovr,</span> <span class='ocrx_word' id='word_1_316' title='bbox 1216 5363 1348 5454; x_wconf 87' lang='lat' dir='ltr'>Raci,</span> <span class='ocrx_word' id='word_1_317' title='bbox 1373 5361 1666 5452; x_wconf 89' lang='lat' dir='ltr'>Mancosino,</span> <span class='ocrx_word' id='word_1_318' title='bbox 1691 5344 1790 5435; x_wconf 82' lang='lat' dir='ltr'>Lis·</span> 
     </span>
     <span class='ocr_line' id='line_1_39' title="bbox 244 5479 1793 5585; baseline -0.005 -20"><span class='ocrx_word' id='word_1_319' title='bbox 244 5479 1793 5585; x_wconf 79' lang='lat' dir='ltr'>sovo,Pilsne,Bercogei,Janch0vicze,Goreuino,Bliscbovici,</span> 
     </span>
    </p>
   </div>
   <div class='ocr_carea' id='block_1_7' title="bbox 0 0 2040 6052">
    <p class='ocr_par' dir='ltr' id='par_1_8' title="bbox 0 0 2040 6052">
     <span class='ocr_line' id='line_1_40' title="bbox 0 0 2040 6052; baseline 0 0"><span class='ocrx_word' id='word_1_320' title='bbox 0 0 2040 6052; x_wconf 95' lang='lat' dir='ltr'> </span> 
     </span>
    </p>
   </div>
  </div>
 </body>
</html>
