4050 6054
1631 450 1703 523 545

160 649 304 724 duarum
323 650 554 743 ecclesiarum,
582 652 744 725 videlicet
769 652 804 725 in
832 651 959 727 Nova
985 651 1218 728 Szaudecz
1245 663 1281 728 et
1307 652 1594 746 Podgrodze,
1622 679 1705 748 qua·
1821 674 1824 681 ·

159 795 236 846 rum
263 775 444 865 utriusque
472 775 619 864 collatio,
646 770 892 866 praesentatio,
918 776 1177 866 iuspatronatus
1203 783 1240 848 et
1257 777 1411 866 provisio
1438 777 1482 849 ad
1509 778 1706 868 episcopum

160 893 423 968 cracoviensem
450 917 513 985 pro
540 901 696 985 temporo
722 897 933 986 pertinebat,
970 917 1216 987 saepenumero
1243 898 1337 968 inter
1363 898 1572 987 apostolicos
1597 898 1706 988 impe-
1807 928 1814 987 j

159 1020 310 1106 tranteS,
346 1017 556 1105 oriebantur,
592 994 636 1087 et'
654 1008 697 1087 ex
723 1016 849 1106 quihus
871 1017 986 1088 multa
1012 1017 1175 1088 scandala
1201 1018 1452 1115 sequebantur,
1479 1018 1706 1108 rescinderet

160 1141 200 1206 ut
226 1137 404 1207 ecclesiam
422 1136 614 1226 praelatam
641 1136 677 1206 in
704 1136 832 1209 Nova
857 1137 1061 1209 Saudecz
1087 1138 1232 1227 pulchro
1251 1158 1354 1228 opere
1373 1138 1487 1210 coctili
1504 1144 1706 1230 extructam,

160 1256 276 1327 altiori
302 1257 492 1329 honoraret
517 1256 637 1347 gradu,
665 1263 701 1328 et
718 1258 882 1348 populum
910 1277 1013 1329 sexus
1040 1259 1222 1348 utriusque
1249 1258 1368 1348 oppidi
1395 1257 1620 1331 Sandccensis
1636 1261 1708 1350 spi-

160 1377 281 1447 rituali
308 1376 514 1449 laetificaret
541 1375 785 1466 consolatione;
813 1385 852 1448 ut
879 1399 966 1449 onus
993 1378 1204 1449 visitationis
1231 1379 1473 1450 archidiacono
1486 1377 1707 1451 Cracoviensi
1843 1429 1847 1435 -

158 1499 378 1588 impositum,
398 1499 539 1570 durum
566 1499 617 1569 illi
644 1505 680 1568 et
707 1498 820 1569 minus
848 1496 986 1571 difficile
1020 1500 1055 1570 in
1082 1499 1199 1589 plures
1227 1499 1451 1590 dispartiret3
1487 1506 1527 1571 ut
1553 1500 1708 1591 singulos

162 1619 254 1690 illius
281 1641 363 1691 orae
377 1620 533 1690 homines
560 1621 596 1690 in
615 1619 860 1691 consecutione
880 1625 916 1691 et
933 1620 1232 1692 administratione
1260 1621 1422 1730 iustitiae,
1451 1641 1472 1691 a
1497 1624 1708 1713 gravamine,

163 1761 230 1829 quo
257 1762 321 1831 pro
348 1740 483 1812 levibus
511 1741 622 1811 causis
649 1741 887 1831 trahebantur,
914 1745 950 1811 et
976 1741 1164 1812 trahebant
1190 1741 1277 1812 alios
1305 1740 1593 1833 cracoviam,
1620 1743 1709 1813 rele«
1829 1765 1833 1772 ’

162 1867 269 1932 varet.
296 1860 361 1930 His
389 1862 505 1950 itaque
532 1867 569 1932 et
595 1861 769 1933 nonnullis
796 1861 873 1932 aliis
899 1862 1164 1933 rationabilibus
1184 1868 1220 1932 et
1238 1862 1338 1931 iustis
1366 1861 1480 1933 causis
1505 1881 1548 1932 ac
1573 1882 1709 1951 respec-

162 1979 257 2051 tibus
283 1987 415 2069 motus,
453 2000 496 2050 ex
523 1979 657 2052 duobus
696 1981 850 2052 ecclesiis
884 1987 925 2052 ut
958 1981 1199 2070 praemisimus
1234 1981 1513 2070 parochialibus,
1548 1980 1710 2054 videlicet

59 2132 65 2145 r
163 2100 410 2189 Saudeczeusi,
445 2121 548 2191 quam
574 2106 656 2173 tunc
682 2102 827 2190 regebat
852 2102 1017 2192 magister
1051 2099 1182 2191 Caspar
1207 2101 1502 2173 Rokemharh
1538 2102 1581 2173 de
1608 2100 1710 2173 Cra-

164 2221 520 2294 covialioentiatus
547 2223 582 2292 in
609 2222 769 2311 decretis,
796 2228 833 2293 et
859 2242 902 2292 ex
928 2221 1219 2313 Podgrodze,
1251 2243 1351 2312 quarn
1379 2228 1462 2293 tunc
1479 2223 1623 2313 regebat
1648 2223 1709 2295 Jo-
1829 2218 1831 2223 ’

164 2344 297 2414 haunes
324 2343 367 2415 de
399 2342 717 2434 Wyelopolye,
754 2343 878 2413 nobilis
906 2342 949 2413 de
976 2344 1080 2414 armis
1116 2342 1429 2437 Antiquarum
1465 2342 1710 2432 Equorum,

166 2484 310 2555 quorum
345 2470 492 2554 uterque
526 2463 636 2535 libere
663 2469 699 2534 et
724 2463 914 2535 solenniter
948 2463 991 2534 de
1018 2463 1120 2533 titulo
1147 2469 1184 2534 et
1210 2464 1286 2534 iure
1314 2484 1375 2534 suo
1404 2465 1526 2552 cessit,
1562 2470 1598 2534 ot
1624 2462 1711 2564 illud

166 2584 366 2673 simpliciter
393 2584 429 2654 iu
457 2583 540 2654 dicti
567 2582 752 2654 cardinalis
779 2588 815 2653 et
841 2582 993 2672 episcopi
1020 2580 1258 2680 Craooviensis
1293 2582 1452 2653 manibus
1488 2585 1709 2674 renuntiavit,

165 2704 321 2775 fundatio
348 2702 505 2795 praefata
532 2703 687 2776 conlecta
713 2709 776 2774 est.
803 2701 945 2775 Creavit
964 2708 1077 2774 autem
1105 2702 1280 2793 praelatus
1308 2702 1491 2774 cardinalis
1519 2708 1555 2775 at
1581 2704 1713 2794 episco-

164 2847 229 2915 pus
256 2831 407 2915 quatuor
433 2824 620 2914 dignitates
647 2825 683 2894 in
710 2844 760 2913 eo,
787 2824 950 2895 videlicet
975 2826 1270 2916 praeposituram,
1297 2823 1624 2914 archidiaconatum,
1652 2824 1712 2896 dc-

165 2954 325 3017 canatnm
344 2953 380 3018 et
398 2946 599 3035 custodiam,
626 2951 662 3016 et
688 2950 837 3035 quatuor
863 2946 1086 3017 canonicatus
1103 2945 1368 3036 praebendatos,
1395 2952 1432 3017 et
1450 2950 1527 3018 octo
1555 2947 1712 3036 vicarios,

166 3067 291 3157 quibus
318 3067 476 3139 omnibus
503 3073 538 3138 et
565 3066 709 3156 singulis
734 3072 850 3137 certas
877 3066 1045 3157 decimas,
1072 3067 1237 3138 introitus
1264 3070 1300 3137 ct
1325 3073 1515 3156 proventus
1542 3073 1710 3157 perpetuo

167 3188 355 3277 applicavit
381 3192 416 3258 et
442 3187 628 3276 inscripsit,
656 3186 878 3278 singulosque
905 3186 1052 3276 illorum,
1079 3193 1184 3277 prout
1209 3186 1393 3258 cuiuslibet
1415 3187 1615 3277 requirebat
1632 3207 1712 3277 gra-

167 3308 241 3398 dus,
268 3307 429 3397 conditio,
457 3312 492 3377 et
518 3307 691 3394 honestas,
719 3306 860 3397 speciali
886 3284 1069 3396 privilegio
1096 3308 1132 3376 in
1160 3327 1338 3378 commune
1365 3308 1524 3378 omnibus
1551 3307 1633 3379 dato
1660 3304 1727 3378 di-'

167 3428 290 3501 stinxit
317 3434 353 3500 ot
379 3427 634 3518 privilegiavit3
660 3432 765 3516 prout
790 3427 826 3497 iu
853 3426 1036 3517 privilegio
1063 3448 1126 3497 suo
1153 3425 1350 3497 huiusmodi
1376 3427 1480 3498 latius
1507 3428 1713 3499 continetur.

65 3562 69 3568 ’
119 3594 121 3598 ·
166 3550 287 3639 ltaque
314 3549 399 3620 nulli
427 3548 531 3618 dehet
556 3546 678 3618 cedere
704 3547 741 3617 in
768 3546 1120 3636 administrationem,
1157 3532 1188 3617 si
1214 3547 1393 3618 ecclesiam
1419 3546 1610 3638 praelatam
1637 3567 1714 3618 eae·

166 3671 253 3743 teris
279 3669 539 3758 vetustioribus,
567 3689 652 3758 quas
679 3667 895 3759 subiciamus,
923 3669 958 3739 iu
986 3669 1133 3758 septimo
1160 3668 1337 3757 posuimus
1362 3668 1451 3757 loco,
1477 3688 1553 3739 cnm
1581 3674 1618 3739 et
1636 3669 1713 3739 illu-

168 3797 275 3862 strem
300 3789 519 3862 fundatorem
546 3790 682 3879 habeat,
701 3795 736 3860 et
754 3789 868 3861 locum
895 3789 942 3861 sit
968 3791 1093 3860 sortita
1120 3810 1300 3861 amoenum
1318 3794 1354 3860 et
1371 3789 1550 3880 insignem,
1569 3796 1604 3860 et
1621 3789 1715 3860 ultra

169 3929 286 3984 omnes
312 3909 474 3982 ecclesias
502 3910 701 4000 collegiatas
728 3911 836 3981 totius
863 3910 961 3999 regni
987 3909 1150 3980 Poloniae
1177 3909 1213 3980 id
1239 3910 1347 3981 habet
1372 3916 1444 3981 tam
1461 3909 1593 3999 gloriae
1611 3930 1714 4000 quam

167 4032 394 4123 gratulationi
420 4051 502 4103 snae
529 4018 846 4120 admixtumquod
873 4051 950 4102 cnm
976 4030 1063 4102 alias
1090 4031 1262 4120 ecclesias,
1288 4030 1469 4120 pontifices
1487 4036 1548 4102 aut
1565 4031 1713 4102 barones

168 4131 407 4243 fundaverint,
443 4153 528 4223 haec
554 4158 590 4222 et
616 4152 778 4241 pontifice
805 4172 869 4241 pro
896 4151 957 4221 illa
982 4156 1189 4240 tempestate
1216 4151 1382 4241 glorioso,
1409 4157 1445 4222 et
1471 4149 1618 4223 Sanctae
1644 4150 1714 4222 Ro-

173 4293 294 4349 manae
329 4273 494 4345 ecclesiae
529 4271 695 4343 cardinali
730 4271 861 4344 famoso
889 4278 943 4343 est
968 4270 1127 4362 fundata,
1164 4271 1255 4362 quod
1290 4271 1376 4343 nulli
1411 4271 1514 4342 alteri
1549 4271 1714 4343 ecclesiae

170 4395 350 4485 polonieac
368 4393 470 4465 video
497 4393 693 4483 contigisse.
719 4390 846 4482 Oppidi
864 4398 980 4464 autem
998 4378 1150 4464 Novae
1176 4391 1379 4463 Saudecz
1405 4393 1537 4481 primus
1554 4390 1717 4462 fundator

169 4515 235 4587 luit
260 4513 576 4587 Vononeslaus
603 4511 835 4583 Secundus
862 4511 1026 4584 Poloniae
1053 4518 1089 4583 et
1114 4513 1302 4585 Bohemiae
1329 4533 1410 4603 rex,
1447 4512 1507 4602 qui
1533 4532 1610 4582 oum
1636 4515 1716 4600 post

170 4636 427 4709 coronationem
454 4654 551 4704 suam
578 4616 620 4704 de
647 4653 754 4722 regno
780 4612 945 4705 Poloniae
971 4631 1116 4724 factam,
1152 4654 1248 4705 oram
1283 4652 1420 4723 quoque
1446 4631 1717 4703 Saudeczensem

118 4851 121 4857 Α
170 4756 400 4847 personaliter
425 4754 665 4842 recensuisset,
691 4753 814 4824 videns
840 4753 958 4825 villam
983 4753 1354 4844 Kamyeniczam,
1384 4753 1445 4824 uhi
1471 4772 1563 4824 nuno
1589 4750 1718 4823 Nova

170 4875 434 4949 Schandeoz
462 4876 531 4947 sita
557 4880 619 4965 est,
646 4873 690 4944 ad
709 4874 944 4964 episcopatum
962 4873 1222 4947 Graeoviensem
1249 4873 1491 4963 pertinentem,
1518 4872 1623 4945 sitnm
1649 4892 1714 4963 pro

171 4998 311 5070 civitate
337 4995 482 5069 locanda
507 4996 635 5067 hahere
663 4994 862 5085 elegantem,
889 5015 965 5066 eam
993 5015 1069 5066 cum
1095 4993 1119 5066 J
1128 4994 1307 5067 ohanne
1334 4994 1496 5084 episcopo
1522 4998 1606 5064 tunc
1631 4990 1716 5064 Gra-

169 5117 324 5190 coviensi
352 5117 515 5188 cambivit
549 5136 613 5206 pro
641 5114 768 5204 oppido
795 5121 832 5186 et
858 5115 1020 5187 districtu
1046 5114 1250 5205 Byeczensi,
1278 5113 1463 5185 collatione
1489 5118 1526 5184 et
1551 5113 1627 5184 iure
1652 5132 1715 5203 pa-

170 5244 329 5311 tronatus
355 5236 521 5309 ecclesiae
547 5235 755 5327 parochiahs
782 5236 817 5305 in
844 5235 971 5331 Nova
996 5235 1198 5307 Saudecz
1225 5234 1386 5325 episcopo
1413 5232 1636 5309 cracoviensi
1652 5252 1717 5325 pro
1795 5266 1804 5293 s

169 5366 324 5450 tempore
351 5359 387 5429 in
413 5363 617 5448 perpetuum
644 5361 833 5447 reservato,
860 5357 988 5447 dequo
1008 5356 1178 5430 idemrex
1200 5353 1528 5428 'Venczoslaus
1554 5352 1714 5429 solennes
1831 5446 1848 5459 ..

274 5525 322 5567 hia.
338 5525 433 5569 Benefle.
1512 5492 1554 5577 ⁶9
1658 5526 1670 5575 “.
