4080 6068
1611 471 1739 541 ,13

194 677 230 743 01
248 673 385 744 ducitur
402 675 553 764 propriis
580 676 739 747 curribus
766 696 828 765 per
851 676 1049 748 cmethoues
1075 677 1111 746 in
1136 676 1301 765 horreum
1328 698 1350 747 0
1376 677 1506 749 decano
1533 677 1738 768 eligendum.
1809 712 1816 724 ·
1870 711 1874 714 ·

194 793 340 865 Solvunt
366 795 471 865 etiam
490 794 656 867 decimam
670 797 793 886 canapi
810 817 874 886 per
886 802 1035 887 quatuor
1055 780 1233 900 iuuetur&
1253 802 1290 868 et
1317 796 1521 868 aestimatur
1548 797 1645 868 valor
1667 797 1742 868 eius

194 913 239 985 ad
253 913 369 985 decem
396 935 539 986 marcas.
567 914 645 987 Non
665 922 719 986 est
745 917 794 986 ibi
821 918 930 1004 curia,
949 938 1060 1008 neque
1075 917 1235 1003 taberna,
1255 936 1364 1004 neque
1383 915 1575 1004 hortulani,
1600 915 1661 987 sed
1688 921 1742 987 est

194 1035 243 1105 ibi
262 1035 401 1124 quidam
428 1056 521 1124 ager,
540 1036 733 1127 appellatus
751 1036 887 1126 Nywa
905 1037 1122 1155 plebanaligk
1138 1056 1239 1126 quem
1253 1035 1336 1107 colit
1353 1036 1498 1124 cmetho,
1517 1034 1560 1107 de
1580 1057 1646 1127 quo
1665 1056 1744 1126 per·

195 1154 280 1244 cipit
298 1155 464 1226 decimam
491 1155 739 1248 manipularem
771 1157 938 1245 plebanus
956 1157 999 1229 de
1017 1156 1040 1229 J
1049 1152 1205 1229 u'rkow
1223 1161 1260 1226 et
1278 1171 1440 1227 censum!

301 1273 424 1363 Gunw,
443 1276 526 1346 villa
539 1277 602 1346 snb
616 1277 782 1366 parochia
795 1278 959 1349 ecclesiae
982 1278 1024 1348 de
1047 1276 1249 1365 Radlow,
1272 1277 1368 1347 cuins
1383 1276 1578 1367 proprietas
1592 1277 1746 1365 pertinet

196 1396 240 1467 ad
268 1395 477 1467 Stanislaum
496 1396 844 1489 Marschowsky
871 1397 1079 1487 praelatum,
1106 1399 1142 1468 in
1170 1419 1239 1488 qua
1265 1403 1346 1469 sunt
1374 1403 1523 1486 quatuor
1546 1397 1637 1467 lanei
1656 1416 1746 1469 ome·

52 1520 56 1527 '
196 1517 368 1605 thonales,
386 1516 429 1587 de
449 1518 572 1608 quibus
591 1519 749 1591 omnibus
776 1519 923 1591 solvitur
951 1517 1083 1589 decima
1109 1516 1335 1607 manipularis
1354 1515 1536 1587 decanatui
1555 1521 1591 1587 et
1609 1510 1747 1588 ducitur

195 1658 258 1728 per
276 1637 473 1709 cmethones
500 1639 535 1708 in
563 1639 725 1710 horreum
753 1660 775 1708 a
801 1639 931 1710 decano
959 1637 1155 1727 locandum,
1183 1636 1269 1708 dant
1295 1636 1402 1707 etiam
1429 1635 1596 1706 decimam
1623 1636 1745 1739 canapi
1782 1635 1786 1640 ’

195 1778 258 1846 per
285 1764 435 1846 quatuor
449 1739 641 1830 iuncturas.
668 1757 735 1828 Est
753 1759 858 1828 etiam
876 1759 925 1829 ibi
944 1759 1040 1828 curia
1058 1758 1233 1845 militaris,
1260 1757 1392 1827 habens
1416 1776 1518 1845 agros
1537 1755 1746 1846 praediales,

196 1877 239 1948 de
258 1879 382 1965 quibus
400 1878 596 1967 percipiunt
623 1878 790 1948 decimam
808 1877 1027 1948 monachide
1046 1876 1267 1949 Paenitentia
1284 1875 1473 1947 Beatorum
1487 1875 1684 1967 Martyrum
1711 1876 1747 1946 in

199 1997 560 2087 Trzeszczyana.
587 1996 696 2067 Valor
715 1996 881 2086 decimae,
910 2018 997 2088 quae
1024 1997 1116 2069 cedit
1142 1984 1339 2086 decanatui,
1367 1997 1411 2068 ad
1427 2001 1511 2084 tres
1537 2015 1672 2068 marcas
1691 2016 1748 2068 ae·

199 2116 373 2186 stimatur.
510 2184 517 2191 .
1281 2106 1285 2111 ¹
1787 2176 1801 2193 a

303 2235 546 2326 Brsuuruczu,
562 2235 646 2306 villa
656 2238 719 2307 sub
729 2237 894 2326 parochia
907 2235 1071 2309 ecclesiae
1085 2236 1128 2308 de
1142 2236 1328 2308 Radlow
1344 2237 1425 2327 sita,
1440 2230 1536 2330 0111110
1551 2236 1749 2326 proprietas

199 2355 352 2445 pertinet
369 2354 413 2425 ad
432 2356 628 2445 episcopum
647 2355 919 2428 Gracoviensem.
946 2358 986 2427 ln
1001 2379 1069 2449 qua
1082 2363 1164 2429 sunt
1178 2356 1371 2448 quindecim
1390 2357 1481 2427 lanei
1500 2357 1748 2445 cmethonales,

198 2473 364 2544 tabernae
392 2473 493 2564 duae,
521 2477 697 2546 hortulani
724 2477 803 2566 duo,
831 2478 998 2549 habentes
1017 2499 1120 2568 agros
1148 2478 1331 2569 speciales,
1369 2477 1411 2547 de
1440 2477 1564 2566 quibus
1592 2477 1750 2549 omnibus

199 2594 345 2665 solvitur
361 2593 492 2684 decima
510 2597 750 2685 manipularis
827 2598 957 2670 decano
976 2605 1012 2669 et
1031 2600 1169 2670 ducitur
1191 2598 1343 2688 propriis
1362 2597 1521 2669 curribus
1538 2618 1601 2686 per
1619 2597 1749 2669 incolas

152 2771 154 2774 .
199 2715 234 2783 in
253 2714 415 2785 horreum
435 2736 456 2785 a
474 2716 603 2787 decano
622 2717 734 2806 eligen
787 2798 795 2819 Ι,
839 2723 885 2791 01
912 2719 1050 2791 solvunt
1069 2719 1235 2791 decimam
1255 2719 1377 2808 canapi
1396 2739 1458 2808 per
1482 2722 1631 2806 quatuor
1648 2738 1750 2806 geru·

198 2856 260 2924 gas
284 2841 320 2905 et
346 2836 550 2908 aestimatur
568 2838 666 2910 valor
680 2839 753 2912 eius
767 2820 812 2911 ad
825 2839 972 2929 triginta
985 2830 1129 2911 marcas.
1156 2839 1234 2911 Non
1253 2846 1307 2910 est
1320 2839 1369 2910 ibi
1383 2839 1493 2927 curia,
1519 2856 1631 2930 neque
1649 2858 1750 2929 prae-

199 2954 294 3025 dium
312 2955 521 3047 episcopale3
549 2958 609 3030 sed
627 2959 810 3048 episcopus
828 2960 911 3031 colit
927 2966 1002 3031 tres
1020 2961 1138 3032 laneos
1156 2948 1405 3048 cmetbo'nales,
1440 2958 1483 3030 de
1502 2955 1633 3049 quibus
1645 2958 1750 3030 etiam

59 3109 65 3116 ·
128 3060 134 3067 ’
200 3073 261 3146 dat
278 3073 444 3147 decimam
463 3079 713 3169 manipularem
730 3101 794 3169 pro
813 3079 943 3152 decano
962 3077 1229 3176 inperitiarum.

305 3200 655 3288 Sznczucnowrczu,
673 3200 756 3271 villa
771 3202 834 3272 sub
849 3201 1015 3290 parocbia
1030 3198 1194 3272 ecclesiae
1218 3199 1261 3270 de
1288 3198 1409 3271 Gora
1435 3197 1518 3288 sita,
1545 3199 1642 3270 cuius
1668 3198 1750 3269 hae-

202 3343 258 3392 res
284 3319 477 3393 Dobeslaus
500 3318 680 3392 Rokosz
707 3321 750 3393 de
772 3321 1064 3412 Koszczycze
1091 3320 1134 3392 de
1162 3320 1262 3392 domo
1290 3319 1473 3420 Ostoya.
1501 3319 1541 3390 In
1568 3340 1637 3410 qua
1662 3340 1751 3390 unus

201 3448 337 3513 tantum
355 3441 489 3529 laneuS,
516 3440 683 3511 decimam
706 3443 956 3532 manipularem
975 3446 1011 3512 et
1029 3441 1228 3532 canapalem
1247 3440 1396 3512 reddens
1414 3439 1564 3528 decan03
1591 3445 1628 3511 et
1654 3439 1752 3511 valor

202 3563 276 3634 eius
303 3561 347 3632 ad
374 3581 478 3633 uuam
505 3582 664 3631 marcam.
691 3561 770 3640 Non
790 3552 871 3634 sunt
893 3563 942 3633 ibi
960 3562 1194 3652 hortulauiae,
1220 3582 1332 3652 neque
1359 3560 1541 3649 tabernae,
1569 3550 1629 3631 sed
1656 3559 1753 3631 curia

201 3683 376 3772 militaris,
395 3701 491 3773 *quae
520 3680 562 3751 de
581 3682 675 3771 agris
694 3683 841 3772 plebano
860 3683 895 3753 in
914 3681 1036 3754 Gora
1054 3681 1211 3753 decimat.

305 3803 616 3890 Sunocuowrczu,
635 3802 718 3873 villa
745 3804 809 3874 sub
828 3803 993 3892 parocbia
1020 3802 1185 3874 ecclesiae
1212 3801 1255 3873 de
1281 3798 1511 3892 Woynycz
1539 3800 1624 3887 sita,
1656 3799 1753 3870 cuius
1896 3863 1899 3868 .
1985 3823 1992 3831 ·

202 3927 325 3996 haeres
344 3921 693 4015 Syrochowsky,
712 3922 754 3994 de
773 3921 873 3994 domo
892 3921 1188 4012 Gripbonum.
1215 3923 1254 3992 ln
1274 3942 1342 4011 qua
1360 3926 1441 3992 suut
1459 3920 1527 3992 duo
1546 3919 1637 3989 lanei
1664 3938 1754 3990 cmc-

203 4046 374 4134 thonales,
392 4046 477 4116 item
490 4064 561 4119 une
574 4044 734 4134 taberna,
749 4045 880 4116 babens
895 4065 1011 4135 agros,
1027 4043 1068 4114 de
1084 4043 1207 4135 quibus
1222 4042 1369 4115 solvitur
1378 4042 1511 4113 decima
1524 4038 1754 4130 manipularis

203 4173 238 4237 et
266 4167 404 4237 ducitur
430 4185 493 4254 per
520 4165 719 4238 emethones
747 4166 783 4236 in
810 4165 973 4237 borreum
1005 4170 1042 4236 et
1067 4164 1173 4236 solvit
1199 4185 1262 4254 pro
1290 4162 1423 4235 decima
1449 4162 1572 4253 canapi
1604 4167 1765 4262 quatuor·
1872 4185 1874 4192 ’

202 4289 340 4377 ierugas
359 4291 395 4356 01
413 4286 510 4357 valor
529 4287 603 4357 eius
631 4286 675 4357 ad
703 4287 787 4358 duas
815 4306 958 4358 marcas.
985 4285 1129 4357 Residui
1158 4290 1276 4357 autem
1301 4285 1393 4356 lanei
1419 4290 1492 4357 tres
1520 4283 1753 4356 amethonales

204 4409 317 4479 dictae
335 4407 451 4495 villae,
479 4406 618 4479 solvimt
636 4407 1070 4497 decimammauipularem
1088 4407 1124 4478 in
1143 4405 1305 4498 Woyni
1317 4427 1372 4478 cz.
1412 4405 1490 4477 Non
1509 4411 1564 4477 001
1581 4405 1630 4477 ibi
1649 4407 1755 4477 curia·

306 4528 471 4616 Bnouru,
489 4527 573 4599 villa
591 4528 654 4600 sub
673 4528 839 4619 parochia
856 4529 1020 4601 ecclcsiae
1049 4529 1092 4600 de
1110 4527 1134 4601 J
1144 4527 1357 4601 odlowka
1374 4529 1453 4617 sita,
1471 4528 1568 4600 cuius
1585 4525 1754 4599 haeredes

116 4626 121 4740 s
205 4649 391 4721 Yohannes
418 4648 624 4740 Blcnsky
652 4655 688 4721 et
711 4648 860 4720 Thomas
878 4647 1196 4740 Kazymirsky.
1223 4647 1264 4719 In
1279 4668 1347 4738 qua
1362 4646 1430 4720 duo
1445 4667 1521 4718 cum
1535 4604 1755 4717 meh'dlanei

205 4769 452 4858 emethonales,
481 4767 523 4840 de
543 4769 666 4861 quibus
684 4769 818 4842 decima
835 4768 1061 4859 manipularis
1088 4774 1125 4840 et
1152 4769 1327 4859 canapalis
1359 4789 1422 4859 per
1440 4771 1590 4859 quatuor
1617 4765 1755 4853 ierugas

206 4891 353 4962 solvitur
371 4911 435 4980 pro
454 4890 582 4961 decano
601 4895 637 4962 et
655 4891 860 4962 aestimatur
873 4889 973 4962 valor
986 4891 1060 4961 eius
1079 4890 1124 4961 ad
1138 4889 1224 4962 duas
1238 4909 1382 4960 marcas.
1409 4887 1488 4959 Nou
1503 4890 1557 4958 est
1570 4886 1620 4957 ibi
1637 4884 1755 4955 taber-

206 5031 260 5100 na,
278 5031 389 5102 neque
408 5009 594 5100 hortulani,
610 5009 671 5081 sed
690 5015 771 5082 sunt
789 5008 877 5081 duae
896 5009 1021 5100 curiae,
1040 5029 1129 5101 quae
1147 5008 1304 5099 de—agris
1326 5007 1398 5081 suis
1417 5005 1589 5078 decimant
1607 5001 1755 5092 plebano

207 5131 242 5201 in
269 5129 292 5202 J
302 5130 522 5203 odlowka.
1373 5155 1376 5159 ·

206 5246 209 5250 “
310 5251 471 5342 Lunam,
499 5251 582 5323 villa
600 5252 663 5324 sub
682 5248 848 5341 parochia
866 5248 1030 5321 ecclesiae
1049 5248 1092 5335 de
1120 5246 1373 5319 Yodlowka
1400 5245 1481 5335 sita,
1508 5242 1605 5316 cuius
1631 5243 1756 5319 haeres

206 5371 383 5446 lohannes
401 5371 608 5465 Blcnsky
636 5378 672 5446 01
690 5370 840 5444 Thomas
858 5369 1192 5469 Kazymyrsky,
1210 5368 1246 5440 in
1265 5386 1333 5471 qua
1352 5365 1420 5441 duo
1439 5386 1515 5443 cum
1533 5365 1646 5448 medio
1664 5364 1757 5448 lanei
