4050 6054
1636 427 1708 498 557

922 582 937 613 ο
1517 573 1519 579 ,

162 633 379 722 intelligatur
404 633 481 722 ipso
498 632 591 705 facto
617 652 754 723 vacare,
777 616 1255 723 tenebiturque'nniversitas
1273 617 1480 705 vicariorum
1499 632 1712 704 Sandeczen-

163 754 250 824 sium
282 754 387 824 alium
413 754 573 825 idoneum
610 754 654 824 ad
679 753 793 824 locum
828 754 949 825 taliter
975 760 1153 824 vacantem
1190 754 1403 825 substituere
1438 759 1473 823 et
1499 774 1712 844 promovere,

162 874 249 945 alias
284 894 347 964 per
373 874 618 964 negligentiam
654 894 752 945 snam
780 874 891 945 sciant
917 877 962 951 ,et
988 874 1075 945 certi
1111 874 1199 964 sint,
1233 875 1384 945 vicariae
1410 874 1532 945 taliter
1557 875 1712 946 vacantis

161 994 394 1085 provisionem
422 993 465 1064 ad
493 993 705 1066 ordinarium
731 994 799 1067 loci
826 994 1021 1065 devolutam
1049 1014 1145 1083 esse,
1170 991 1244 1065 iore
1271 1000 1307 1065 et
1334 992 1602 1083 devolvendam3
1629 995 1712 1064 item

162 1113 273 1186 voluit
299 1112 390 1183 idem
417 1112 601 1183 cardinalis
628 1117 664 1183 et
683 1112 851 1201 decrevit,
878 1119 918 1184 ut
935 1113 1109 1184 institutio
1137 1117 1174 1184 et
1199 1113 1352 1203 provisio
1380 1113 1565 1185 cuiuslibet
1590 1113 1713 1184 vicarii

163 1232 425 1322 Sandeczensis,
452 1233 606 1304 visitatio
634 1238 669 1304 et
696 1233 864 1304 correctio
901 1233 944 1304 ad
971 1233 1139 1305 decanum
1165 1232 1434 1305 Sandeczensem
1465 1253 1529 1323 pro
1556 1238 1712 1323 tempore

164 1353 348 1444 pertineat
1286 1415 1289 1422 Α
1660 1356 1668 1370 ·

266 1473 315 1546 Ut
341 1479 456 1544 antem
491 1473 671 1562 collegium
705 1471 942 1563 praefatorum
978 1478 1056 1544 octo
1082 1473 1290 1544 vicariorum
1326 1472 1488 1562 religiose
1525 1473 1641 1563 vivat,
1677 1480 1713 1545 et

164 1613 279 1665 coram
295 1593 369 1664 Deo
388 1597 423 1663 et
439 1592 635 1664 hominibus
654 1612 759 1682 opere
785 1599 822 1664 et
840 1592 995 1683 exemplo
1022 1592 1260 1683 resplendeat,
1286 1593 1412 1683 voluit,
1445 1592 1613 1683 decrevit,
1641 1599 1712 1664 sta-

163 1713 231 1785 tuit
266 1718 301 1783 et
326 1712 561 1803 privilegiavit
595 1711 686 1784 idem
712 1711 942 1802 Sbigneus
980 1712 1183 1802 cardinalis,
1210 1717 1250 1784 ut
1277 1714 1341 1784 sub
1368 1733 1437 1785 uno
1463 1717 1558 1783 tecto
1584 1713 1714 1803 vivant,

164 1833 338 1903 dormiant
364 1837 400 1903 et
426 1835 608 1922 maneant,
643 1837 679 1902 et
704 1851 808 1903 unam
834 1852 988 1903 mensam
1023 1851 1235 1903 communem
1263 1832 1432 1921 habeant,
1464 1832 1587 1904 melius
1613 1833 1713 1904 testi-

163 1953 324 2042 moninm,
351 1945 595 2042 melioremque
613 1940 888 2023 aestimationem
916 1951 1007 2042 apud
1026 1951 1166 2041 vnlgum
1193 1972 1276 2022 snae
1302 1948 1511 2042 parochiae,
1532 1956 1568 2023 et
1585 1952 1713 2042 nbiqne

165 2073 334 2161 habituri,
362 2073 392 2142 si
411 2072 543 2143 alienas
569 2072 673 2144 aedes
699 2077 735 2143 et
752 2092 889 2144 mensas
916 2093 985 2143 non
1003 2071 1312 2162 frequentaverint,
1339 2077 1576 2162 acontemptn
1602 2072 1715 2163 layco-

170 2213 246 2263 rum
264 2200 312 2263 'se
338 2191 557 2264 vindicaturi.
602 2191 701 2280 Quod
731 2198 772 2263 nt
789 2192 923 2263 facilins
950 2198 986 2263 et
1013 2194 1048 2263 in
1066 2212 1232 2283 praesens
1259 2197 1295 2262 et
1311 2191 1466 2263 futurum
1492 2197 1610 2282 posset
1635 2213 1716 2283 pro-

165 2313 284 2384 venire
319 2316 355 2382 et
381 2311 524 2400 durare,
560 2294 714 2402 pecuniis
749 2312 900 2402 propriis
934 2312 1085 2383 nobilem
1121 2311 1259 2383 domum
1284 2315 1475 2400 muratam,
1511 2311 1644 2402 largam
1678 2317 1715 2382 et
1829 2312 1831 2317 '

165 2433 321 2522 longam,
358 2450 445 2522 qnae
472 2431 553 2502 olim
588 2452 652 2521 pro
678 2432 855 2522 praetorio
883 2431 1111 2503 Sandeczensi
1137 2432 1351 2520 habebatur,
1378 2430 1470 2521 apud
1497 2432 1713 2503 consulatum

164 2552 435 2624 Sandeczensem
470 2572 533 2641 pro
560 2556 698 2623 centum
725 2552 975 2641 qninquaginta
1005 2550 1131 2621 marcis
1157 2572 1221 2640 pro
1249 2550 1341 2621 dicta
1366 2552 1594 2622 universitate
1623 2552 1715 2623 vina·

165 2673 295 2743 riorum
323 2670 610 2742 Sandeczensium
628 2675 796 2761 perpetua
823 2671 996 2761 emptione
1015 2671 1152 2760 coemit,
1180 2690 1324 2760 eamque
1352 2656 1545 2760 sumptibus
1563 2672 1715 2760 propriis

166 2792 210 2864 ad
237 2793 323 2864 alias
350 2796 485 2863 centum
521 2792 772 2882 qninquaginta
801 2811 936 2862 marcas
972 2813 1009 2862 se
1045 2790 1311 2863 extendentibus
1338 2790 1478 2880 reiecit,
1514 2790 1715 2863 fabricando

166 2915 201 2985 in
220 2933 261 2985 ea
278 2919 316 2984 et
332 2933 375 2984 ex
393 2933 492 3001 mnro
520 2917 614 2983 etex
632 2912 728 3003 ligno
755 2912 1005 3003 pulcherrimas
1033 2917 1069 2982 ct
1086 2911 1203 3002 largas
1225 2932 1379 2984 cameras
1401 2916 1439 2983 et
1456 2912 1543 2984 alias
1562 2911 1716 2983 officinas
1767 2967 1770 2971 .

167 3055 230 3124 pro
248 3034 456 3105 necessitate
474 3038 510 3104 et
522 3031 775 3104 inhabitatione
793 3033 1001 3105 vicariorum
1017 3032 1301 3106 Sandeczensium
1320 3032 1565 3123 praelatorum,
1583 3037 1717 3122 partem

171 3155 276 3225 etiam
295 3154 444 3243 aliquam
459 3153 581 3225 domus
594 3153 793 3242 praedictae
808 3154 843 3222 in
857 3174 955 3224 muro
969 3154 1064 3243 ligno
1079 3157 1114 3223 et
1126 3153 1162 3223 in
1176 3173 1268 3244 area,
1286 3172 1374 3243 quae
1395 3152 1606 3243 superfluere
1624 3152 1719 3224 vide-

171 3275 286 3364 batur,
313 3273 494 3344 decanatui
512 3277 680 3362 perpetuo
700 3270 916 3362 conferendo,
935 3272 1039 3342 aliam
1058 3293 1141 3344 vero
1160 3272 1343 3344 maximam
1362 3276 1398 3344 et
1416 3271 1621 3345 nobiliorem
1639 3292 1719 3362 par-

60 3397 62 3401 ’
170 3400 241 3465 tem
267 3394 304 3465 in
322 3392 584 3464 universitatem
602 3368 795 3482 praefatam
821 3392 1029 3462 vicariorum
1047 3386 1333 3462 Sandeczensium
1359 3396 1528 3481 perpetuo
1549 3391 1719 3463 donando.

166 3514 236 3586 Pro
250 3520 323 3585 tam
335 3513 472 3585 liberali
486 3517 602 3584 antem
615 3516 652 3583 et
664 3518 736 3582 tam
750 3511 931 3583 excellenti
943 3511 1109 3583 beneficio
1123 3517 1194 3582 tam
1208 3511 1405 3602 benigniter
1418 3512 1599 3601 praestito,
1618 3532 1719 3602 prae-

107 3684 112 3692 ·
165 3633 258 3706 latus
285 3634 516 3724 Sbignens
543 3631 745 3721 cardinalis,
772 3631 898 3702 dictam
916 3631 1179 3703 universitatem
1205 3632 1412 3704 vicariorum
1431 3618 1718 3721 Sandeczensinm

82 3802 84 3809 ,
138 3754 305 3827 nonnisi
331 3753 375 3826 ad
392 3750 497 3824 unum
524 3753 797 3824 anniversarium
823 3773 886 3843 per
903 3772 1025 3824 novem
1044 3752 1230 3823 lectionum
1258 3751 1394 3841 vigilias
1423 3756 1459 3823 et
1478 3749 1719 3823 defunctorum

75 3896 78 3902 ·
167 3877 307 3948 missam
342 3895 426 3946 voce
453 3893 599 3962 sonora,
634 3873 671 3943 in
706 3872 762 3944 die
790 3873 906 3944 obitus
933 3872 1004 3960 sni,
1040 3872 1155 3961 prima
1181 3871 1343 3943 videlicet
1370 3871 1426 3942 die
1454 3871 1601 3962 Aprilis,
1629 3872 1721 3961 qnod

168 3996 381 4068 tenebuntur
406 3995 551 4086 populo,
578 3993 622 4064 ad
639 3993 803 4083 populum
831 4000 1033 4083 utrumque,
1060 3992 1265 4063 almanicum
1284 3991 1446 4064 videlicet
1472 3996 1508 4063 et
1525 3992 1720 4081 polonicum

166 4117 325 4207 proximo
353 4116 408 4187 die
436 4114 605 4185 dominico
641 4119 703 4185 aut
720 4114 844 4185 festivo
871 4113 1070 4185 immediate
1096 4112 1332 4204 praecedenti,
1359 4118 1534 4202 tamqnam
1561 4112 1721 4184 fundato-

168 4238 217 4308 ris
244 4241 280 4307 et
304 4235 535 4307 benefactoris
552 4235 616 4306 sui
643 4235 799 4324 primarii
826 4234 1032 4325 explendum
1058 4232 1238 4322 intimare,
1266 4233 1444 4323 obligavit.

272 4357 456 4429 Prohibuit
483 4357 586 4427 ctiam
613 4356 704 4426 idern
731 4355 960 4446 Sbigncus
988 4354 1174 4426 cardinalis
1201 4360 1237 4425 et
1264 4355 1445 4445 episcopus
1472 4352 1721 4445 Craooviensis,
1810 4358 1815 4363 ’

168 4501 212 4550 ne
238 4479 363 4568 aliquis
389 4477 566 4569 praelatus
594 4480 656 4548 aut
682 4477 866 4547 canonieus
894 4476 1160 4582 Sandeczensis,¹
1185 4475 1446 4565 inspatronatus
1472 4481 1534 4546 ant
1559 4495 1721 4566 praesen-

168 4599 335 4671 tationem
362 4598 571 4670 vicariorum
596 4596 884 4669 Sandeczonsium
910 4596 977 4669 sibi
1004 4596 1180 4686 vendicet,
1211 4601 1273 4667 ant
1299 4596 1484 4668 vendicare
1511 4602 1721 4687 praesumat,

169 4720 358 4791 decernens
377 4723 412 4789 et
430 4724 606 4807 statuam,
623 4724 664 4789 ut
681 4717 892 4789 universitas
910 4717 1118 4788 vicariorum
1136 4716 1424 4788 Sandeczensinm
1443 4716 1486 4788 ad
1505 4716 1582 4787 loca
1599 4736 1742 4786 vacari·-

168 4842 218 4912 tia
243 4839 452 4911 vicariorum
487 4839 709 4929 presbyteros
745 4838 888 4910 idoneos
926 4843 1090 4909 teneatur
1117 4837 1245 4928 eligere
1277 4843 1314 4908 et
1340 4837 1469 4908 decano
1497 4835 1726 4908 Sandeczensi

168 4960 398 5032 instituendos
423 4965 666 5050 praesentare,
702 4958 880 5049 adquam
902 4958 956 5029 ins
982 4957 1248 5049 praesentandi,
1283 4957 1484 5029 nominandi
1510 4961 1547 5028 et
1572 4957 1723 5047 eligendi

169 5099 287 5150 omnes
314 5078 462 5150 vicarias
489 5083 525 5148 et
542 5097 709 5168 personas
727 5077 939 5167 earumdem,
967 5077 1121 5149 decrevit
1148 5083 1184 5148 et
1201 5076 1438 5167 privilegiavit
1459 5080 1626 5167 perpetuo
1644 5096 1723 5168 per·

168 5199 301 5287 tinere;
326 5198 425 5270 iuxta
452 5218 555 5289 quam
573 5197 827 5270 ordinationem
852 5199 1033 5290 regulatur
1059 5197 1191 5288 optimo
1217 5197 1290 5268 ritu
1313 5197 1460 5268 eeclesia
1477 5196 1723 5269 Sandeczensis

170 5318 206 5393 in
233 5318 391 5414 vicariis,
426 5338 505 5396 nam
532 5318 568 5395 in
596 5296 837 5398 decedentium
872 5318 950 5398 loca
976 5317 1151 5396 celebrato
1177 5316 1363 5416 scrutinio,
1399 5316 1538 5398 uonmd
1562 5317 1723 5397 meliores
