4050 6054
1636 481 1712 553 603

130 726 131 731 ¹
164 680 320 770 laborat,
354 680 417 752 sed
454 679 564 751 solum
600 679 645 751 ad
663 678 849 775 pomulam
875 686 1046 770 tenetnr3
1080 682 1164 752 item
1197 682 1235 751 in
1261 681 1382 754 eadem
1416 683 1500 755 villa
1534 689 1616 758 sunt
1639 689 1713 758 tres

170 800 398 890 hortulaniae,
426 803 462 870 et
481 804 605 872 'omnes
631 801 762 873 habent
788 822 901 891 agros,
927 801 1017 873 duae
1034 807 1150 875 autem
1167 801 1300 874 habent
1324 808 1436 893 prata,
1461 807 1499 875 et
1513 805 1619 876 tertia
1643 826 1713 878 non

165 922 291 1010 habet;
325 942 396 992 una
422 921 526 992 solvit
551 941 617 1013 pro
643 941 748 993 censu
783 921 901 994 decem
936 941 1097 1012 grossos3
1133 921 1222 994 aliae
1249 927 1364 994 autam
1400 923 1491 995 dnae
1519 942 1713 1015 perunum

164 1041 343 1130 femmam,
369 1047 405 1112 et
432 1061 550 1115 omnes
576 1047 650 1113 tres
677 1063 783 1113 unum
810 1042 902 1113 diem
928 1042 964 1113 in
991 1042 1186 1131 septimana
1210 1042 1392 1134 pedestres
1419 1043 1590 1116 laborant
1623 1046 1712 1118 Item

164 1140 279 1232 estin
306 1160 425 1232 eadem
460 1162 544 1232 villa
579 1161 812 1233 molendinum
847 1162 977 1233 bonnm
998 1152 1046 1232 ‘in
1071 1160 1224 1233 flumine
1246 1162 1538 1255 Srzeuyawa,
1574 1164 1617 1237 de
1644 1186 1712 1256 quo

164 1281 347 1353 solvuntur
373 1283 536 1353 canonico
563 1281 652 1353 duae
677 1286 847 1354 metretae
874 1282 1196 1372 emolumentorum,
1224 1286 1260 1354 et
1285 1283 1427 1355 tertiam
1453 1284 1521 1356 sibi
1546 1285 1713 1357 molendi-

165 1406 269 1473 nator
305 1408 479 1492 reservat,
515 1407 551 1473 et
576 1402 675 1475 valor
700 1392 894 1475 molendini
923 1403 1127 1473 aestimatur
1153 1401 1198 1473 ad
1224 1401 1405 1475 duodecim
1438 1423 1582 1476 marcos.
1624 1404 1713 1477 Item

100 1533 103 1537 ’
165 1542 283 1593 omnes
309 1522 401 1593 lanei
427 1523 659 1595 cmethonales
686 1529 722 1595 et
748 1524 1009 1594 tabernatornm
1036 1526 1071 1593 et
1087 1522 1352 1594 hortulanorum
1379 1522 1519 1596 solvunt
1544 1524 1710 1596 decimam

165 1642 415 1732 manipularem
441 1643 660 1732 praebendae
687 1643 857 1715 secundae
875 1643 1003 1714 eteius
1025 1643 1189 1714 canonico
1216 1648 1253 1714 et
1269 1647 1432 1715 tenentur
1457 1664 1533 1715 eam
1559 1645 1710 1735 propriis

164 1763 324 1834 curribus
351 1762 514 1835 inducere
532 1764 751 1835 inhorreum
777 1761 949 1852 Gorka;
975 1763 1141 1834 decimam
1168 1783 1251 1834 vero
1275 1764 1473 1854 canapalem
1500 1784 1543 1835 ex
1570 1785 1711 1837 consve-

166 1882 287 1954 tudine
313 1886 529 1975 praescripta
547 1906 617 1955 non
636 1884 784 1956 solvunt
810 1885 897 1955 Item
924 1883 960 1954 in
988 1883 1108 1954 eadem
1126 1883 1210 1955 villa
1236 1889 1290 1955 est
1315 1885 1495 1975 praedium
1512 1885 1710 1957 canonicale

164 2003 200 2073 in
227 2009 300 2075 tres
327 2024 465 2095 campos
500 2004 667 2095 divisum,
703 2003 896 2096 dequibus
922 2003 1009 2077 nuli
1035 1987 1140 2077 solvit
1175 2003 1358 2096 decimam,
1393 2004 1454 2078 sed
1481 2025 1557 2076 eam
1582 2025 1647 2096 pro
1674 2025 1712 2078 se

164 2123 258 2195 tollit
284 2129 320 2194 et
345 2124 381 2194 in
408 2124 571 2195 horreum
598 2122 740 2196 inducit

266 2241 355 2316 Item
372 2242 528 2334 praefata
545 2243 628 2316 villa
645 2243 797 2316 confimat
813 2263 891 2316 cum
917 2243 1009 2315 villis
1037 2243 1409 2339 Stognyewycze,
1434 2243 1710 2336 Przeswodi,

163 2362 365 2454 Kowale,
400 2361 640 2454 Myschow,
666 2363 690 2436 J
699 2354 997 2438 akubow'icze
1023 2370 1060 2437 et
1086 2417 1259 2456 ......
1286 2370 1322 2436 et
1347 2365 1439 2438 inter
1466 2385 1583 2439 omnes
1609 2363 1710 2439 villas

165 2481 343 2574 praefatas
370 2489 451 2555 sunt
477 2483 728 2575 distinctiones,
755 2504 844 2576 quae
870 2491 1040 2558 vocantur
1064 2480 1201 2581 cpozdy.

266 2604 355 2676 Item
380 2603 578 2695 praebenda
603 2594 761 2694 praefata
787 2604 938 2679 secunda
961 2608 1083 2677 taxata
1108 2609 1163 2678 est
1189 2604 1234 2676 ad
1261 2659 1268 2676 .
1296 2659 1304 2675 .
1331 2659 1339 2676 .
1366 2660 1374 2677 .

215 2798 357 2881 Tertia
391 2745 632 2904 praebenda
665 2797 808 2881 Sancti
825 2798 1001 2921 Aspidii,
1029 2756 1321 2905 connominato
1350 2799 1670 2909 Prandnyczlsa.
1703 2747 1717 2782 γ’

207 3035 218 3049 ,
267 2967 387 3038 TertIa
411 2969 610 3058 praebenda
637 2966 754 3039 Sancti
781 2968 920 3059 Aegidii
947 2970 1187 3059 cognominata
1212 2973 1266 3040 est
1291 2968 1550 3040 Prandniczska
1575 2969 1711 3041 ratione

162 3088 277 3179 fundi,
304 3108 406 3178 quem
431 3089 539 3160 habet
564 3088 902 3180 inPranduyky‚
929 3108 1031 3179 quam
1050 3108 1142 3160 nunc
1159 3088 1449 3161 tenetJohannes
1475 3088 1711 3182 Myeczyn·

163 3209 229 3301 sky
254 3209 380 3282 nobilis
407 3208 450 3280 de
476 3210 582 3280 armis
610 3208 884 3300 cygnorum,
911 3209 1009 3280 cuius
1035 3208 1247 3299 infrascripti
1273 3212 1355 3281 sunt
1379 3214 1578 3298 proventus.

189 3400 195 3409 ,
265 3329 492 3419 Padusam
518 3328 602 3400 villa
628 3331 694 3401 sub
719 3330 887 3419 parochia
920 3329 1086 3413 ecclesiae
1112 3328 1145 3400 S.
1172 3328 1308 3400 Nicolai
1333 3334 1415 3400 ante
1441 3348 1559 3400 muros
1586 3327 1711 3401 Gracc·

164 3452 301 3522 vienses
335 3451 421 3539 sita,
457 3450 555 3522 cuius
593 3450 788 3540 proprietas
815 3454 851 3520 et
877 3448 1065 3521 dominium
1101 3448 1146 3519 ad
1180 3448 1341 3519 abbatem
1377 3448 1649 3540 Thyniciensem,
1675 3449 1712 3521 iu

164 3592 233 3660 qua
257 3570 456 3660 praebenda
481 3571 587 3642 tertia
621 3569 880 3642 Prandniczslsa
914 3570 1021 3640 habet
1054 3568 1222 3640 decimam
1256 3568 1471 3658 pecunialem
1499 3567 1541 3640 de
1568 3569 1710 3659 praedio
1773 3589 1780 3610 ’

164 3696 201 3763 et
226 3688 342 3780 fundo,
368 3690 414 3762 ad
439 3690 527 3762 duos
550 3688 672 3762 laneos
699 3691 892 3779 aestimato,
915 3708 1015 3780 quem
1041 3689 1078 3759 in
1104 3686 1336 3778 praesentiam
1359 3688 1443 3759 civis
1471 3687 1710 3761 cracoviensis

115 3800 121 3807 ’
163 3809 314 3884 Iacobus
335 3811 448 3884 dictus
465 3810 673 3883 Schelwa
699 3815 812 3901 tenet,
839 3815 876 3882 et
901 3809 1006 3882 solvit
1023 3829 1087 3901 pro
1113 3829 1227 3879 annua
1245 3808 1378 3880 decima
1395 3809 1559 3880 canonIco
1576 3828 1711 3881 marcas

163 3953 265 4005 unam
279 3952 356 4004 cum
369 3932 512 4004 dimidia
524 3933 670 4022 pecunia
683 3933 862 4003 communi.
888 3930 977 4003 Sunt
990 3931 1095 4002 etiam
1112 3930 1149 4000 in
1167 3929 1287 4000 eadem
1305 3928 1387 4000 villa
1400 3927 1637 3999 P·randuik
1650 3929 1711 4000 alii

163 4054 233 4126 dno
250 4053 341 4125 lanei
358 4053 479 4143 liberi,
505 4073 592 4144 quos
610 4073 700 4124 nunc
717 4056 838 4125 tenent
862 4051 1097 4122 Martinus
1115 4054 1152 4121 et
1172 4048 1195 4122 J
1200 4043 1352 4121 acobns
1378 4048 1441 4121 filii
1467 4048 1642 4121 Martini
1666 4048 1711 4123 de

163 4174 504 4264 Betthowicze‚
539 4174 676 4245 ratione
702 4172 928 4244 haereditatis
955 4175 1141 4262 maternae,
1169 4189 1256 4260 quae
1284 4169 1487 4241 Stachna
1512 4170 1711 4242 vocabatur.

163 4293 212 4365 IIi
246 4299 362 4365 autem
398 4299 547 4384 quatuor
589 4293 694 4365 lanei.
715 4292 959 4388 Druanthowe
993 4290 1081 4362 alias
1115 4289 1350 4362 Dobkowskie
1384 4289 1616 4378 vocabantur,
1651 4289 1712 4378 qui
1791 4363 1797 4373 ,

162 4415 268 4488 etiam
293 4434 358 4507 pro
384 4415 517 4487 decima
551 4413 758 4505 manipulari
793 4413 934 4486 solvunt
967 4410 1146 4502 praelatae
1179 4409 1399 4502 praebendae
1425 4409 1545 4482 Sancti
1570 4407 1711 4499 Aegldil

162 4554 268 4609 unam
294 4556 373 4608 cum
397 4535 513 4607 media
538 4556 682 4624 marcas,
709 4532 856 4625 pecnnia
881 4531 995 4605 usuali
1020 4550 1085 4622 pro
1112 4530 1202 4604 festo
1219 4531 1253 4603 S.
1270 4530 1427 4603 Martini.
1453 4528 1566 4601 Ambo
1594 4528 1711 4601 auwm

135 4655 312 4747 ‘praefati
346 4660 495 4746 quatuor
529 4655 620 4727 lanei
654 4654 823 4726 habentes
857 4658 960 4744 prata
990 4653 1139 4744 optima,
1175 4652 1211 4723 in
1237 4651 1313 4724 iure
1338 4649 1501 4724 temestri
1535 4648 1596 4722 siti
1620 4654 1711 4740 sunt,

163 4775 265 4850 liberi
292 4777 336 4849 ab
363 4777 457 4848 omni
483 4796 588 4848 ceusu
613 4779 649 4847 et
674 4775 816 4847 tributo.
1497 4866 1500 4873 ¹

266 4897 516 4986 Rasowrezs,
541 4895 626 4968 villa
651 4895 716 4968 sub
742 4894 909 4986 parochia
932 4893 1099 4966 eeclesiae
1118 4891 1151 4964 S.
1168 4891 1305 4965 Nicolai
1330 4897 1414 4963 ante
1439 4909 1558 4962 muros
1585 4887 1711 4987 Grano-

163 5018 300 5090 rienses
327 5018 415 5107 sita,
441 5014 539 5090 cuius
565 5013 761 5108 proprietas
788 5015 834 5086 ad
860 5011 1117 5087 serenissimum
1143 5012 1309 5085 Poloniae
1334 5030 1452 5103 regem
1477 5010 1648 5101 pertinet,
1673 5008 1711 5081 in

164 5158 235 5228 qua
268 5143 350 5209 sunt
384 5141 517 5230 septam
549 5136 643 5210 lanei
677 5135 929 5226 cmethonales,
967 5135 1011 5206 da
1045 5135 1171 5225 quibus
1205 5133 1364 5205 omnibus
1398 5131 1545 5204 solvitur
1570 5129 1713 5220 ‚deum

164 5257 391 5346 manipularis
417 5263 453 5329 et
477 5276 541 5348 per
567 5262 718 5348 quatuor
743 5254 883 5345 ierugas
910 5254 1087 5344 canapalis
1112 5253 1239 5325 tertiae
1265 5250 1484 5343 praebendae
1507 5247 1710 5345 Sdcgidli,
1861 5264 1866 5272 ‘

165 5383 203 5452 et
223 5382 387 5454 tenentur
412 5397 488 5452 eam
514 5379 712 5454 cmethones
737 5376 902 5455 inducere
928 5377 965 5453 iu
982 5375 1145 5452 horreum
1163 5392 1186 5448 a
1204 5371 1368 5449 canomco
1393 5368 1587 5467 locandum,
1611 5369 1711 5445 cuius
1739 5430 1743 5438 .
