4050 6054
1698 497 1772 574 419

228 692 427 795 episcopum
463 697 547 764 tuuc
573 691 857 784 cracoviensem,
883 699 920 767 et
946 694 1087 786 dotata,
1113 701 1150 767 et
1175 715 1238 786 per
1273 696 1547 771 Florianum
1581 702 1778 794 episcopum
1926 694 1931 704 “

228 813 333 885 etiam
360 811 622 885 cracoviensem
636 814 765 919 ¹lapide
792 813 971 906 fabricata,
998 817 1034 887 iu
1053 837 1123 907 qna
1149 821 1230 888 sunt
1257 823 1336 891 octo
1362 818 1464 909 lanei,
1490 825 1625 911 septem
1641 823 1779 913 qudem

228 933 470 1022 cmetbonales,
497 939 642 1006 octavus
661 955 744 1005 vero
761 935 911 1024 plebani,
941 936 1001 1025 qui
1027 936 1199 1027 quondam
1225 944 1303 1009 erat
1330 939 1567 1030 cmetbonalis,
1593 941 1779 1032 dequibus

228 1053 387 1126 omnibus
422 1054 553 1145 absque
588 1054 708 1144 aliqua
741 1055 968 1128 diminutione
1004 1056 1138 1129 decima
1163 1058 1389 1148 manipularis
1425 1058 1572 1133 solvitur
1602 1062 1779 1137 custodiae

230 1172 430 1246 Visliciensi
457 1178 494 1246 et
518 1195 583 1264 per
608 1175 806 1247 cmetbones
833 1176 985 1266 propriis
1012 1176 1172 1250 curribus
1200 1177 1340 1251 ducitur
1362 1178 1398 1251 in
1416 1179 1580 1253 borreum
1597 1201 1619 1252 a
1636 1183 1779 1261 custode

227 1294 422 1384 locandum,
450 1300 486 1366 et
513 1296 653 1367 solvunt
680 1295 847 1367 decimam
875 1297 998 1389 canapi
1025 1317 1089 1387 per
1116 1305 1266 1386 quatuor
1294 1298 1433 1390 ierngas
1451 1305 1487 1370 et
1503 1301 1602 1396 valor
1627 1301 1778 1377 decimae
1915 1349 1918 1359 ·

226 1414 429 1487 aestimatur
446 1415 627 1487 addacem
653 1435 796 1489 marcas.
823 1416 913 1488 Item
938 1436 1007 1491 non
1025 1418 1161 1488 suntin
1179 1417 1300 1490 eadem
1327 1418 1411 1491 villa
1436 1419 1665 1512 hortulaniae,
1690 1422 1773 1494 item

228 1541 283 1607 est
308 1556 378 1607 una
402 1537 551 1609 taberna
576 1537 709 1608 babens
736 1557 839 1627 agros
866 1558 909 1608 ex
934 1537 1079 1627 praedio
1107 1538 1295 1628 episcopali
1320 1539 1374 1610 illi
1400 1539 1556 1630 largitos,
1583 1540 1626 1613 de
1653 1542 1778 1632 quibus

230 1656 397 1728 decimam
423 1656 671 1747 manipularem
699 1657 804 1731 solvit
829 1658 995 1731 ecclesiae
1022 1658 1058 1733 in
1085 1657 1390 1746 Dobrowoda3
1417 1660 1501 1731 item
1528 1665 1582 1733 est
1606 1660 1656 1734 ibi
1682 1663 1780 1735 curia

228 1764 265 1849 et
291 1776 470 1867 praedium
497 1778 693 1868 episcopale
719 1778 852 1851 babens
877 1798 991 1868 agros,
1018 1778 1205 1869 dequibus
1232 1778 1364 1852 decima
1389 1779 1615 1870 manipularis
1625 1772 1779 1855 ‘solvitur

229 1898 393 1971 ecclesiae
420 1905 457 1970 et
482 1897 630 1988 plebano
665 1898 733 1970 loci
770 1897 924 1971 eiusdem
950 1899 989 1975 in
1012 1898 1322 1987 Dobrowoda;
1357 1901 1440 1972 item
1475 1899 1643 1990 plebanus
1669 1902 1776 1974 babet

116 2103 118 2107 ¹
228 2019 363 2110 aliquas
389 2019 504 2108 pecies
531 2039 694 2109 agrorum
720 2017 757 2091 iu
775 2019 910 2109 postico
937 2038 1021 2092 suae
1047 2018 1180 2110 domus,
1206 2019 1249 2091 de
1268 2020 1392 2110 quibus
1410 2040 1480 2093 non
1498 2019 1646 2095 decimat
1664 2027 1779 2095 custo·
1895 2112 1901 2122 Ι

228 2139 306 2212 diae
333 2139 540 2230 Visliciensi,
569 2139 651 2230 quia
677 2144 777 2211 erant
803 2139 976 2230 qnondam
1003 2139 1198 2229 praediales
1224 2159 1268 2212 ex
1294 2140 1438 2230 praedio
1464 2141 1659 2233 episcopali.

333 2257 546 2349 Bannuow,
583 2259 667 2331 villa
693 2260 757 2331 sub
783 2261 950 2350 parocbia
981 2260 1150 2333 eeclesiae
1174 2260 1217 2333 de
1243 2260 1533 2334 Dobrowoda
1559 2262 1645 2354 sita,
1681 2263 1778 2338 cuius
1852 2349 1858 2355 ⁴

229 2381 426 2473 proprietas
453 2386 489 2452 et
515 2380 703 2453 dominium
731 2378 776 2452 ad
803 2381 1039 2471 episcopatum
1066 2380 1330 2483 cracoviensem
1356 2383 1517 2472 pertinet,
1545 2383 1581 2455 in
1597 2379 1672 2481 ssqua
1698 2390 1780 2456 sunt

230 2502 348 2574 decem
374 2506 411 2574 et
436 2521 559 2574 norem
595 2502 687 2573 lanei
723 2501 976 2591 cmetbonales,
1011 2502 1096 2574 item
1129 2500 1310 2591 praedium
1347 2501 1541 2591 episcopale
1576 2502 1619 2575 de
1647 2503 1780 2594 aliquot

230 2624 350 2713 laneis,
376 2624 461 2695 item
487 2623 635 2694 taberna
660 2622 793 2697 habens
819 2622 966 2713 laneum,
995 2620 1181 2712 dequibus
1209 2621 1367 2692 omnibus
1395 2622 1524 2712 absque
1551 2622 1778 2697 diminutione

231 2744 377 2815 solvitur
404 2743 537 2815 decima
562 2742 789 2833 manipularis
816 2743 994 2814 custodiae
1013 2741 1221 2832 Visliciensi,
1248 2749 1285 2813 et
1302 2762 1365 2831 per
1383 2741 1512 2813 incolas
1530 2743 1683 2833 propriis
1701 2764 1778 2815 cur-

229 2865 326 2936 ribus
353 2863 506 2937 ducitur·
522 2864 559 2937 in
585 2864 749 2939 horreum
785 2863 985 2953 locandum,
1013 2867 1050 2937 et
1074 2861 1215 2936 solvunt
1249 2862 1417 2935 decImam
1452 2862 1574 2955 canapi
1609 2863 1653 2936 de
1678 2863 1778 2936 laneo

229 3007 295 3077 per
321 2991 471 3077 quatuor
498 2987 637 3075 ierugas
664 2989 701 3054 et
726 2983 826 3056 valor
860 2983 1013 3057 decimae
1049 2983 1253 3056 aestimatur
1284 2982 1329 3053 ad
1355 2981 1480 3073 viginti
1505 3003 1647 3055 marcas.
1690 2983 1779 3056 Item

231 3127 320 3179 unus
346 3107 467 3179 laneus
493 3106 543 3179 ibi
570 3104 730 3197 specialis
757 3103 922 3177 acclesiae
948 3111 985 3175 et
1010 3103 1151 3193 plebani
1182 3102 1225 3175 de
1250 3101 1555 3193 Dobrowoda,
1591 3124 1660 3176 non
1687 3123 1779 3175 com-
1839 3117 1841 3121 ’

230 3232 373 3320 pontus
408 3228 501 3329 iuter
535 3225 653 3299 laneos
689 3225 924 3303 cmetbonales
961 3229 998 3319 et
1023 3223 1191 3295 tabernae
1227 3241 1333 3312 supra
1372 3221 1584 3322 descriptos,
1616 3223 1676 3313 qui
1702 3242 1779 3295 curn

231 3349 325 3421 omni
350 3348 426 3421 iure
452 3352 490 3420 et
516 3367 593 3419 cum
619 3345 753 3418 decima
778 3343 987 3435 manipulari
1013 3348 1149 3433 spectat
1174 3341 1219 3414 ad
1237 3342 1431 3432 plebanum,
1458 3340 1595 3414 solvens
1613 3341 1780 3415 decimam

100 3506 107 3515 ι
230 3468 481 3560 manipularem
515 3467 626 3540 eidem
663 3464 829 3539 ecclesiae
855 3469 893 3537 et
917 3463 1067 3553 plebano
1102 3463 1139 3534 in
1172 3460 1480 3551 Dobrowoda,
1516 3480 1557 3533 eo
1585 3462 1781 3552 quoderat

231 3584 405 3682 qnondam
430 3589 628 3682 praedialis
654 3587 738 3659 item
764 3607 834 3659 non
860 3591 943 3661 sunt
969 3585 1006 3657 in
1032 3561 1190 3674 praefata
1215 3582 1299 3654 villa
1325 3581 1555 3655 hortulaniae.
1614 3609 1619 3612 ·

336 3710 530 3800 Gnosius,
566 3709 650 3782 villa
676 3709 740 3780 sub
766 3706 933 3799 parochia
968 3705 1134 3778 ecclesiae
1169 3704 1212 3775 de
1237 3701 1527 3775 Dobrowoda
1561 3702 1646 3791 sita,
1683 3701 1781 3775 cuius
1921 3805 1924 3811 ι

231 3835 355 3906 haeres
381 3831 533 3905 Joannes
560 3829 660 3902 Felix
686 3828 729 3902 de
748 3827 968 3924 'Tarnow,
994 3825 1202 3899 castellanus
1220 3821 1447 3912 VIsliciensis,
1475 3821 1601 3894 nobilis
1619 3821 1662 3893 de
1680 3821 1781 3895 damn

232 3954 425 4043 Leliwa,
456 3952 493 4024 in
520 3972 589 4042 qua
615 3955 697 4023 sunt
724 3970 784 4023 ser
811 3948 904 4021 lanei
930 3946 1181 4037 cmetbonales,
1209 3944 1252 4017 de
1280 3943 1406 4034 quibus
1441 3943 1600 4015 omnibus
1635 3942 1782 4021 solvitur
1892 3948 1894 3952 ‘

233 4075 365 4147 decima
400 4071 625 4163 manipularis
661 4070 839 4144 custodiae
869 4066 1071 4141 Visliciensi
1097 4071 1133 4138 et
1159 4086 1222 4157 per
1258 4063 1457 4136 cmetbones
1490 4063 1594 4135 villae
1629 4062 1781 4153 propriis

232 4196 391 4269 curribus
427 4192 632 4269 conducitur
658 4193 694 4264 in
721 4191 885 4263 horreum
912 4211 934 4261 a
960 4187 1103 4262 custode
1123 4186 1340 4281 locandum,
1375 4191 1412 4256 et
1438 4184 1579 4257 solvunt
1614 4184 1781 4257 decimam

232 4317 354 4407 canapi
379 4337 442 4406 per
468 4319 616 4407 quatuor
642 4313 779 4405 ierugas
807 4317 842 4384 et
866 4311 968 4413 ‘valor
994 4298 1382 4411 decimiae.aestimatur
1408 4306 1453 4379 ad
1480 4309 1613 4396 septem
1638 4325 1781 4376 marcas.

232 4439 321 4510 Item
348 4441 401 4508 est
427 4437 462 4507 in
489 4436 611 4508 eadem
637 4434 721 4507 villa
746 4453 818 4506 una
842 4432 1059 4522 hortulanis,
1087 4429 1130 4503 de
1156 4416 1225 4521 pua
1261 4428 1394 4513 decima
1428 4426 1654 4518 manipularis
1690 4424 1784 4497 cedit

233 4558 397 4631 ecclesiae
424 4562 461 4629 et
486 4558 616 4630 rectori
642 4556 786 4628 alterius
813 4553 924 4646 partis
951 4551 1112 4627 Omnium
1139 4549 1347 4623 Sanctorum
1373 4548 1410 4621 in
1437 4545 1686 4637 cracovia,
1722 4546 1782 4636 qui

234 4678 297 4771 pro'
324 4679 406 4752 dote
432 4679 538 4750 habet
564 4678 713 4768 ligneam
732 4729 901 4747 .......
928 4675 1018 4746 ltem
1044 4694 1115 4747 non
1141 4677 1195 4745 est
1220 4672 1257 4742 in
1280 4668 1401 4743 eadem
1428 4668 1512 4742 rilla
1525 4664 1698 4757 ‘taberna
1720 4665 1783 4739 sed

136 4776 141 4785 ⁵
233 4801 412 4892 praedium
447 4820 553 4871 unum
588 4799 739 4871 militare
766 4803 839 4887 est,
872 4796 915 4869 de
942 4795 1040 4868 ouius
1074 4794 1169 4887 agris
1205 4792 1352 4867 solvitur
1387 4789 1521 4862 decima
1555 4785 1782 4879 manipularis

197 4924 204 4931 ”
233 4924 398 4995 ecclesiae
424 4919 585 4993 Omnium
612 4918 815 4992 Sanctorum
841 4917 976 4993 mediae
1002 4916 1114 5008 partis
1140 4914 1261 4988 domus
1287 4912 1431 5003 ligneae.
1717 4912 1719 4917 ’

337 5044 557 5132 Brunczow,
582 5041 667 5112 villa
693 5041 757 5113 sub
783 5039 949 5130 parochia
974 5038 1139 5111 ecclesiae
1165 5035 1209 5107 de
1236 5031 1402 5105 Chotel
1429 5031 1506 5120 sita,
1533 5028 1630 5101 cuius
1656 5028 1781 5103 haeres
1929 5030 1932 5037 '

233 5164 387 5239 Ioannes
422 5162 678 5255 Obnlyecz,
712 5161 838 5237 nobilis
875 5160 1046 5234 dedomo
1081 5151 1482 5268 Odrowansch,'in
1510 5169 1578 5242 qua
1612 5154 1694 5223 sunt
1719 5170 1782 5223 sex
1846 5258 1849 5263 Ι

234 5307 311 5358 cum
337 5286 450 5359 medio
477 5285 570 5358 lanei
596 5283 847 5374 cmetbonales,
882 5282 972 5356 item¹
993 5302 1063 5354 una
1088 5279 1235 5350 taberna
1269 5275 1402 5347 babens
1428 5293 1550 5363 agros,
1585 5270 1629 5344 de
1656 5271 1780 5362 quibus

238 5406 396 5491 omnbus
432 5408 580 5490 solvitur
614 5407 746 5487 decima
780 5402 1008 5500 manipularis
1043 5398 1222 5479 custodiae
1258 5394 1458 5475 Visliciensi
1493 5400 1531 5470 et
1560 5413 1624 5490 per
1649 5391 1780 5473 incolas
