<?xml version="1.0" encoding="UTF-8"?>
<!DOCTYPE html PUBLIC "-//W3C//DTD XHTML 1.0 Transitional//EN"
    "http://www.w3.org/TR/xhtml1/DTD/xhtml1-transitional.dtd">
<html xmlns="http://www.w3.org/1999/xhtml" xml:lang="en" lang="en">
 <head>
  <title>
</title>
<meta http-equiv="Content-Type" content="text/html;charset=utf-8" />
  <meta name='ocr-system' content='tesseract 3.04.00' />
  <meta name='ocr-capabilities' content='ocr_page ocr_carea ocr_par ocr_line ocrx_word'/>
</head>
<body>
  <div class='ocr_page' id='page_1' title='image "./joannisdugoszse00dugoog_0187.png"; bbox 0 0 4050 6054; ppageno 0'>
   <div class='ocr_carea' id='block_1_1' title="bbox 263 432 336 516">
    <p class='ocr_par' dir='ltr' id='par_1_1' title="bbox 263 432 336 516">
     <span class='ocr_line' id='line_1_1' title="bbox 263 432 336 516; baseline -0.014 0"><span class='ocrx_word' id='word_1_1' title='bbox 263 432 336 516; x_wconf 89' lang='lat' dir='ltr'><strong>1ao</strong></span> 
     </span>
    </p>
   </div>
   <div class='ocr_carea' id='block_1_2' title="bbox 175 627 1858 4446">
    <p class='ocr_par' dir='ltr' id='par_1_2' title="bbox 175 627 1858 3727">
     <span class='ocr_line' id='line_1_2' title="bbox 361 627 1805 739; baseline -0.004 -19"><span class='ocrx_word' id='word_1_2' title='bbox 361 647 555 739; x_wconf 77' lang='lat' dir='ltr'><strong>Gosrczn,</strong></span> <span class='ocrx_word' id='word_1_3' title='bbox 580 643 665 718; x_wconf 90' lang='lat' dir='ltr'><strong>villa</strong></span> <span class='ocrx_word' id='word_1_4' title='bbox 681 638 973 737; x_wconf 85' lang='lat' dir='ltr'><strong>praestimonialis</strong></span> <span class='ocrx_word' id='word_1_5' title='bbox 1000 638 1142 736; x_wconf 89' lang='lat' dir='ltr'><strong>capituli</strong></span> <span class='ocrx_word' id='word_1_6' title='bbox 1159 636 1400 718; x_wconf 77' lang='lat' dir='ltr'><strong>Gracoviensis</strong></span> <span class='ocrx_word' id='word_1_7' title='bbox 1426 661 1532 735; x_wconf 91' lang='lat' dir='ltr'><strong>super</strong></span> <span class='ocrx_word' id='word_1_8' title='bbox 1556 633 1697 715; x_wconf 85' lang='lat' dir='ltr'><strong>domine</strong></span> <span class='ocrx_word' id='word_1_9' title='bbox 1723 627 1805 715; x_wconf 82' lang='lat' dir='ltr'><strong>Go-</strong></span> 
     </span>
     <span class='ocr_line' id='line_1_3' title="bbox 260 763 1806 873; baseline -0.005 -32"><span class='ocrx_word' id='word_1_10' title='bbox 260 788 564 873; x_wconf 34' lang='lat' dir='ltr'><strong>szcza,ff4versns</strong></span> <span class='ocrx_word' id='word_1_11' title='bbox 591 768 755 860; x_wconf 88' lang='lat' dir='ltr'><strong>oppidum</strong></span> <span class='ocrx_word' id='word_1_12' title='bbox 781 767 1011 839; x_wconf 88' lang='lat' dir='ltr'><strong>Slumniki</strong></span> <span class='ocrx_word' id='word_1_13' title='bbox 1037 767 1172 838; x_wconf 88' lang='lat' dir='ltr'><strong>duobus</strong></span> <span class='ocrx_word' id='word_1_14' title='bbox 1195 765 1390 837; x_wconf 89' lang='lat' dir='ltr'><strong>miliaribus</strong></span> <span class='ocrx_word' id='word_1_15' title='bbox 1425 763 1806 852; x_wconf 81' lang='lat' dir='ltr'><strong>aOracoviasita,</strong></span> 
     </span>
     <span class='ocr_line' id='line_1_4' title="bbox 258 876 1803 978; baseline -0.005 -18"><span class='ocrx_word' id='word_1_16' title='bbox 258 909 360 978; x_wconf 89' lang='lat' dir='ltr'><strong>quam</strong></span> <span class='ocrx_word' id='word_1_17' title='bbox 377 876 469 959; x_wconf 84' lang='lat' dir='ltr'><strong>ndllc</strong></span> <span class='ocrx_word' id='word_1_18' title='bbox 485 888 593 959; x_wconf 88' lang='lat' dir='ltr'><strong>habet</strong></span> <span class='ocrx_word' id='word_1_19' title='bbox 618 887 654 957; x_wconf 95' lang='lat' dir='ltr'><strong>in</strong></span> <span class='ocrx_word' id='word_1_20' title='bbox 671 886 1126 976; x_wconf 80' lang='lat' dir='ltr'><strong>tenutaSandivogius</strong></span> <span class='ocrx_word' id='word_1_21' title='bbox 1153 885 1196 956; x_wconf 89' lang='lat' dir='ltr'><strong>de</strong></span> <span class='ocrx_word' id='word_1_22' title='bbox 1214 884 1468 976; x_wconf 83' lang='lat' dir='ltr'><strong>Thanczyn,</strong></span> <span class='ocrx_word' id='word_1_23' title='bbox 1493 885 1621 956; x_wconf 89' lang='lat' dir='ltr'><strong>nobilis</strong></span> <span class='ocrx_word' id='word_1_24' title='bbox 1639 882 1683 954; x_wconf 93' lang='lat' dir='ltr'><strong>de</strong></span> <span class='ocrx_word' id='word_1_25' title='bbox 1701 883 1803 954; x_wconf 91' lang='lat' dir='ltr'><strong>domo</strong></span> 
     </span>
     <span class='ocr_line' id='line_1_5' title="bbox 236 1003 1806 1098; baseline -0.005 -19"><span class='ocrx_word' id='word_1_26' title='bbox 236 1008 570 1098; x_wconf 89' lang='lat' dir='ltr'><strong>-Bippennium,</strong></span> <span class='ocrx_word' id='word_1_27' title='bbox 588 1008 773 1078; x_wconf 90' lang='lat' dir='ltr'><strong>canonicus</strong></span> <span class='ocrx_word' id='word_1_28' title='bbox 790 1005 1038 1079; x_wconf 75' lang='lat' dir='ltr'><strong>cracoviensis.</strong></span> <span class='ocrx_word' id='word_1_29' title='bbox 1081 1006 1123 1077; x_wconf 92' lang='lat' dir='ltr'><strong>In</strong></span> <span class='ocrx_word' id='word_1_30' title='bbox 1138 1025 1209 1095; x_wconf 90' lang='lat' dir='ltr'><strong>qna</strong></span> <span class='ocrx_word' id='word_1_31' title='bbox 1226 1009 1281 1076; x_wconf 89' lang='lat' dir='ltr'><strong>est</strong></span> <span class='ocrx_word' id='word_1_32' title='bbox 1306 1004 1403 1076; x_wconf 87' lang='lat' dir='ltr'><strong>curia</strong></span> <span class='ocrx_word' id='word_1_33' title='bbox 1428 1003 1648 1094; x_wconf 90' lang='lat' dir='ltr'><strong>capitularis,</strong></span> <span class='ocrx_word' id='word_1_34' title='bbox 1674 1003 1806 1073; x_wconf 89' lang='lat' dir='ltr'><strong>babens</strong></span> 
     </span>
     <span class='ocr_line' id='line_1_6' title="bbox 257 1122 1806 1216; baseline -0.005 -17"><span class='ocrx_word' id='word_1_35' title='bbox 257 1130 349 1200; x_wconf 91' lang='lat' dir='ltr'><strong>boua</strong></span> <span class='ocrx_word' id='word_1_36' title='bbox 375 1127 531 1199; x_wconf 86' lang='lat' dir='ltr'><strong>aedificia</strong></span> <span class='ocrx_word' id='word_1_37' title='bbox 563 1133 599 1197; x_wconf 91' lang='lat' dir='ltr'><strong>et</strong></span> <span class='ocrx_word' id='word_1_38' title='bbox 624 1127 806 1216; x_wconf 86' lang='lat' dir='ltr'><strong>praedium</strong></span> <span class='ocrx_word' id='word_1_39' title='bbox 833 1127 982 1216; x_wconf 89' lang='lat' dir='ltr'><strong>amplum</strong></span> <span class='ocrx_word' id='word_1_40' title='bbox 1010 1127 1046 1196; x_wconf 94' lang='lat' dir='ltr'><strong>in</strong></span> <span class='ocrx_word' id='word_1_41' title='bbox 1068 1131 1141 1197; x_wconf 89' lang='lat' dir='ltr'><strong>tres</strong></span> <span class='ocrx_word' id='word_1_42' title='bbox 1167 1144 1307 1214; x_wconf 89' lang='lat' dir='ltr'><strong>campos</strong></span> <span class='ocrx_word' id='word_1_43' title='bbox 1332 1122 1552 1213; x_wconf 88' lang='lat' dir='ltr'><strong>distinctum,</strong></span> <span class='ocrx_word' id='word_1_44' title='bbox 1577 1123 1662 1194; x_wconf 91' lang='lat' dir='ltr'><strong>villa</strong></span> <span class='ocrx_word' id='word_1_45' title='bbox 1690 1129 1806 1192; x_wconf 86' lang='lat' dir='ltr'><strong>autem</strong></span> 
     </span>
     <span class='ocr_line' id='line_1_7' title="bbox 257 1241 1807 1337; baseline -0.005 -19"><span class='ocrx_word' id='word_1_46' title='bbox 257 1245 415 1337; x_wconf 85' lang='lat' dir='ltr'><strong>praelata</strong></span> <span class='ocrx_word' id='word_1_47' title='bbox 440 1246 478 1317; x_wconf 94' lang='lat' dir='ltr'><strong>in</strong></span> <span class='ocrx_word' id='word_1_48' title='bbox 494 1245 612 1336; x_wconf 89' lang='lat' dir='ltr'><strong>plures</strong></span> <span class='ocrx_word' id='word_1_49' title='bbox 639 1246 795 1317; x_wconf 89' lang='lat' dir='ltr'><strong>dominos</strong></span> <span class='ocrx_word' id='word_1_50' title='bbox 822 1251 859 1317; x_wconf 88' lang='lat' dir='ltr'><strong>et</strong></span> <span class='ocrx_word' id='word_1_51' title='bbox 875 1246 1043 1316; x_wconf 90' lang='lat' dir='ltr'><strong>haeredes</strong></span> <span class='ocrx_word' id='word_1_52' title='bbox 1061 1244 1177 1334; x_wconf 87' lang='lat' dir='ltr'><strong>scissa,</strong></span> <span class='ocrx_word' id='word_1_53' title='bbox 1192 1251 1268 1333; x_wconf 83' lang='lat' dir='ltr'><strong>&#39;per</strong></span> <span class='ocrx_word' id='word_1_54' title='bbox 1285 1243 1412 1314; x_wconf 91' lang='lat' dir='ltr'><strong>multos</strong></span> <span class='ocrx_word' id='word_1_55' title='bbox 1429 1241 1568 1316; x_wconf 90' lang='lat' dir='ltr'><strong>labores</strong></span> <span class='ocrx_word' id='word_1_56' title='bbox 1595 1248 1631 1312; x_wconf 91' lang='lat' dir='ltr'><strong>et</strong></span> <span class='ocrx_word' id='word_1_57' title='bbox 1648 1247 1807 1330; x_wconf 87' lang='lat' dir='ltr'><strong>sumptus</strong></span> 
     </span>
     <span class='ocr_line' id='line_1_8' title="bbox 258 1346 1806 1461; baseline -0.005 -23"><span class='ocrx_word' id='word_1_58' title='bbox 258 1367 303 1438; x_wconf 89' lang='lat' dir='ltr'><strong>ad</strong></span> <span class='ocrx_word' id='word_1_59' title='bbox 329 1387 432 1438; x_wconf 88' lang='lat' dir='ltr'><strong>unam</strong></span> <span class='ocrx_word' id='word_1_60' title='bbox 466 1366 723 1456; x_wconf 90' lang='lat' dir='ltr'><strong>proprietatem·</strong></span> <span class='ocrx_word' id='word_1_61' title='bbox 752 1365 894 1455; x_wconf 87' lang='lat' dir='ltr'><strong>capituli</strong></span> <span class='ocrx_word' id='word_1_62' title='bbox 920 1363 1159 1461; x_wconf 74' lang='lat' dir='ltr'><strong>cracoviensis</strong></span> <span class='ocrx_word' id='word_1_63' title='bbox 1189 1364 1392 1435; x_wconf 74' lang='lat' dir='ltr'><strong>successivis</strong></span> <span class='ocrx_word' id='word_1_64' title='bbox 1417 1362 1633 1453; x_wconf 72' lang='lat' dir='ltr'><strong>temporibus</strong></span> <span class='ocrx_word' id='word_1_65' title='bbox 1659 1346 1806 1432; x_wconf 77' lang='lat' dir='ltr'><strong>&#39;reducta</strong></span> 
     </span>
     <span class='ocr_line' id='line_1_9' title="bbox 234 1481 1804 1579; baseline -0.004 -22"><span class='ocrx_word' id='word_1_66' title='bbox 234 1493 330 1575; x_wconf 79' lang='lat' dir='ltr'><strong>&#39;est3</strong></span> <span class='ocrx_word' id='word_1_67' title='bbox 355 1505 435 1556; x_wconf 90' lang='lat' dir='ltr'><strong>narn</strong></span> <span class='ocrx_word' id='word_1_68' title='bbox 453 1507 535 1576; x_wconf 87' lang='lat' dir='ltr'><strong>pars</strong></span> <span class='ocrx_word' id='word_1_69' title='bbox 553 1486 656 1556; x_wconf 87' lang='lat' dir='ltr'><strong>villae</strong></span> <span class='ocrx_word' id='word_1_70' title='bbox 683 1486 833 1557; x_wconf 89' lang='lat' dir='ltr'><strong>cambita</strong></span> <span class='ocrx_word' id='word_1_71' title='bbox 858 1492 913 1556; x_wconf 83' lang='lat' dir='ltr'><strong>ast</strong></span> <span class='ocrx_word' id='word_1_72' title='bbox 930 1486 974 1556; x_wconf 91' lang='lat' dir='ltr'><strong>ab</strong></span> <span class='ocrx_word' id='word_1_73' title='bbox 992 1485 1193 1579; x_wconf 63' lang='lat' dir='ltr'><strong>Imram0</strong></span> <span class='ocrx_word' id='word_1_74' title='bbox 1219 1481 1290 1555; x_wconf 85' lang='lat' dir='ltr'><strong>filio</strong></span> <span class='ocrx_word' id='word_1_75' title='bbox 1319 1482 1570 1572; x_wconf 73' lang='lat' dir='ltr'><strong>christini,</strong></span> <span class='ocrx_word' id='word_1_76' title='bbox 1597 1482 1732 1553; x_wconf 88' lang='lat' dir='ltr'><strong>comitis</strong></span> <span class='ocrx_word' id='word_1_77' title='bbox 1759 1481 1804 1551; x_wconf 86' lang='lat' dir='ltr'><strong>de</strong></span> 
     </span>
     <span class='ocr_line' id='line_1_10' title="bbox 258 1600 1808 1694; baseline -0.002 -19"><span class='ocrx_word' id='word_1_78' title='bbox 258 1603 456 1694; x_wconf 82' lang='lat' dir='ltr'><strong>Modnog</strong></span> <span class='ocrx_word' id='word_1_79' title='bbox 482 1624 547 1693; x_wconf 93' lang='lat' dir='ltr'><strong>pro</strong></span> <span class='ocrx_word' id='word_1_80' title='bbox 573 1605 656 1674; x_wconf 89' lang='lat' dir='ltr'><strong>villa</strong></span> <span class='ocrx_word' id='word_1_81' title='bbox 683 1603 1054 1692; x_wconf 85' lang='lat' dir='ltr'><strong>Thratnowicze,</strong></span> <span class='ocrx_word' id='word_1_82' title='bbox 1083 1623 1186 1693; x_wconf 89' lang='lat' dir='ltr'><strong>quam</strong></span> <span class='ocrx_word' id='word_1_83' title='bbox 1212 1604 1441 1693; x_wconf 88' lang='lat' dir='ltr'><strong>Elisaens,</strong></span> <span class='ocrx_word' id='word_1_84' title='bbox 1469 1603 1653 1675; x_wconf 88' lang='lat' dir='ltr'><strong>canonicus</strong></span> <span class='ocrx_word' id='word_1_85' title='bbox 1680 1600 1808 1673; x_wconf 65' lang='lat' dir='ltr'><strong>(baco-</strong></span> 
     </span>
     <span class='ocr_line' id='line_1_11' title="bbox 257 1722 1805 1814; baseline -0.003 -19"><span class='ocrx_word' id='word_1_86' title='bbox 257 1725 386 1797; x_wconf 87' lang='lat' dir='ltr'><strong>viensis</strong></span> <span class='ocrx_word' id='word_1_87' title='bbox 403 1724 554 1813; x_wconf 89' lang='lat' dir='ltr'><strong>capitulo</strong></span> <span class='ocrx_word' id='word_1_88' title='bbox 573 1724 782 1814; x_wconf 81' lang='lat' dir='ltr'>contulerat,</span> <span class='ocrx_word' id='word_1_89' title='bbox 800 1744 876 1794; x_wconf 84' lang='lat' dir='ltr'><strong>cunr</strong></span> <span class='ocrx_word' id='word_1_90' title='bbox 891 1724 1067 1795; x_wconf 89' lang='lat' dir='ltr'><strong>additione</strong></span> <span class='ocrx_word' id='word_1_91' title='bbox 1081 1722 1313 1812; x_wconf 78' lang='lat' dir='ltr'><strong>quadraginta</strong></span> <span class='ocrx_word' id='word_1_92' title='bbox 1330 1743 1524 1794; x_wconf 87' lang='lat' dir='ltr'><strong>marcarum</strong></span> <span class='ocrx_word' id='word_1_93' title='bbox 1541 1722 1678 1810; x_wconf 79' lang='lat' dir='ltr'><strong>argenti</strong></span> <span class='ocrx_word' id='word_1_94' title='bbox 1696 1722 1765 1791; x_wconf 77' lang='lat'><strong>127</strong></span> <span class='ocrx_word' id='word_1_95' title='bbox 1770 1722 1805 1791; x_wconf 87' lang='grc'><strong>9.</strong></span> 
     </span>
     <span class='ocr_line' id='line_1_12' title="bbox 230 1840 1806 1933; baseline -0.003 -19"><span class='ocrx_word' id='word_1_96' title='bbox 230 1864 366 1933; x_wconf 75' lang='lat' dir='ltr'><strong>anno,</strong></span> <span class='ocrx_word' id='word_1_97' title='bbox 392 1843 476 1914; x_wconf 89' lang='lat' dir='ltr'><strong>item</strong></span> <span class='ocrx_word' id='word_1_98' title='bbox 503 1843 588 1914; x_wconf 88' lang='lat' dir='ltr'><strong>duas</strong></span> <span class='ocrx_word' id='word_1_99' title='bbox 616 1849 728 1914; x_wconf 88' lang='lat' dir='ltr'><strong>sortes</strong></span> <span class='ocrx_word' id='word_1_100' title='bbox 755 1842 907 1914; x_wconf 86' lang='lat' dir='ltr'><strong>eiusdem</strong></span> <span class='ocrx_word' id='word_1_101' title='bbox 933 1843 1044 1932; x_wconf 80' lang='lat' dir='ltr'><strong>villae,</strong></span> <span class='ocrx_word' id='word_1_102' title='bbox 1072 1863 1218 1932; x_wconf 89' lang='lat' dir='ltr'><strong>quarum</strong></span> <span class='ocrx_word' id='word_1_103' title='bbox 1244 1862 1314 1913; x_wconf 88' lang='lat' dir='ltr'><strong>una</strong></span> <span class='ocrx_word' id='word_1_104' title='bbox 1331 1847 1409 1913; x_wconf 88' lang='lat' dir='ltr'><strong>erat</strong></span> <span class='ocrx_word' id='word_1_105' title='bbox 1434 1841 1669 1929; x_wconf 87' lang='lat' dir='ltr'><strong>canariorum,</strong></span> <span class='ocrx_word' id='word_1_106' title='bbox 1695 1840 1806 1911; x_wconf 92' lang='lat' dir='ltr'><strong>idest</strong></span> 
     </span>
     <span class='ocr_line' id='line_1_13' title="bbox 260 1958 1808 2054; baseline -0.003 -21"><span class='ocrx_word' id='word_1_107' title='bbox 260 1980 438 2035; x_wconf 84' lang='lat' dir='ltr'><strong>servornm</strong></span> <span class='ocrx_word' id='word_1_108' title='bbox 455 1963 683 2052; x_wconf 68' lang='lat' dir='ltr'><strong>illibatorum,</strong></span> <span class='ocrx_word' id='word_1_109' title='bbox 710 1965 769 2054; x_wconf 94' lang='lat' dir='ltr'><strong>qui</strong></span> <span class='ocrx_word' id='word_1_110' title='bbox 788 1961 931 2034; x_wconf 89' lang='lat' dir='ltr'><strong>servitia</strong></span> <span class='ocrx_word' id='word_1_111' title='bbox 948 1982 1012 2051; x_wconf 94' lang='lat' dir='ltr'><strong>pro</strong></span> <span class='ocrx_word' id='word_1_112' title='bbox 1031 1961 1218 2032; x_wconf 90' lang='lat' dir='ltr'><strong>castellano</strong></span> <span class='ocrx_word' id='word_1_113' title='bbox 1237 1959 1456 2032; x_wconf 81' lang='lat' dir='ltr'><strong>Gracoviensi</strong></span> <span class='ocrx_word' id='word_1_114' title='bbox 1473 1959 1677 2049; x_wconf 90' lang='lat' dir='ltr'><strong>implebant,</strong></span> <span class='ocrx_word' id='word_1_115' title='bbox 1696 1958 1808 2030; x_wconf 85' lang='lat' dir='ltr'><strong>altera</strong></span> 
     </span>
     <span class='ocr_line' id='line_1_14' title="bbox 260 2078 1807 2172; baseline -0.005 -17"><span class='ocrx_word' id='word_1_116' title='bbox 260 2085 536 2172; x_wconf 72' lang='lat' dir='ltr'><strong>camerariorum,</strong></span> <span class='ocrx_word' id='word_1_117' title='bbox 553 2083 591 2153; x_wconf 92' lang='lat' dir='ltr'><strong>id</strong></span> <span class='ocrx_word' id='word_1_118' title='bbox 608 2089 663 2154; x_wconf 91' lang='lat' dir='ltr'><strong>est</strong></span> <span class='ocrx_word' id='word_1_119' title='bbox 679 2082 861 2155; x_wconf 89' lang='lat' dir='ltr'><strong>castellani</strong></span> <span class='ocrx_word' id='word_1_120' title='bbox 879 2088 915 2152; x_wconf 88' lang='lat' dir='ltr'><strong>et</strong></span> <span class='ocrx_word' id='word_1_121' title='bbox 933 2082 1039 2151; x_wconf 81' lang='lat' dir='ltr'><strong>castri</strong></span> <span class='ocrx_word' id='word_1_122' title='bbox 1057 2080 1294 2152; x_wconf 86' lang='lat' dir='ltr'><strong>Cracoviensis</strong></span> <span class='ocrx_word' id='word_1_123' title='bbox 1314 2078 1434 2150; x_wconf 86' lang='lat' dir='ltr'><strong>officiis</strong></span> <span class='ocrx_word' id='word_1_124' title='bbox 1452 2078 1697 2169; x_wconf 78' lang='lat' dir='ltr'><strong>deputatorum</strong></span> <span class='ocrx_word' id='word_1_125' title='bbox 1715 2098 1807 2148; x_wconf 89' lang='lat' dir='ltr'><strong>anno</strong></span> 
     </span>
     <span class='ocr_line' id='line_1_15' title="bbox 260 2197 1807 2292; baseline -0.005 -18"><span class='ocrx_word' id='word_1_126' title='bbox 260 2203 381 2274; x_wconf 92' lang='lat' dir='ltr'><strong>eodern</strong></span> <span class='ocrx_word' id='word_1_127' title='bbox 404 2204 513 2274; x_wconf 75' lang='lat'><strong>1279.</strong></span> <span class='ocrx_word' id='word_1_128' title='bbox 539 2208 683 2292; x_wconf 84' lang='lat' dir='ltr'><strong>propter</strong></span> <span class='ocrx_word' id='word_1_129' title='bbox 700 2203 826 2273; x_wconf 90' lang='lat' dir='ltr'><strong>merita</strong></span> <span class='ocrx_word' id='word_1_130' title='bbox 851 2207 889 2272; x_wconf 94' lang='lat' dir='ltr'><strong>et</strong></span> <span class='ocrx_word' id='word_1_131' title='bbox 906 2200 1072 2288; x_wconf 89' lang='lat' dir='ltr'><strong>obsequia</strong></span> <span class='ocrx_word' id='word_1_132' title='bbox 1088 2201 1247 2289; x_wconf 86' lang='lat' dir='ltr'><strong>magistri</strong></span> <span class='ocrx_word' id='word_1_133' title='bbox 1274 2197 1474 2271; x_wconf 89' lang='lat' dir='ltr'><strong>Gerardi</strong></span> <span class='ocrx_word' id='word_1_134' title='bbox 1501 2199 1629 2289; x_wconf 89' lang='lat' dir='ltr'><strong>decani,</strong></span> <span class='ocrx_word' id='word_1_135' title='bbox 1656 2205 1693 2270; x_wconf 89' lang='lat' dir='ltr'><strong>et</strong></span> <span class='ocrx_word' id='word_1_136' title='bbox 1710 2197 1807 2268; x_wconf 89' lang='lat' dir='ltr'><strong>Phi-</strong></span> 
     </span>
     <span class='ocr_line' id='line_1_16' title="bbox 258 2317 1807 2413; baseline -0.003 -20"><span class='ocrx_word' id='word_1_137' title='bbox 258 2323 378 2413; x_wconf 94' lang='lat' dir='ltr'><strong>lippi</strong></span> <span class='ocrx_word' id='word_1_138' title='bbox 405 2322 560 2393; x_wconf 90' lang='lat' dir='ltr'><strong>canonici</strong></span> <span class='ocrx_word' id='word_1_139' title='bbox 587 2320 836 2410; x_wconf 83' lang='lat' dir='ltr'><strong>Oracoviensis,</strong></span> <span class='ocrx_word' id='word_1_140' title='bbox 868 2321 1009 2391; x_wconf 88' lang='lat' dir='ltr'><strong>natione</strong></span> <span class='ocrx_word' id='word_1_141' title='bbox 1036 2317 1264 2409; x_wconf 87' lang='lat' dir='ltr'><strong>Gallicorum,</strong></span> <span class='ocrx_word' id='word_1_142' title='bbox 1291 2320 1434 2391; x_wconf 90' lang='lat' dir='ltr'><strong>donavit</strong></span> <span class='ocrx_word' id='word_1_143' title='bbox 1459 2319 1624 2390; x_wconf 86' lang='lat' dir='ltr'><strong>ecclesiae</strong></span> <span class='ocrx_word' id='word_1_144' title='bbox 1651 2325 1688 2389; x_wconf 89' lang='lat' dir='ltr'><strong>et</strong></span> <span class='ocrx_word' id='word_1_145' title='bbox 1714 2318 1807 2407; x_wconf 90' lang='lat' dir='ltr'><strong>capi-</strong></span> 
     </span>
     <span class='ocr_line' id='line_1_17' title="bbox 257 2436 1808 2529; baseline -0.003 -17"><span class='ocrx_word' id='word_1_146' title='bbox 257 2442 331 2513; x_wconf 91' lang='lat' dir='ltr'><strong>tulo</strong></span> <span class='ocrx_word' id='word_1_147' title='bbox 359 2441 579 2514; x_wconf 85' lang='lat' dir='ltr'><strong>Cracovicnsi</strong></span> <span class='ocrx_word' id='word_1_148' title='bbox 604 2440 784 2513; x_wconf 86' lang='lat' dir='ltr'><strong>Boloslaus</strong></span> <span class='ocrx_word' id='word_1_149' title='bbox 814 2439 1030 2529; x_wconf 90' lang='lat' dir='ltr'><strong>Pudicus,</strong></span> <span class='ocrx_word' id='word_1_150' title='bbox 1058 2437 1295 2510; x_wconf 73' lang='lat' dir='ltr'><strong>cracoviensis</strong></span> <span class='ocrx_word' id='word_1_151' title='bbox 1327 2446 1364 2509; x_wconf 89' lang='lat' dir='ltr'><strong>et</strong></span> <span class='ocrx_word' id='word_1_152' title='bbox 1395 2438 1685 2510; x_wconf 88' lang='lat' dir='ltr'><strong>Sandomiriensis</strong></span> <span class='ocrx_word' id='word_1_153' title='bbox 1717 2436 1808 2524; x_wconf 83' lang='lat' dir='ltr'><strong>dux;</strong></span> 
     </span>
     <span class='ocr_line' id='line_1_18' title="bbox 260 2556 1808 2652; baseline -0.003 -21"><span class='ocrx_word' id='word_1_154' title='bbox 260 2562 343 2631; x_wconf 89' lang='lat' dir='ltr'><strong>item</strong></span> <span class='ocrx_word' id='word_1_155' title='bbox 370 2581 451 2649; x_wconf 88' lang='lat' dir='ltr'><strong>pars</strong></span> <span class='ocrx_word' id='word_1_156' title='bbox 479 2580 641 2648; x_wconf 80' lang='lat' dir='ltr'><strong>agrorum</strong></span> <span class='ocrx_word' id='word_1_157' title='bbox 669 2559 781 2630; x_wconf 86' lang='lat' dir='ltr'><strong>diotae</strong></span> <span class='ocrx_word' id='word_1_158' title='bbox 808 2560 910 2630; x_wconf 87' lang='lat' dir='ltr'><strong>villae</strong></span> <span class='ocrx_word' id='word_1_159' title='bbox 938 2558 1133 2648; x_wconf 90' lang='lat' dir='ltr'><strong>incipiendo</strong></span> <span class='ocrx_word' id='word_1_160' title='bbox 1160 2565 1317 2648; x_wconf 90' lang='lat' dir='ltr'><strong>aprato,</strong></span> <span class='ocrx_word' id='word_1_161' title='bbox 1344 2559 1436 2649; x_wconf 93' lang='lat' dir='ltr'><strong>quod</strong></span> <span class='ocrx_word' id='word_1_162' title='bbox 1462 2559 1591 2628; x_wconf 90' lang='lat' dir='ltr'><strong>dicitur</strong></span> <span class='ocrx_word' id='word_1_163' title='bbox 1616 2556 1808 2652; x_wconf 75' lang='lat' dir='ltr'><strong>aniglovv,</strong></span> 
     </span>
     <span class='ocr_line' id='line_1_19' title="bbox 260 2676 1806 2778; baseline -0.003 -28"><span class='ocrx_word' id='word_1_164' title='bbox 260 2687 297 2751; x_wconf 88' lang='lat' dir='ltr'><strong>et</strong></span> <span class='ocrx_word' id='word_1_165' title='bbox 322 2700 344 2750; x_wconf 95' lang='lat' dir='ltr'><strong>a</strong></span> <span class='ocrx_word' id='word_1_166' title='bbox 360 2687 466 2768; x_wconf 89' lang='lat' dir='ltr'><strong>ponte</strong></span> <span class='ocrx_word' id='word_1_167' title='bbox 493 2691 599 2778; x_wconf 80' lang='lat' dir='ltr'><strong>supra</strong></span> <span class='ocrx_word' id='word_1_168' title='bbox 616 2679 756 2750; x_wconf 89' lang='lat' dir='ltr'><strong>fluvium</strong></span> <span class='ocrx_word' id='word_1_169' title='bbox 783 2677 971 2769; x_wconf 87' lang='lat' dir='ltr'><strong>Goscza,</strong></span> <span class='ocrx_word' id='word_1_170' title='bbox 998 2700 1041 2750; x_wconf 86' lang='lat' dir='ltr'><strong>ex</strong></span> <span class='ocrx_word' id='word_1_171' title='bbox 1059 2685 1159 2769; x_wconf 87' lang='lat' dir='ltr'><strong>parte</strong></span> <span class='ocrx_word' id='word_1_172' title='bbox 1177 2685 1325 2768; x_wconf 91' lang='lat' dir='ltr'><strong>utraque</strong></span> <span class='ocrx_word' id='word_1_173' title='bbox 1344 2679 1431 2766; x_wconf 90' lang='lat' dir='ltr'><strong>viae,</strong></span> <span class='ocrx_word' id='word_1_174' title='bbox 1449 2698 1540 2767; x_wconf 90' lang='lat' dir='ltr'><strong>quae</strong></span> <span class='ocrx_word' id='word_1_175' title='bbox 1565 2677 1662 2749; x_wconf 80' lang='lat' dir='ltr'><strong>ducit</strong></span> <span class='ocrx_word' id='word_1_176' title='bbox 1678 2676 1806 2747; x_wconf 86' lang='lat' dir='ltr'><strong>Scar-</strong></span> 
     </span>
     <span class='ocr_line' id='line_1_20' title="bbox 175 2795 1858 2888; baseline -0.004 -16"><span class='ocrx_word' id='word_1_177' title='bbox 175 2832 178 2837; x_wconf 96' lang='lat'>·</span> <span class='ocrx_word' id='word_1_178' title='bbox 261 2800 512 2888; x_wconf 89' lang='lat' dir='ltr'><strong>bimiriam,</strong></span> <span class='ocrx_word' id='word_1_179' title='bbox 539 2819 648 2888; x_wconf 89' lang='lat' dir='ltr'><strong>usque</strong></span> <span class='ocrx_word' id='word_1_180' title='bbox 674 2799 719 2869; x_wconf 89' lang='lat' dir='ltr'><strong>ad</strong></span> <span class='ocrx_word' id='word_1_181' title='bbox 737 2801 886 2870; x_wconf 87' lang='lat' dir='ltr'><strong>rivolum</strong></span> <span class='ocrx_word' id='word_1_182' title='bbox 913 2800 948 2869; x_wconf 92' lang='lat' dir='ltr'><strong>in</strong></span> <span class='ocrx_word' id='word_1_183' title='bbox 966 2795 1074 2869; x_wconf 83' lang='lat' dir='ltr'><strong>bloaie</strong></span> <span class='ocrx_word' id='word_1_184' title='bbox 1099 2798 1250 2870; x_wconf 85' lang='lat' dir='ltr'><strong>cambita</strong></span> <span class='ocrx_word' id='word_1_185' title='bbox 1276 2804 1330 2868; x_wconf 89' lang='lat' dir='ltr'><strong>est</strong></span> <span class='ocrx_word' id='word_1_186' title='bbox 1348 2816 1410 2886; x_wconf 88' lang='lat' dir='ltr'><strong>per</strong></span> <span class='ocrx_word' id='word_1_187' title='bbox 1429 2797 1616 2887; x_wconf 87' lang='lat' dir='ltr'><strong>capitulum</strong></span> <span class='ocrx_word' id='word_1_188' title='bbox 1642 2817 1719 2869; x_wconf 90' lang='lat' dir='ltr'><strong>cum</strong></span> <span class='ocrx_word' id='word_1_189' title='bbox 1745 2795 1807 2867; x_wconf 89' lang='lat' dir='ltr'><strong>Jo·</strong></span> <span class='ocrx_word' id='word_1_190' title='bbox 1846 2854 1858 2865; x_wconf 93' lang='lat'><strong>.</strong></span> 
     </span>
     <span class='ocr_line' id='line_1_21' title="bbox 259 2915 1808 3008; baseline -0.002 -19"><span class='ocrx_word' id='word_1_191' title='bbox 259 2920 374 2989; x_wconf 88' lang='lat' dir='ltr'><strong>banne</strong></span> <span class='ocrx_word' id='word_1_192' title='bbox 391 2918 485 2991; x_wconf 90' lang='lat' dir='ltr'><strong>dicto</strong></span> <span class='ocrx_word' id='word_1_193' title='bbox 504 2918 643 3008; x_wconf 89' lang='lat' dir='ltr'><strong>Belye</strong></span> <span class='ocrx_word' id='word_1_194' title='bbox 654 2939 699 2988; x_wconf 88' lang='lat' dir='ltr'><strong>cz</strong></span> <span class='ocrx_word' id='word_1_195' title='bbox 717 2919 846 3007; x_wconf 91' lang='lat' dir='ltr'><strong>milite,</strong></span> <span class='ocrx_word' id='word_1_196' title='bbox 868 2938 933 3008; x_wconf 94' lang='lat' dir='ltr'><strong>pro</strong></span> <span class='ocrx_word' id='word_1_197' title='bbox 953 2938 1070 3007; x_wconf 90' lang='lat' dir='ltr'><strong>campo</strong></span> <span class='ocrx_word' id='word_1_198' title='bbox 1089 2937 1214 3006; x_wconf 75' lang='lat' dir='ltr'><strong>magno</strong></span> <span class='ocrx_word' id='word_1_199' title='bbox 1241 2923 1278 2987; x_wconf 90' lang='lat' dir='ltr'><strong>et</strong></span> <span class='ocrx_word' id='word_1_200' title='bbox 1296 2916 1430 2989; x_wconf 91' lang='lat' dir='ltr'><strong>duobus</strong></span> <span class='ocrx_word' id='word_1_201' title='bbox 1451 2917 1587 3006; x_wconf 87' lang='lat' dir='ltr'><strong>parvis,</strong></span> <span class='ocrx_word' id='word_1_202' title='bbox 1616 2915 1676 3006; x_wconf 93' lang='lat' dir='ltr'><strong>qni</strong></span> <span class='ocrx_word' id='word_1_203' title='bbox 1692 2918 1808 2987; x_wconf 83' lang='lat' dir='ltr'><strong>iacent</strong></span> 
     </span>
     <span class='ocr_line' id='line_1_22' title="bbox 262 3035 1807 3128; baseline -0.001 -20"><span class='ocrx_word' id='word_1_204' title='bbox 262 3039 355 3109; x_wconf 90' lang='lat' dir='ltr'><strong>circa</strong></span> <span class='ocrx_word' id='word_1_205' title='bbox 377 3037 503 3108; x_wconf 86' lang='lat' dir='ltr'><strong>flumen</strong></span> <span class='ocrx_word' id='word_1_206' title='bbox 521 3035 739 3128; x_wconf 84' lang='lat' dir='ltr'><strong>Gostoza,</strong></span> <span class='ocrx_word' id='word_1_207' title='bbox 767 3044 803 3109; x_wconf 90' lang='lat' dir='ltr'><strong>et</strong></span> <span class='ocrx_word' id='word_1_208' title='bbox 820 3039 931 3127; x_wconf 90' lang='lat' dir='ltr'><strong>pratis</strong></span> <span class='ocrx_word' id='word_1_209' title='bbox 957 3057 999 3107; x_wconf 84' lang='lat' dir='ltr'><strong>en</strong></span> <span class='ocrx_word' id='word_1_210' title='bbox 1017 3037 1175 3128; x_wconf 89' lang='lat' dir='ltr'><strong>opposito</strong></span> <span class='ocrx_word' id='word_1_211' title='bbox 1197 3036 1305 3108; x_wconf 85' lang='lat' dir='ltr'><strong>villae</strong></span> <span class='ocrx_word' id='word_1_212' title='bbox 1328 3036 1657 3107; x_wconf 83' lang='lat' dir='ltr'><strong>Marsaowioze</strong></span> <span class='ocrx_word' id='word_1_213' title='bbox 1689 3036 1807 3122; x_wconf 75' lang='lat'>13283</span> 
     </span>
     <span class='ocr_line' id='line_1_23' title="bbox 227 3154 1809 3248; baseline -0.002 -21"><span class='ocrx_word' id='word_1_214' title='bbox 227 3161 229 3169; x_wconf 89' lang='lat'>&#39;</span> <span class='ocrx_word' id='word_1_215' title='bbox 262 3158 346 3231; x_wconf 87' lang='lat' dir='ltr'><strong>item</strong></span> <span class='ocrx_word' id='word_1_216' title='bbox 374 3158 538 3228; x_wconf 83' lang='lat' dir='ltr'><strong>desorto</strong></span> <span class='ocrx_word' id='word_1_217' title='bbox 565 3158 698 3248; x_wconf 87' lang='lat' dir='ltr'><strong>aliqua,</strong></span> <span class='ocrx_word' id='word_1_218' title='bbox 726 3177 827 3248; x_wconf 89' lang='lat' dir='ltr'><strong>quam</strong></span> <span class='ocrx_word' id='word_1_219' title='bbox 852 3159 1100 3230; x_wconf 85' lang='lat' dir='ltr'><strong>monasterinm</strong></span> <span class='ocrx_word' id='word_1_220' title='bbox 1127 3156 1405 3228; x_wconf 84' lang='lat' dir='ltr'><strong>Andrzeoviense</strong></span> <span class='ocrx_word' id='word_1_221' title='bbox 1431 3157 1571 3245; x_wconf 88' lang='lat' dir='ltr'><strong>habuit,</strong></span> <span class='ocrx_word' id='word_1_222' title='bbox 1606 3154 1629 3226; x_wconf 87' lang='lat' dir='ltr'>J</span> <span class='ocrx_word' id='word_1_223' title='bbox 1638 3175 1809 3228; x_wconf 91' lang='lat' dir='ltr'><strong>oannes</strong></span> 
     </span>
     <span class='ocr_line' id='line_1_24' title="bbox 261 3274 1807 3366; baseline -0.003 -16"><span class='ocrx_word' id='word_1_224' title='bbox 261 3278 369 3350; x_wconf 87' lang='lat' dir='ltr'><strong>abbas</strong></span> <span class='ocrx_word' id='word_1_225' title='bbox 395 3285 432 3348; x_wconf 89' lang='lat' dir='ltr'><strong>et</strong></span> <span class='ocrx_word' id='word_1_226' title='bbox 456 3284 646 3348; x_wconf 79' lang='lat' dir='ltr'><strong>conventus</strong></span> <span class='ocrx_word' id='word_1_227' title='bbox 677 3277 968 3349; x_wconf 83' lang='lat' dir='ltr'><strong>Andrzeoviensis</strong></span> <span class='ocrx_word' id='word_1_228' title='bbox 1000 3277 1044 3348; x_wconf 90' lang='lat' dir='ltr'><strong>ad</strong></span> <span class='ocrx_word' id='word_1_229' title='bbox 1070 3277 1272 3366; x_wconf 87' lang='lat' dir='ltr'><strong>petitionem</strong></span> <span class='ocrx_word' id='word_1_230' title='bbox 1304 3274 1502 3346; x_wconf 85' lang='lat' dir='ltr'><strong>Gerardi</strong></span> <span class='ocrx_word' id='word_1_231' title='bbox 1530 3276 1651 3347; x_wconf 88' lang='lat' dir='ltr'><strong>decani</strong></span> <span class='ocrx_word' id='word_1_232' title='bbox 1681 3274 1807 3346; x_wconf 85' lang='lat' dir='ltr'><strong>Gracc-</strong></span> 
     </span>
     <span class='ocr_line' id='line_1_25' title="bbox 261 3394 1807 3485; baseline -0.001 -17"><span class='ocrx_word' id='word_1_233' title='bbox 261 3397 389 3469; x_wconf 90' lang='lat' dir='ltr'><strong>viensis</strong></span> <span class='ocrx_word' id='word_1_234' title='bbox 420 3398 517 3469; x_wconf 75' lang='lat'><strong>1274</strong></span> <span class='ocrx_word' id='word_1_235' title='bbox 544 3418 574 3468; x_wconf 92' lang='lat' dir='ltr'><strong>a.</strong></span> <span class='ocrx_word' id='word_1_236' title='bbox 601 3398 716 3469; x_wconf 89' lang='lat' dir='ltr'><strong>cessit.</strong></span> <span class='ocrx_word' id='word_1_237' title='bbox 759 3397 848 3467; x_wconf 89' lang='lat' dir='ltr'><strong>Item</strong></span> <span class='ocrx_word' id='word_1_238' title='bbox 868 3399 1020 3468; x_wconf 87' lang='lat' dir='ltr'><strong>taberna</strong></span> <span class='ocrx_word' id='word_1_239' title='bbox 1046 3398 1083 3467; x_wconf 95' lang='lat' dir='ltr'><strong>in</strong></span> <span class='ocrx_word' id='word_1_240' title='bbox 1102 3394 1305 3467; x_wconf 86' lang='lat' dir='ltr'><strong>Goszcza</strong></span> <span class='ocrx_word' id='word_1_241' title='bbox 1340 3401 1457 3484; x_wconf 89' lang='lat' dir='ltr'><strong>empta</strong></span> <span class='ocrx_word' id='word_1_242' title='bbox 1483 3394 1807 3485; x_wconf 82' lang='lat' dir='ltr'><strong>estaRodgero</strong></span> 
     </span>
     <span class='ocr_line' id='line_1_26' title="bbox 262 3515 1805 3605; baseline -0.001 -17"><span class='ocrx_word' id='word_1_243' title='bbox 262 3523 298 3588; x_wconf 91' lang='lat' dir='ltr'><strong>et</strong></span> <span class='ocrx_word' id='word_1_244' title='bbox 323 3516 533 3588; x_wconf 89' lang='lat' dir='ltr'><strong>Falislao</strong></span> <span class='ocrx_word' id='word_1_245' title='bbox 558 3515 946 3589; x_wconf 88' lang='lat' dir='ltr'><strong>deMarszowioze</strong></span> <span class='ocrx_word' id='word_1_246' title='bbox 973 3524 1009 3588; x_wconf 88' lang='lat' dir='ltr'><strong>et</strong></span> <span class='ocrx_word' id='word_1_247' title='bbox 1026 3517 1132 3588; x_wconf 89' lang='lat' dir='ltr'><strong>Petro</strong></span> <span class='ocrx_word' id='word_1_248' title='bbox 1159 3516 1502 3605; x_wconf 82' lang='lat' dir='ltr'><strong>deZagorzicze</strong></span> <span class='ocrx_word' id='word_1_249' title='bbox 1528 3515 1713 3604; x_wconf 88' lang='lat' dir='ltr'><strong>militibus,</strong></span> <span class='ocrx_word' id='word_1_250' title='bbox 1741 3535 1805 3604; x_wconf 89' lang='lat' dir='ltr'><strong>pro</strong></span> 
     </span>
     <span class='ocr_line' id='line_1_27' title="bbox 261 3634 1807 3727; baseline -0.001 -19"><span class='ocrx_word' id='word_1_251' title='bbox 261 3638 410 3727; x_wconf 89' lang='lat' dir='ltr'><strong>quinque</strong></span> <span class='ocrx_word' id='word_1_252' title='bbox 436 3637 561 3709; x_wconf 88' lang='lat' dir='ltr'><strong>marcis</strong></span> <span class='ocrx_word' id='word_1_253' title='bbox 599 3635 846 3726; x_wconf 78' lang='lat' dir='ltr'><strong>Progensibus,</strong></span> <span class='ocrx_word' id='word_1_254' title='bbox 882 3637 925 3707; x_wconf 90' lang='lat' dir='ltr'><strong>de</strong></span> <span class='ocrx_word' id='word_1_255' title='bbox 952 3637 1076 3726; x_wconf 90' lang='lat' dir='ltr'><strong>quibus</strong></span> <span class='ocrx_word' id='word_1_256' title='bbox 1103 3636 1261 3707; x_wconf 91' lang='lat' dir='ltr'><strong>omnibus</strong></span> <span class='ocrx_word' id='word_1_257' title='bbox 1294 3636 1468 3706; x_wconf 90' lang='lat' dir='ltr'><strong>habentur</strong></span> <span class='ocrx_word' id='word_1_258' title='bbox 1497 3636 1534 3705; x_wconf 91' lang='lat' dir='ltr'><strong>in</strong></span> <span class='ocrx_word' id='word_1_259' title='bbox 1561 3637 1695 3707; x_wconf 90' lang='lat' dir='ltr'><strong>aerario</strong></span> <span class='ocrx_word' id='word_1_260' title='bbox 1723 3634 1807 3706; x_wconf 84' lang='lat' dir='ltr'><strong>Ora-</strong></span> 
     </span>
    </p>

    <p class='ocr_par' dir='ltr' id='par_1_3' title="bbox 229 3755 1807 4446">
     <span class='ocr_line' id='line_1_28' title="bbox 260 3755 915 3845; baseline -0.002 -18"><span class='ocrx_word' id='word_1_261' title='bbox 260 3758 412 3829; x_wconf 88' lang='lat' dir='ltr'><strong>coviensi</strong></span> <span class='ocrx_word' id='word_1_262' title='bbox 438 3756 576 3827; x_wconf 81' lang='lat' dir='ltr'><strong>litterae</strong></span> <span class='ocrx_word' id='word_1_263' title='bbox 603 3761 639 3826; x_wconf 90' lang='lat' dir='ltr'><strong>et</strong></span> <span class='ocrx_word' id='word_1_264' title='bbox 665 3755 915 3845; x_wconf 86' lang='lat' dir='ltr'><strong>inscriptiones.</strong></span> 
     </span>
     <span class='ocr_line' id='line_1_29' title="bbox 229 3856 1805 3965; baseline 0 -20"><span class='ocrx_word' id='word_1_265' title='bbox 229 3856 232 3861; x_wconf 38' lang='lat'>¹</span> <span class='ocrx_word' id='word_1_266' title='bbox 364 3875 452 3945; x_wconf 90' lang='lat' dir='ltr'><strong>Item</strong></span> <span class='ocrx_word' id='word_1_267' title='bbox 478 3876 515 3945; x_wconf 93' lang='lat' dir='ltr'><strong>in</strong></span> <span class='ocrx_word' id='word_1_268' title='bbox 540 3874 624 3945; x_wconf 91' lang='lat' dir='ltr'><strong>villa</strong></span> <span class='ocrx_word' id='word_1_269' title='bbox 649 3874 807 3965; x_wconf 84' lang='lat' dir='ltr'><strong>praefata</strong></span> <span class='ocrx_word' id='word_1_270' title='bbox 833 3882 913 3946; x_wconf 91' lang='lat' dir='ltr'><strong>sunt</strong></span> <span class='ocrx_word' id='word_1_271' title='bbox 940 3875 1087 3946; x_wconf 86' lang='lat' dir='ltr'><strong>sedecim</strong></span> <span class='ocrx_word' id='word_1_272' title='bbox 1114 3876 1205 3947; x_wconf 90' lang='lat' dir='ltr'><strong>lanei</strong></span> <span class='ocrx_word' id='word_1_273' title='bbox 1232 3875 1483 3963; x_wconf 75' lang='lat' dir='ltr'><strong>cmethonaleS,</strong></span> <span class='ocrx_word' id='word_1_274' title='bbox 1519 3874 1664 3962; x_wconf 91' lang='lat' dir='ltr'><strong>quilibet</strong></span> <span class='ocrx_word' id='word_1_275' title='bbox 1690 3880 1805 3945; x_wconf 86' lang='lat' dir='ltr'><strong>autem</strong></span> 
     </span>
     <span class='ocr_line' id='line_1_30' title="bbox 264 3991 1805 4089; baseline 0.005 -27"><span class='ocrx_word' id='word_1_276' title='bbox 264 3992 368 4063; x_wconf 91' lang='lat' dir='ltr'><strong>solvit</strong></span> <span class='ocrx_word' id='word_1_277' title='bbox 393 4013 457 4082; x_wconf 94' lang='lat' dir='ltr'><strong>pro</strong></span> <span class='ocrx_word' id='word_1_278' title='bbox 483 4013 588 4063; x_wconf 89' lang='lat' dir='ltr'><strong>censu</strong></span> <span class='ocrx_word' id='word_1_279' title='bbox 615 3992 702 4064; x_wconf 91' lang='lat' dir='ltr'><strong>duas</strong></span> <span class='ocrx_word' id='word_1_280' title='bbox 728 4014 862 4065; x_wconf 85' lang='lat' dir='ltr'><strong>marcas</strong></span> <span class='ocrx_word' id='word_1_281' title='bbox 897 4000 933 4065; x_wconf 92' lang='lat' dir='ltr'><strong>et</strong></span> <span class='ocrx_word' id='word_1_282' title='bbox 959 3991 1059 4067; x_wconf 72' lang='lat' dir='ltr'><strong>duos·</strong></span> <span class='ocrx_word' id='word_1_283' title='bbox 1077 3995 1151 4066; x_wconf 90' lang='lat' dir='ltr'><strong>dics</strong></span> <span class='ocrx_word' id='word_1_284' title='bbox 1178 3997 1214 4068; x_wconf 96' lang='lat' dir='ltr'><strong>in</strong></span> <span class='ocrx_word' id='word_1_285' title='bbox 1241 3999 1435 4089; x_wconf 89' lang='lat' dir='ltr'><strong>septimana</strong></span> <span class='ocrx_word' id='word_1_286' title='bbox 1478 4003 1701 4086; x_wconf 89' lang='lat' dir='ltr'><strong>atempore,</strong></span> <span class='ocrx_word' id='word_1_287' title='bbox 1738 4017 1805 4087; x_wconf 91' lang='lat' dir='ltr'><strong>quo</strong></span> 
     </span>
     <span class='ocr_line' id='line_1_31' title="bbox 262 4111 1807 4207; baseline 0.004 -26"><span class='ocrx_word' id='word_1_288' title='bbox 262 4111 383 4201; x_wconf 88' lang='lat' dir='ltr'><strong>incipit</strong></span> <span class='ocrx_word' id='word_1_289' title='bbox 409 4112 522 4182; x_wconf 91' lang='lat' dir='ltr'><strong>aratio</strong></span> <span class='ocrx_word' id='word_1_290' title='bbox 548 4112 584 4182; x_wconf 90' lang='lat' dir='ltr'><strong>in</strong></span> <span class='ocrx_word' id='word_1_291' title='bbox 602 4133 702 4203; x_wconf 89' lang='lat' dir='ltr'><strong>vere,</strong></span> <span class='ocrx_word' id='word_1_292' title='bbox 728 4135 836 4204; x_wconf 91' lang='lat' dir='ltr'><strong>usque</strong></span> <span class='ocrx_word' id='word_1_293' title='bbox 863 4114 908 4185; x_wconf 94' lang='lat' dir='ltr'><strong>ad</strong></span> <span class='ocrx_word' id='word_1_294' title='bbox 924 4114 1051 4186; x_wconf 89' lang='lat' dir='ltr'><strong>festum</strong></span> <span class='ocrx_word' id='word_1_295' title='bbox 1076 4115 1194 4188; x_wconf 86' lang='lat' dir='ltr'><strong>Sancti</strong></span> <span class='ocrx_word' id='word_1_296' title='bbox 1220 4118 1420 4207; x_wconf 88' lang='lat' dir='ltr'><strong>Michaelis,</strong></span> <span class='ocrx_word' id='word_1_297' title='bbox 1446 4118 1588 4206; x_wconf 91' lang='lat' dir='ltr'><strong>proprio</strong></span> <span class='ocrx_word' id='word_1_298' title='bbox 1615 4137 1719 4189; x_wconf 87' lang='lat' dir='ltr'><strong>curru</strong></span> <span class='ocrx_word' id='word_1_299' title='bbox 1744 4124 1807 4189; x_wconf 89' lang='lat' dir='ltr'><strong>aut</strong></span> 
     </span>
     <span class='ocr_line' id='line_1_32' title="bbox 262 4233 1806 4326; baseline 0.003 -24"><span class='ocrx_word' id='word_1_300' title='bbox 262 4239 381 4303; x_wconf 91' lang='lat' dir='ltr'><strong>aratro</strong></span> <span class='ocrx_word' id='word_1_301' title='bbox 401 4233 568 4303; x_wconf 79' lang='lat' dir='ltr'><strong>&#39;laborant</strong></span> <span class='ocrx_word' id='word_1_302' title='bbox 593 4239 629 4304; x_wconf 91' lang='lat' dir='ltr'><strong>et</strong></span> <span class='ocrx_word' id='word_1_303' title='bbox 655 4234 817 4305; x_wconf 87' lang='lat' dir='ltr'><strong>ducturas</strong></span> <span class='ocrx_word' id='word_1_304' title='bbox 843 4233 974 4305; x_wconf 87' lang='lat' dir='ltr'><strong>iaciunt</strong></span> <span class='ocrx_word' id='word_1_305' title='bbox 999 4237 1140 4325; x_wconf 89' lang='lat' dir='ltr'><strong>proprio</strong></span> <span class='ocrx_word' id='word_1_306' title='bbox 1168 4257 1289 4326; x_wconf 89' lang='lat' dir='ltr'><strong>curru,</strong></span> <span class='ocrx_word' id='word_1_307' title='bbox 1317 4238 1378 4309; x_wconf 91' lang='lat' dir='ltr'><strong>sed</strong></span> <span class='ocrx_word' id='word_1_308' title='bbox 1404 4238 1450 4309; x_wconf 88' lang='lat' dir='ltr'><strong>ad</strong></span> <span class='ocrx_word' id='word_1_309' title='bbox 1476 4238 1646 4309; x_wconf 87' lang='lat' dir='ltr'><strong>rationem</strong></span> <span class='ocrx_word' id='word_1_310' title='bbox 1671 4237 1806 4309; x_wconf 86' lang='lat' dir='ltr'><strong>dierum</strong></span> 
     </span>
     <span class='ocr_line' id='line_1_33' title="bbox 262 4352 1804 4446; baseline 0.006 -24"><span class='ocrx_word' id='word_1_311' title='bbox 262 4352 299 4422; x_wconf 96' lang='lat' dir='ltr'><strong>in</strong></span> <span class='ocrx_word' id='word_1_312' title='bbox 317 4353 509 4442; x_wconf 88' lang='lat' dir='ltr'><strong>septimana</strong></span> <span class='ocrx_word' id='word_1_313' title='bbox 535 4352 739 4424; x_wconf 88' lang='lat' dir='ltr'><strong>debitorum.</strong></span> <span class='ocrx_word' id='word_1_314' title='bbox 773 4354 861 4425; x_wconf 90' lang='lat' dir='ltr'><strong>Itern</strong></span> <span class='ocrx_word' id='word_1_315' title='bbox 880 4354 1025 4444; x_wconf 89' lang='lat' dir='ltr'><strong>quilibet</strong></span> <span class='ocrx_word' id='word_1_316' title='bbox 1043 4356 1086 4426; x_wconf 88' lang='lat' dir='ltr'><strong>de</strong></span> <span class='ocrx_word' id='word_1_317' title='bbox 1103 4356 1204 4428; x_wconf 78' lang='lat' dir='ltr'><strong>laneo</strong></span> <span class='ocrx_word' id='word_1_318' title='bbox 1231 4357 1336 4429; x_wconf 91' lang='lat' dir='ltr'><strong>solvit</strong></span> <span class='ocrx_word' id='word_1_319' title='bbox 1354 4357 1440 4428; x_wconf 88' lang='lat' dir='ltr'><strong>duas</strong></span> <span class='ocrx_word' id='word_1_320' title='bbox 1458 4378 1639 4430; x_wconf 90' lang='lat' dir='ltr'><strong>mensuras</strong></span> <span class='ocrx_word' id='word_1_321' title='bbox 1665 4378 1804 4446; x_wconf 77' lang='lat' dir='ltr'><strong>avenae,</strong></span> 
     </span>
    </p>
   </div>
   <div class='ocr_carea' id='block_1_3' title="bbox 260 4470 1929 4569">
    <p class='ocr_par' dir='ltr' id='par_1_4' title="bbox 260 4470 1929 4569">
     <span class='ocr_line' id='line_1_34' title="bbox 260 4470 1929 4569; baseline 0.004 -27"><span class='ocrx_word' id='word_1_322' title='bbox 260 4491 442 4543; x_wconf 88' lang='lat' dir='ltr'><strong>mensurae</strong></span> <span class='ocrx_word' id='word_1_323' title='bbox 477 4470 715 4544; x_wconf 84' lang='lat' dir='ltr'><strong>Oraooviensis</strong></span> <span class='ocrx_word' id='word_1_324' title='bbox 750 4473 923 4565; x_wconf 90' lang='lat' dir='ltr'><strong>aequalis,</strong></span> <span class='ocrx_word' id='word_1_325' title='bbox 958 4475 1043 4546; x_wconf 90' lang='lat' dir='ltr'><strong>duos</strong></span> <span class='ocrx_word' id='word_1_326' title='bbox 1070 4496 1203 4566; x_wconf 89' lang='lat' dir='ltr'><strong>caseos,</strong></span> <span class='ocrx_word' id='word_1_327' title='bbox 1229 4477 1377 4567; x_wconf 80' lang='lat' dir='ltr'><strong>triginta</strong></span> <span class='ocrx_word' id='word_1_328' title='bbox 1412 4499 1496 4568; x_wconf 91' lang='lat' dir='ltr'><strong>ova,</strong></span> <span class='ocrx_word' id='word_1_329' title='bbox 1536 4479 1622 4549; x_wconf 91' lang='lat' dir='ltr'><strong>duos</strong></span> <span class='ocrx_word' id='word_1_330' title='bbox 1648 4498 1805 4568; x_wconf 88' lang='lat' dir='ltr'><strong>capones.</strong></span> <span class='ocrx_word' id='word_1_331' title='bbox 1923 4562 1929 4569; x_wconf 24' lang='lat'>⁸</span> 
     </span>
    </p>
   </div>
   <div class='ocr_carea' id='block_1_4' title="bbox 162 4574 1808 5407">
    <p class='ocr_par' dir='ltr' id='par_1_5' title="bbox 162 4574 1808 5041">
     <span class='ocr_line' id='line_1_35' title="bbox 262 4574 1807 4688; baseline 0.004 -26"><span class='ocrx_word' id='word_1_332' title='bbox 262 4590 351 4662; x_wconf 88' lang='lat' dir='ltr'><strong>item</strong></span> <span class='ocrx_word' id='word_1_333' title='bbox 377 4597 458 4663; x_wconf 87' lang='lat' dir='ltr'><strong>sunt</strong></span> <span class='ocrx_word' id='word_1_334' title='bbox 482 4592 532 4664; x_wconf 92' lang='lat' dir='ltr'><strong>ibi</strong></span> <span class='ocrx_word' id='word_1_335' title='bbox 559 4592 647 4663; x_wconf 88' lang='lat' dir='ltr'><strong>duae</strong></span> <span class='ocrx_word' id='word_1_336' title='bbox 673 4574 854 4683; x_wconf 85' lang='lat' dir='ltr'><strong>tabernae,</strong></span> <span class='ocrx_word' id='word_1_337' title='bbox 881 4576 1049 4666; x_wconf 76' lang='lat' dir='ltr'><strong>hdbentes</strong></span> <span class='ocrx_word' id='word_1_338' title='bbox 1075 4616 1178 4685; x_wconf 77' lang='lat' dir='ltr'><strong>agros</strong></span> <span class='ocrx_word' id='word_1_339' title='bbox 1206 4597 1381 4688; x_wconf 89' lang='lat' dir='ltr'><strong>speciales,</strong></span> <span class='ocrx_word' id='word_1_340' title='bbox 1409 4618 1554 4687; x_wconf 88' lang='lat' dir='ltr'><strong>quarum</strong></span> <span class='ocrx_word' id='word_1_341' title='bbox 1580 4618 1649 4669; x_wconf 93' lang='lat' dir='ltr'><strong>una</strong></span> <span class='ocrx_word' id='word_1_342' title='bbox 1665 4598 1734 4669; x_wconf 89' lang='lat' dir='ltr'><strong>sita</strong></span> <span class='ocrx_word' id='word_1_343' title='bbox 1750 4603 1807 4669; x_wconf 88' lang='lat' dir='ltr'><strong>est</strong></span> 
     </span>
     <span class='ocr_line' id='line_1_36' title="bbox 263 4710 1808 4806; baseline 0.005 -26"><span class='ocrx_word' id='word_1_344' title='bbox 263 4711 417 4802; x_wconf 89' lang='lat' dir='ltr'><strong>invilla,</strong></span> <span class='ocrx_word' id='word_1_345' title='bbox 442 4710 552 4782; x_wconf 88' lang='lat' dir='ltr'><strong>altera</strong></span> <span class='ocrx_word' id='word_1_346' title='bbox 578 4718 680 4783; x_wconf 85' lang='lat' dir='ltr'><strong>extra</strong></span> <span class='ocrx_word' id='word_1_347' title='bbox 696 4712 822 4783; x_wconf 69' lang='lat' dir='ltr'><strong>villam·</strong></span> <span class='ocrx_word' id='word_1_348' title='bbox 840 4714 875 4782; x_wconf 94' lang='lat' dir='ltr'><strong>in</strong></span> <span class='ocrx_word' id='word_1_349' title='bbox 893 4719 1005 4785; x_wconf 87' lang='lat' dir='ltr'><strong>strata</strong></span> <span class='ocrx_word' id='word_1_350' title='bbox 1030 4714 1168 4803; x_wconf 89' lang='lat' dir='ltr'><strong>publica</strong></span> <span class='ocrx_word' id='word_1_351' title='bbox 1185 4736 1294 4805; x_wconf 86' lang='lat' dir='ltr'><strong>prope</strong></span> <span class='ocrx_word' id='word_1_352' title='bbox 1320 4715 1436 4787; x_wconf 90' lang='lat' dir='ltr'><strong>Sado</strong></span> <span class='ocrx_word' id='word_1_353' title='bbox 1447 4719 1554 4806; x_wconf 90' lang='lat' dir='ltr'><strong>svie,</strong></span> <span class='ocrx_word' id='word_1_354' title='bbox 1580 4723 1616 4787; x_wconf 91' lang='lat' dir='ltr'><strong>et</strong></span> <span class='ocrx_word' id='word_1_355' title='bbox 1635 4715 1808 4805; x_wconf 88' lang='lat' dir='ltr'><strong>quaelibet</strong></span> 
     </span>
     <span class='ocr_line' id='line_1_37' title="bbox 162 4830 1806 4926; baseline 0.006 -30"><span class='ocrx_word' id='word_1_356' title='bbox 162 4892 165 4896; x_wconf 84' lang='lat'><strong>.</strong></span> <span class='ocrx_word' id='word_1_357' title='bbox 261 4852 380 4904; x_wconf 85' lang='lat' dir='ltr'><strong>earum</strong></span> <span class='ocrx_word' id='word_1_358' title='bbox 406 4831 511 4904; x_wconf 93' lang='lat' dir='ltr'><strong>solvit</strong></span> <span class='ocrx_word' id='word_1_359' title='bbox 536 4852 600 4921; x_wconf 95' lang='lat' dir='ltr'><strong>pro</strong></span> <span class='ocrx_word' id='word_1_360' title='bbox 626 4852 731 4902; x_wconf 87' lang='lat' dir='ltr'><strong>censu</strong></span> <span class='ocrx_word' id='word_1_361' title='bbox 757 4830 843 4902; x_wconf 89' lang='lat' dir='ltr'><strong>duas</strong></span> <span class='ocrx_word' id='word_1_362' title='bbox 869 4852 1004 4903; x_wconf 88' lang='lat' dir='ltr'><strong>marcas</strong></span> <span class='ocrx_word' id='word_1_363' title='bbox 1038 4839 1076 4903; x_wconf 90' lang='lat' dir='ltr'><strong>et</strong></span> <span class='ocrx_word' id='word_1_364' title='bbox 1101 4835 1187 4906; x_wconf 92' lang='lat' dir='ltr'><strong>nibil</strong></span> <span class='ocrx_word' id='word_1_365' title='bbox 1218 4836 1375 4926; x_wconf 88' lang='lat' dir='ltr'><strong>laborat,</strong></span> <span class='ocrx_word' id='word_1_366' title='bbox 1402 4837 1512 4909; x_wconf 88' lang='lat' dir='ltr'><strong>solnm</strong></span> <span class='ocrx_word' id='word_1_367' title='bbox 1538 4836 1675 4907; x_wconf 88' lang='lat' dir='ltr'><strong>foenum</strong></span> <span class='ocrx_word' id='word_1_368' title='bbox 1701 4835 1806 4907; x_wconf 88' lang='lat' dir='ltr'><strong>falca-</strong></span> 
     </span>
     <span class='ocr_line' id='line_1_38' title="bbox 260 4951 1802 5041; baseline 0.003 -19"><span class='ocrx_word' id='word_1_369' title='bbox 260 4958 408 5024; x_wconf 90' lang='lat' dir='ltr'><strong>stratum</strong></span> <span class='ocrx_word' id='word_1_370' title='bbox 432 4958 595 5023; x_wconf 89' lang='lat' dir='ltr'><strong>tenentur</strong></span> <span class='ocrx_word' id='word_1_371' title='bbox 618 4951 828 5041; x_wconf 79' lang='lat' dir='ltr'><strong>recolligere.</strong></span> <span class='ocrx_word' id='word_1_372' title='bbox 866 4951 955 5023; x_wconf 82' lang='lat' dir='ltr'><strong>itam</strong></span> <span class='ocrx_word' id='word_1_373' title='bbox 974 4953 1170 5025; x_wconf 89' lang='lat' dir='ltr'><strong>cmethones</strong></span> <span class='ocrx_word' id='word_1_374' title='bbox 1195 4962 1233 5025; x_wconf 89' lang='lat' dir='ltr'><strong>et</strong></span> <span class='ocrx_word' id='word_1_375' title='bbox 1249 4955 1490 5027; x_wconf 87' lang='lat' dir='ltr'><strong>tabernatores</strong></span> <span class='ocrx_word' id='word_1_376' title='bbox 1516 4962 1680 5027; x_wconf 88' lang='lat' dir='ltr'><strong>tenentur</strong></span> <span class='ocrx_word' id='word_1_377' title='bbox 1706 4956 1802 5027; x_wconf 88' lang='lat' dir='ltr'><strong>labo-</strong></span> 
     </span>
    </p>

    <p class='ocr_par' dir='ltr' id='par_1_6' title="bbox 229 5069 1806 5407">
     <span class='ocr_line' id='line_1_39' title="bbox 261 5069 1806 5166; baseline 0.004 -24"><span class='ocrx_word' id='word_1_378' title='bbox 261 5093 342 5144; x_wconf 89' lang='lat' dir='ltr'><strong>rarc</strong></span> <span class='ocrx_word' id='word_1_379' title='bbox 367 5079 508 5162; x_wconf 84' lang='lat' dir='ltr'><strong>praeter</strong></span> <span class='ocrx_word' id='word_1_380' title='bbox 533 5071 608 5142; x_wconf 88' lang='lat' dir='ltr'><strong>dies</strong></span> <span class='ocrx_word' id='word_1_381' title='bbox 625 5071 763 5143; x_wconf 88' lang='lat' dir='ltr'><strong>debitos</strong></span> <span class='ocrx_word' id='word_1_382' title='bbox 789 5070 876 5143; x_wconf 87' lang='lat' dir='ltr'><strong>duas</strong></span> <span class='ocrx_word' id='word_1_383' title='bbox 896 5069 1077 5166; x_wconf 83' lang='lat' dir='ltr'><strong>powobua,</strong></span> <span class='ocrx_word' id='word_1_384' title='bbox 1103 5072 1219 5145; x_wconf 90' lang='lat' dir='ltr'><strong>nullae</strong></span> <span class='ocrx_word' id='word_1_385' title='bbox 1245 5082 1327 5147; x_wconf 90' lang='lat' dir='ltr'><strong>sunt</strong></span> <span class='ocrx_word' id='word_1_386' title='bbox 1353 5076 1388 5146; x_wconf 92' lang='lat' dir='ltr'><strong>in</strong></span> <span class='ocrx_word' id='word_1_387' title='bbox 1408 5077 1527 5148; x_wconf 87' lang='lat' dir='ltr'><strong>eadem</strong></span> <span class='ocrx_word' id='word_1_388' title='bbox 1549 5076 1632 5148; x_wconf 90' lang='lat' dir='ltr'><strong>villa</strong></span> <span class='ocrx_word' id='word_1_389' title='bbox 1648 5076 1806 5148; x_wconf 88' lang='lat' dir='ltr'><strong>hortula-</strong></span> 
     </span>
     <span class='ocr_line' id='line_1_40' title="bbox 229 5171 1805 5284; baseline 0.003 -20"><span class='ocrx_word' id='word_1_390' title='bbox 229 5171 233 5183; x_wconf 45' lang='lat'><strong><em>⁴</em></strong></span> <span class='ocrx_word' id='word_1_391' title='bbox 261 5193 358 5282; x_wconf 87' lang='lat' dir='ltr'><strong>niae,</strong></span> <span class='ocrx_word' id='word_1_392' title='bbox 388 5211 499 5280; x_wconf 87' lang='lat' dir='ltr'><strong>neque</strong></span> <span class='ocrx_word' id='word_1_393' title='bbox 522 5191 768 5263; x_wconf 86' lang='lat' dir='ltr'><strong>molendinum.</strong></span> <span class='ocrx_word' id='word_1_394' title='bbox 810 5189 899 5262; x_wconf 89' lang='lat' dir='ltr'><strong>item</strong></span> <span class='ocrx_word' id='word_1_395' title='bbox 925 5198 980 5263; x_wconf 91' lang='lat' dir='ltr'><strong>est</strong></span> <span class='ocrx_word' id='word_1_396' title='bbox 1006 5191 1042 5262; x_wconf 92' lang='lat' dir='ltr'><strong>in</strong></span> <span class='ocrx_word' id='word_1_397' title='bbox 1070 5192 1190 5264; x_wconf 86' lang='lat' dir='ltr'><strong>eadem</strong></span> <span class='ocrx_word' id='word_1_398' title='bbox 1225 5194 1310 5266; x_wconf 85' lang='lat' dir='ltr'><strong>villa</strong></span> <span class='ocrx_word' id='word_1_399' title='bbox 1336 5196 1480 5266; x_wconf 88' lang='lat' dir='ltr'><strong>ecclesia</strong></span> <span class='ocrx_word' id='word_1_400' title='bbox 1504 5196 1712 5284; x_wconf 88' lang='lat' dir='ltr'><strong>parochialis</strong></span> <span class='ocrx_word' id='word_1_401' title='bbox 1739 5196 1805 5268; x_wconf 91' lang='lat' dir='ltr'><strong>sub</strong></span> 
     </span>
     <span class='ocr_line' id='line_1_41' title="bbox 262 5309 1805 5407; baseline 0.005 -25"><span class='ocrx_word' id='word_1_402' title='bbox 262 5311 393 5382; x_wconf 84' lang='lat' dir='ltr'><strong>bonore</strong></span> <span class='ocrx_word' id='word_1_403' title='bbox 411 5318 448 5381; x_wconf 90' lang='lat' dir='ltr'><strong>et</strong></span> <span class='ocrx_word' id='word_1_404' title='bbox 465 5309 578 5381; x_wconf 81' lang='lat' dir='ltr'><strong>titula</strong></span> <span class='ocrx_word' id='word_1_405' title='bbox 584 5310 703 5382; x_wconf 83' lang='lat' dir='ltr'><strong>Sancti</strong></span> <span class='ocrx_word' id='word_1_406' title='bbox 719 5310 913 5400; x_wconf 73' lang='lat' dir='ltr'><strong>Lauoentii,</strong></span> <span class='ocrx_word' id='word_1_407' title='bbox 927 5310 1062 5384; x_wconf 85' lang='lat' dir='ltr'><strong>babens</strong></span> <span class='ocrx_word' id='word_1_408' title='bbox 1080 5313 1240 5402; x_wconf 85' lang='lat' dir='ltr'><strong>proprios</strong></span> <span class='ocrx_word' id='word_1_409' title='bbox 1257 5334 1360 5404; x_wconf 76' lang='lat' dir='ltr'><strong>agros</strong></span> <span class='ocrx_word' id='word_1_410' title='bbox 1377 5313 1506 5387; x_wconf 85' lang='lat' dir='ltr'><strong>liberos</strong></span> <span class='ocrx_word' id='word_1_411' title='bbox 1521 5320 1559 5385; x_wconf 91' lang='lat' dir='ltr'><strong>et</strong></span> <span class='ocrx_word' id='word_1_412' title='bbox 1574 5322 1689 5407; x_wconf 88' lang='lat' dir='ltr'><strong>prata,</strong></span> <span class='ocrx_word' id='word_1_413' title='bbox 1707 5318 1805 5389; x_wconf 88' lang='lat' dir='ltr'><strong>caius</strong></span> 
     </span>
    </p>
   </div>
   <div class='ocr_carea' id='block_1_5' title="bbox 0 0 2032 6052">
    <p class='ocr_par' dir='ltr' id='par_1_7' title="bbox 0 0 2032 6052">
     <span class='ocr_line' id='line_1_42' title="bbox 0 0 2032 6052; baseline 0 0"><span class='ocrx_word' id='word_1_414' title='bbox 0 0 2032 6052; x_wconf 95' lang='lat' dir='ltr'><strong> </strong></span> 
     </span>
    </p>
   </div>
  </div>
 </body>
</html>
