4050 6054
1662 504 1733 575 539

188 698 366 769 ecclesiam
393 698 426 769 S.
453 698 635 769 Michaelis
666 701 859 797 praefatam
888 702 975 772 duos
1001 703 1195 791 ministros,
1231 709 1312 774 actu
1338 704 1554 799 sacerdotes,
1567 707 1640 796 „qui
1666 709 1736 780 siu-

185 818 279 909 gulis
304 818 427 889 diebus
445 824 608 890 tenentur
626 821 804 892 ecclesiam
822 822 1015 911 praefatam
1033 821 1066 893 S.
1084 822 1266 894 Michaelis
1283 844 1347 913 per
1364 824 1515 897 divinam
1533 845 1608 897 rem
1626 827 1735 901 admi-

179 936 356 1026 ffitrare,
383 960 529 1028 quorum
556 940 699 1011 cuilibet
724 946 865 1014 tenetur
894 943 1113 1033 praepositus
1141 942 1173 1015 S.
1200 942 1383 1017 Michaelis
1409 944 1545 1035 sulpere
1570 966 1634 1037 pro
1661 946 1735 1021 eius

187 1078 300 1130 annuo
328 1057 455 1131 solario
483 1060 633 1150 quinque
659 1081 801 1133 marcas.
996 1128 1000 1135 .
1265 1118 1284 1133 ..
1442 1110 1531 1161 .a···
1556 1130 1575 1151 ,,
1616 1126 1640 1153 ,.
1697 1124 1709 1165 ¹.
1749 1039 1755 1065 ’

689 1320 892 1403 Custodia
926 1323 968 1403 S.
1001 1324 1243 1406 Michaelis.-

289 1541 446 1613 Secunda
471 1543 636 1614 ecclesiae
663 1542 696 1613 S.
713 1542 894 1615 Michaelis
922 1543 1072 1634 dignitas
1101 1545 1272 1635 custodia,
1300 1567 1402 1636 quarn
1418 1567 1510 1619 nunc
1535 1522 1634 1619 tenet

184 1663 364 1734 Raczek
392 1663 434 1734 de
453 1662 670 1733 Wislicia
697 1664 889 1755 presbyter,
908 1664 1005 1736 cuius
1024 1665 1163 1738 collatio
1190 1666 1296 1739 etius
1314 1672 1519 1756 patronatus
1537 1668 1582 1739 ad
1600 1668 1731 1758 episco-

184 1804 265 1873 pum
292 1783 601 1855 Vladislaviensem
627 1805 691 1874 pro
709 1789 864 1874 tempore
891 1787 1054 1875 pertinet,
1081 1787 1178 1859 cuius
1195 1785 1409 1876 infrascripti
1434 1793 1515 1859 sunt
1532 1795 1731 1877 proventus.

288 1904 542 1993 Baanczrczn,
575 1905 659 1975 villa
693 1905 757 1976 sub
792 1906 959 1994 parochia
983 1905 1160 1981 ¹ecclesiae
1194 1906 1237 1977 de
1272 1905 1313 1976 M
1320 1906 1589 1999 yedzwyecz
1624 1928 1732 1999 prope

185 2025 425 2115 Slumniky
460 2025 545 2114 sita,
581 2025 617 2095 in
653 2046 721 2115 qua
758 2031 876 2099 custos
909 2025 943 2099 S.
970 2025 1151 2098 Michaelis
1187 2047 1251 2116 pro
1277 2031 1434 2116 tempore
1460 2028 1732 2103 habetdomum

185 2145 334 2218 dotalem
361 2147 433 2216 sive
461 2145 590 2216 curiam
617 2152 653 2217 et
679 2166 784 2236 agros
808 2146 1021 2236 praediales,
1049 2146 1093 2217 ad
1120 2168 1225 2218 unum
1251 2168 1408 2218 mansum
1434 2147 1567 2239 largum
1595 2149 1732 2221 theuto*

160 2264 163 2271 “
184 2265 329 2335 nicalem
349 2285 386 2335 se
404 2264 659 2354 extendentem
685 2266 769 2337 item
786 2270 888 2356 prata
911 2267 1003 2337 bona
1025 2287 1131 2356 supra
1152 2267 1294 2338 fluvium
1319 2268 1594 2359 Srzenyawa
1619 2269 1732 2340 iacen-

184 2386 250 2487 tia,
278 2390 314 2455 et
339 2385 459 2456 laneus
486 2385 560 2456 sive
585 2404 737 2463 mansus·
751 2385 930 2475 praefatus
964 2390 1020 2457 est
1042 2386 1169 2459 fundus
1195 2387 1317 2458 unicus
1344 2389 1520 2461 custodiae
1546 2387 1733 2479 praefatae,

186 2527 288 2595 quam
324 2505 405 2594 quia
429 2504 534 2576 aolus¹
551 2507 685 2576 custos*
703 2507 757 2578 vol
784 2528 854 2585 nou
880 2507 1068 2595 vorasset
1081 2527 1151 2579 non
1177 2512 1294 2597 potest
1325 2505 1456 2598 colere,
1491 2509 1620 2580 locavit
1655 2531 1732 2581 curn

185 2625 383 2714 cmetbone,
410 2625 469 2717 qui
497 2626 641 2716 singulis
668 2627 767 2696 annis
794 2626 929 2698 solvere
956 2621 1023 2697 sibi
1047 2631 1186 2699 tenetur
1220 2647 1284 2717 pro
1312 2647 1417 2698 censu
1443 2649 1556 2699 annno
1584 2636 1732 2718 quatuor

186 2764 320 2817 marcas
337 2746 503 2835 pecuniae
520 2747 651 2841 usualis
678 2752 714 2817 et
733 2747 940 2834 communis;
966 2746 1071 2831 habet
1087 2750 1204 2821 tamen
1230 2746 1510 2837 facultatempro
1528 2751 1621 2821 omni
1646 2756 1733 2821 tem-

182 2885 268 2956 pore
293 2871 410 2937 custos
437 2865 469 2938 S.
496 2862 677 2937 Michaelis
709 2867 924 2937 cmetbondm
950 2865 1143 2956 praelatum
1169 2867 1214 2941 dc
1240 2887 1324 2957 agro
1351 2867 1520 2959 praediali
1547 2869 1730 2960 deponere,

177 2990 220 3057 ¹et
245 2987 358 3078 ipsum
384 3007 448 3077 per
474 3007 513 3058 se
539 2987 653 3059 colere
674 2994 716 3059 et
743 3008 853 3059 arare.
1112 3064 1116 3069 ,
1222 3049 1225 3055 .

193 3144 196 3159 =
286 3106 375 3177 ltem
401 3107 548 3179 invilla
573 3107 695 3178 eadem
722 3114 776 3179 est
803 3129 890 3179 unus
918 3108 1007 3183 alius
1032 3107 1155 3179 laneus
1172 3109 1408 3199 cmetbonalis,
1427 3110 1487 3199 qui
1505 3109 1617 3181 nullos
1634 3111 1730 3183 labo-

184 3243 441 3327 res-exercens,
469 3233 504 3299 et
528 3227 574 3299 ad
601 3228 793 3299 custodiam
820 3227 854 3301 S.
879 3227 1062 3299 Michaelis
1088 3228 1277 3319 pertinens
1303 3234 1442 3300 tenetur
1469 3232 1569 3301 annis
1588 3232 1733 3321 singulis

95 3375 99 3380 ·
184 3368 250 3439 pro
275 3368 382 3421 censu
408 3368 522 3420 annuo
550 3348 685 3421 solvere
711 3348 846 3420 custodi
872 3369 936 3437 pro
963 3355 1120 3437 tempore
1147 3347 1234 3418 duas
1260 3368 1405 3419 marcas.
1437 3349 1524 3419 ltem
1550 3351 1585 3420 in
1613 3351 1733 3422 eadem

183 3469 267 3541 villa
292 3469 572 3540 Branczicne
598 3452 767 3541 sandalii
793 3473 865 3539 tres
891 3469 983 3539 lanei
1009 3466 1213 3557 praediales,
1240 3466 1285 3537 ad
1311 3469 1425 3540 curias
1452 3475 1490 3540 et
1506 3469 1650 3559 praedia
1667 3470 1731 3543 tri·

184 3610 242 3660 um
267 3588 542 3680 praebendarum
568 3587 601 3659 S.
627 3588 811 3660 Michaelis
838 3587 1040 3678 singillatim
1067 3593 1274 3677 spectantes,
1302 3587 1344 3658 de
1372 3589 1495 3678 quibus
1523 3591 1616 3663 circa
1631 3612 1731 3680 prae-

183 3709 332 3783 bendum
367 3710 556 3800 quamlibet
591 3709 776 3799 specialem
808 3706 973 3781 faciemus
1010 3707 1296 3797 descriptionem
1323 3709 1407 3779 item
1440 3710 1583 3781 suntin
1610 3710 1729 3781 eadem

183 3831 267 3903 villa
280 3831 459 3922 speciales
486 3831 545 3901 alii
572 3837 645 3902 tres
671 3828 764 3900 lanei
791 3828 1024 3900 cmetbonales
1041 3829 1097 3901 ad
1122 3828 1338 3918 praebendas
1365 3829 1397 3901 S.
1424 3830 1605 3903 Michaelis
1622 3832 1731 3922 perti-

183 3955 325 4042 nentes,
350 3957 386 4024 et
421 3951 566 4041 quilibet
591 3952 712 4022 laneus
739 3950 940 4039 singillatim
966 3948 1011 4020 ad
1037 3970 1141 4019 unam
1166 3949 1399 4039 praebendam
1424 3952 1586 4055 pertinet,
1613 3973 1731 4041 quem-

41 4159 50 4167 ,
176 4068 438 4144 summania
473 4072 704 4161 descriptione
740 4070 924 4141 cuiuslibet
962 4068 1180 4158 praebendae
1212 4069 1403 4161 specialem
1443 4070 1486 4142 de
1524 4092 1732 4189 unoquoque
1872 4124 1881 4131 -

184 4190 286 4267 laneo
308 4191 474 4265 iaciemm
500 4192 719 4263 mentionem.
1290 4274 1295 4283 .
1575 4262 1580 4269 ,
1636 4252 1653 4277 „
1671 4254 1711 4297 a·

192 4330 217 4381 a
253 4310 377 4384 Item
402 4313 440 4386 in
467 4313 588 4390 eadem
614 4313 697 4384 villa
723 4317 777 4385 est
794 4334 864 4385 una
880 4312 1035 4401 taberna,
1052 4311 1185 4383 habens
1202 4331 1305 4401 agros
1324 4310 1522 4400 specialiter
1540 4312 1609 4384 sibi
1625 4294 1730 4407 anne-

181 4430 255 4525 xo's,
282 4438 319 4505 et
343 4438 454 4523 prata,
482 4452 570 4524 quae
597 4433 642 4505 ad
665 4432 829 4505 ditionem
856 4438 893 4505 et
909 4432 1159 4523 proprietatem
1177 4431 1221 4502 ad
1240 4431 1481 4503 clericaturam
1499 4432 1533 4503 S.
1550 4431 1731 4505 Michaelis

182 4554 344 4644 pertinet,
361 4558 398 4625 et
415 4553 520 4626 solrit
538 4553 662 4626 clerico
681 4574 745 4642 pro
763 4573 876 4624 annuo
895 4572 999 4623 censu
1017 4556 1089 4623 tres
1103 4570 1246 4641 marcas,
1261 4551 1429 4624 decimam
1443 4559 1560 4624 autem
1573 4554 1731 4642 manipu-

183 4674 294 4746 larem·
315 4673 420 4745 solvit
445 4694 489 4745 ex
515 4673 636 4746 ordinm
664 4672 858 4760 canonicis3
885 4672 968 4743 item
995 4692 1113 4744 omnes
1140 4678 1219 4744 octo
1235 4671 1329 4743 lanei
1346 4671 1450 4745 villae
1466 4670 1730 4771 praefataesol-

183 4799 270 4866 runt
287 4792 454 4866 decimam
479 4792 729 4884 manipularem
746 4796 782 4864 et
799 4810 863 4883 per
881 4797 1030 4882 quatuor
1047 4791 1185 4884 ierugas
1204 4792 1413 4882 canapalem,
1432 4792 1493 4863 sed
1510 4790 1638 4865 solutio
1656 4793 1730 4864 eius

183 4914 328 5005 singulis
354 4914 454 4985 annis
481 4912 753 5000 diversificatum
779 4932 849 4984 uno
866 4912 995 4984 etenim
1014 4932 1103 4983 anno
1122 4917 1239 4983 custos
1258 4911 1291 4982 S.
1308 4909 1491 4983 Michaelis
1509 4911 1730 4983 medietatem

183 5035 257 5106 eius
282 5033 440 5124 percipit,
467 5037 548 5123 post
574 5037 722 5122 quatuor
747 5031 908 5105 videlicet
933 5032 1052 5104 laneos
1079 5037 1115 5102 et
1140 5031 1360 5103 medietatem
1387 5051 1550 5121 agrorum
1568 5018 1730 5103 taberna-

182 5154 287 5244 toris,
315 5154 461 5225 alteram
495 5172 579 5225 vero
610 5153 764 5237 eiusdem
794 5152 1016 5225 medietatem
1041 5172 1105 5241 pro
1132 5150 1252 5223 eodem
1279 5171 1368 5223 anno
1395 5151 1489 5223 tollit
1515 5171 1592 5222 eam
1617 5153 1730 5241 prima

67 5269 77 5276 “
115 5307 117 5311 ·
182 5268 381 5363 praebenda
407 5271 440 5344 S.
466 5271 659 5363 Michaelis,
686 5278 723 5344 et
748 5277 913 5346 tenentur
937 5271 1033 5343 illam
1060 5271 1260 5342 cmetbones
1282 5254 1611 5362 propriis'currihus
1628 5270 1728 5343 indu·

184 5402 262 5473 cere
298 5393 335 5474 in
368 5392 533 5475 boucam
559 5413 580 5476 a.
607 5393 748 5480 curule.
782 5393 839 5480 val
865 5393 1030 5478 anonim
1055 5389 1258 5496 roardum,
1283 5394 1319 5473 et
1343 5390 1441 5475 calor
1467 5391 1542 5475 eius.
1568 5410 1632 5494 pro
1658 5411 1729 5473 uua
