4080 6068
312 463 390 534 142

288 675 346 741 et
372 669 476 741 solvit
501 667 720 758 praebendae
748 667 925 758 praefatae
952 687 1015 758 pro
1043 667 1188 738 decima·
1201 666 1410 757 manipulari
1427 669 1464 737 et
1481 665 1604 755 canapi
1623 669 1756 755 septem
1773 636 1867 736 mar·

311 811 378 860 cas.
405 788 473 859 Est
499 789 604 860 etiam
632 788 681 859 ibi
708 787 993 863 curiamilitaris
1020 788 1152 859 habens
1179 807 1292 876 agros,
1322 807 1410 877 quae
1429 786 1596 857 decimam
1614 785 1867 876 manipularem

310 912 456 1001 plebano
484 910 587 980 villae
614 908 792 1000 praefatae
820 909 933 980 solvit.

412 1032 500 1103 Item
527 1031 634 1103 babet
660 1032 842 1122 septimam
868 1029 1077 1114 ser-tonalem¹
1102 1030 1268 1100 decimam
1287 1029 1322 1099 in
1349 1028 1598 1120 Polyanka,
1617 1026 1701 1098 villa
1718 1028 1782 1107 sub
1802 1049 1866 1117 pa-

310 1152 430 1224 rochia
466 1151 631 1222 ecclesiae
668 1151 710 1222 de
741 1151 1036 1239 Mislimicze,
1065 1151 1162 1221 cuius
1198 1150 1386 1221 dominium
1413 1149 1457 1220 ad
1485 1147 1709 1219 castellanum
1737 1147 1867 1219 Croco-

309 1274 461 1345 viensem
490 1273 652 1363 pertinet.
678 1272 719 1342 ln
748 1291 816 1362 qua
843 1277 920 1343 octo
948 1272 1040 1342 lanei
1067 1271 1310 1359 cmetbonales
1329 1271 1389 1360 qui
1407 1290 1470 1360 pro
1489 1268 1647 1360 praelata
1664 1269 1866 1358 praebenda

310 1393 450 1466 solvunt
477 1398 609 1483 septem
636 1391 798 1482 fertones,
825 1398 903 1464 octo
930 1412 1082 1483 grossos
1109 1391 1203 1462 nulla
1230 1397 1285 1463 est
1311 1391 1360 1461 ibi
1387 1390 1493 1477 curia
1520 1389 1581 1460 sed
1607 1389 1769 1460 scultetia
1787 1409 1866 1480 spe·

310 1514 427 1601 cialis‚
455 1513 637 1584 advocatia
674 1514 779 1585 etiam
806 1512 1063 1583 Mislimicensis
1089 1513 1197 1583 babet
1223 1512 1277 1582 ius
1305 1511 1506 1582 advocatiae
1532 1511 1568 1580 in
1596 1509 1690 1580 dicta
1716 1511 1865 1600 ratione,

309 1635 406 1706 cuius
433 1639 469 1705 et
495 1634 663 1705 scultetus
691 1633 804 1723 villae,
831 1639 867 1705 et
894 1633 1082 1704 advocatus
1109 1632 1375 1721 Mislimicensis
1402 1631 1542 1703 solvunt
1567 1630 1715 1737 plebano
1733 1630 1769 1701 in
1787 1629 1866 1701 Mi·

310 1755 520 1828 slimicze
546 1775 650 1826 unam
678 1745 755 1826 cum
781 1755 896 1827 media
922 1775 1065 1825 marcas.

412 1876 501 1948 Item
527 1876 635 1949 habet
661 1881 818 1947 octavam
846 1875 1059 1966 pecunialem
1087 1875 1254 1948 decimam
1272 1875 1307 1945 in
1335 1872 1489 1947 Gorna
1515 1895 1671 1967 wyesz,
1698 1876 1781 1947 villa
1799 1877 1864 1948 sub
1899 1904 1905 1911 ·

186 2012 192 2024 '
308 1998 474 2088 parochia
500 1997 666 2068 ecclesiae
694 1998 736 2068 de
762 1998 1063 2088 Myslimicze,
1091 2018 1178 2087 quae
1205 2002 1390 2086 reputatur
1416 2018 1480 2086 pro
1508 1998 1673 2069 suburbio
1693 1997 1863 2088 Myslimi-

313 2120 435 2207 mensi,
463 2119 559 2190 cuius
586 2119 775 2191 dominium
803 2119 847 2189 ad
874 2118 1137 2190 castellanatum
1165 2116 1427 2189 Cracoviensem
1451 2119 1611 2207 pertinet.
1638 2108 1678 2188 ln
1697 2138 1766 2208 qua
1783 2124 1865 2189 sunt

311 2240 436 2330 viginti
463 2261 523 2311 sex
550 2241 651 2329 lanei,
679 2240 721 2311 de
749 2240 874 2330 quibus
901 2239 1006 2311 solvit
1033 2259 1095 2329 pro
1124 2239 1322 2329 praebenda
1350 2259 1410 2309 sex
1428 2260 1562 2310 marcas
1580 2245 1616 2311 et
1635 2239 1752 2310 decem
1772 2216 1863 2311 scot-

311 2367 367 2434 tos
396 2381 601 2432 communes.

379 2487 382 2495 '
416 2482 504 2553 Item
531 2482 638 2553 habet
664 2502 790 2552 nonam
817 2481 983 2552 decimam
1010 2481 1224 2572 pecunialem
1252 2482 1287 2551 in
1315 2481 1551 2572 Bisszyna‚
1569 2468 1662 2552 'villa
1679 2482 1743 2553 sub
1762 2502 1864 2572 paro·

313 2603 391 2688 chia
427 2602 592 2673 ecclesiae
620 2603 662 2673 de
689 2601 984 2692 Mislimicze,
1011 2603 1108 2674 cuius
1136 2602 1323 2673 dominium
1349 2603 1503 2693 pertinet
1529 2603 1573 2673 ad
1599 2603 1863 2674 castellanatum

255 2811 263 2822 =
312 2723 583 2795 Cracovieusem.
609 2723 649 2793 lo
678 2744 745 2814 qua
773 2730 854 2795 sunt
880 2729 1013 2814 septem
1040 2723 1140 2813 lanei,
1168 2728 1204 2795 et
1231 2724 1370 2795 solvunt
1396 2744 1459 2814 pro
1488 2724 1620 2795 decima
1637 2724 1784 2814 pecunia
1801 2745 1863 2814 pa-

312 2848 392 2916 rata
418 2850 551 2935 septem
577 2844 739 2917 fertones.
993 2933 999 2948 Ι

414 2965 502 3036 Item
529 2966 637 3038 habet
663 2966 828 3037 decimam
855 2967 1103 3057 manipularem
1131 2966 1297 3036 decimam
1325 2966 1360 3036 in
1387 2966 1578 3056 Zwolya‚
1605 2967 1669 3038 sub
1696 2967 1863 3056 parochia

312 3087 477 3158 ecclesiae
504 3086 547 3157 de
574 3086 618 3155 W
626 3087 861 3179 yelyczlra
889 3088 986 3158 cuius
1013 3088 1136 3159 haeres
1163 3086 1358 3157 Stanislaus
1380 3086 1423 3157 de
1449 3087 1658 3177 Dambye‚
1676 3087 1801 3159 nobilis
1820 3087 1864 3159 de

311 3207 412 3278 domo
439 3207 594 3298 Rolya.
621 3207 661 3278 ln
690 3229 757 3298 qua
783 3214 865 3279 sunt
891 3213 965 3279 tres
992 3209 1191 3281 cmethones
1214 3208 1383 3280 babentes
1402 3228 1505 3298 agros
1523 3212 1658 3298 parvos,
1677 3209 1720 3280 de
1739 3209 1864 3299 quibus

311 3329 458 3399 solvitur
485 3328 618 3400 decima
644 3325 869 3419 manipularis
896 3320 1319 3420 praebendae'·'praelatae
1346 3333 1382 3399 et
1409 3328 1547 3400 ducitur
1573 3349 1637 3418 per
1663 3329 1863 3401 emetbones
1917 3402 1921 3410 ,

311 3449 347 3520 iu
374 3450 536 3522 horreum
566 3455 601 3521 et
628 3450 761 3522 decima
793 3444 915 3540 canapi
951 3451 1099 3522 solvitur
1125 3470 1188 3540 per
1216 3455 1365 3539 quatuor
1393 3450 1570 3521 iuncturas
1597 3456 1634 3522 et
1659 3450 1864 3521 aestimatur

310 3570 409 3641 valor
436 3572 510 3642 eius
538 3571 582 3641 ad
610 3592 712 3642 uuam
741 3587 956 3660 sexagenam.
982 3571 1078 3642 Nulli
1097 3577 1178 3643 sunt
1196 3571 1244 3642 ibi
1263 3569 1449 3660 hortulani,
1468 3571 1529 3641 sed
1547 3577 1601 3641 est
1619 3572 1716 3642 curia
1731 3571 1864 3643 babens

311 3712 414 3782 agros
441 3692 647 3782 praediales‚
675 3692 758 3764 item
777 3713 846 3764 una
872 3694 1020 3764 taberna
1047 3670 1179 3764 habens
1206 3713 1317 3781 agnon,
1345 3692 1388 3762 de
1416 3693 1539 3782 quibus
1567 3692 1714 3763 solvitur
1731 3693 1864 3763 decima
1936 3760 1939 3765 .

309 3813 535 3903 manipularis
562 3813 709 3903 plebano
737 3819 773 3884 et
800 3813 967 3884 ecclesiae
994 3814 1030 3883 in
1057 3812 1101 3881 W
1110 3813 1183 3903 yol
1191 3814 1344 3903 yczlra.
1508 3892 1511 3897 ,
1912 3786 1917 3804 ¹

282 3948 287 3960 ·
413 3933 501 4004 Item
528 3934 635 4005 habet
662 3935 877 4005 undecimam
896 3934 1062 4005 decimam
1080 3934 1331 4024 manipularem
1350 3934 1385 4004 in
1414 3933 1864 4026 Thomaszlrowycze,

310 4054 394 4125 villa
420 4055 483 4125 sub
510 4055 676 4143 parochia
703 4055 867 4126 ecclesiae
894 4055 937 4125 de
963 4054 1251 4146 Wyelyczlra‚
1280 4055 1375 4126 cuius
1394 4055 1518 4126 haeres
1537 4054 1782 4146 Krzystelr‚
1801 4077 1864 4127 no-

310 4175 390 4245 bilis
418 4174 460 4245 de
488 4175 593 4246 domo
616 4175 958 4247 Radwanorum.
976 4175 1055 4247 Non
1076 4184 1157 4247 suut
1175 4177 1223 4247 ibi
1244 4176 1431 4266 hortulani,
1449 4196 1561 4266 neque
1579 4177 1733 4266 taberna
1752 4196 1865 4267 neque
1910 4187 1939 4276 ⁸·

312 4295 421 4385 curia,
449 4297 510 4367 sed
536 4297 775 4369 tautummodo
803 4303 885 4368 sunt
911 4303 984 4368 tres
1010 4298 1103 4368 lanei
1130 4297 1381 4386 emethonales‚
1409 4296 1452 4367 de
1479 4297 1603 4387 quibus
1631 4297 1778 4369 solvitur
1805 4297 1865 4369 de·

253 4505 263 4521 1
311 4419 400 4488 cima
426 4417 651 4509 manipularis
687 4418 904 4509 praebendae
940 4418 1119 4508 praefatae
1154 4427 1190 4490 et
1217 4419 1355 4490 ducitur
1382 4418 1417 4488 in
1444 4418 1608 4490 horreum
1635 4439 1698 4508 per
1725 4420 1864 4489 canoni-

311 4561 387 4611 cum
414 4539 619 4630 eligendum,
646 4545 682 4611 et
709 4540 841 4611 decima
868 4541 991 4630 canapi
1018 4541 1166 4612 solvitur
1193 4560 1255 4630 per
1283 4545 1432 4629 quatuor
1451 4540 1629 4611 iuncturas
1648 4540 1690 4611 de
1710 4540 1809 4613 laneo
1828 4546 1865 4612 ct

311 4662 517 4734 aestimatur
543 4662 642 4732 valor
668 4662 743 4733 eius
770 4661 814 4731 ad
842 4662 928 4733 duas
955 4683 1099 4733 marcas.

414 4782 501 4853 Item
528 4783 636 4854 babet
663 4782 901 4855 duodecimam
919 4783 1087 4855 decimam
1104 4783 1354 4873 manipularem
1373 4782 1408 4852 in
1436 4779 1671 4874 Gragyorr,
1697 4783 1781 4855 villa
1799 4786 1864 4862 sno

310 4904 476 4994 parocbia
511 4893 688 4976 ecclesiae*
703 4904 745 4974 do
773 4903 1073 4996 Wyelyczlra‚
1101 4904 1198 4976 cuius
1225 4905 1348 4975 haeres
1376 4903 1540 4976 Nicolaus
1568 4902 1863 4998 Grayowsky,

311 5024 437 5097 nobilis
465 5025 508 5096 de
536 5026 636 5097 domo
665 5025 872 5116 Nowyna.
899 5025 939 5095 ln
967 5047 1036 5115 qua
1062 5048 1131 5097 non
1158 5029 1240 5097 sunt
1265 5025 1455 5116 hortulani,
1481 5047 1592 5117 neque
1620 5027 1774 5117 taberna
1802 5029 1864 5100 sed
1925 5039 1928 5042 ’

311 5134 392 5217 sunt
419 5147 570 5238 quinque
595 5146 689 5218 lanei
716 5147 959 5237 emethonales‚
987 5145 1030 5217 dc
1058 5146 1182 5236 quibus
1200 5145 1333 5218 decima
1350 5147 1577 5238 manipularis
1596 5148 1744 5219 soluitur
1762 5168 1863 5245 prae·

310 5267 445 5338 bendae
481 5266 659 5356 praefatae
686 5274 723 5338 et
749 5268 888 5341 ducitur
914 5289 977 5359 per
1005 5268 1203 5340 emethones
1230 5267 1266 5338 in
1293 5269 1456 5341 borreum
1483 5288 1546 5358 per
1573 5270 1774 5342 canonicum
1801 5271 1863 5341 eli·

310 5386 469 5480 gendum,
496 5393 533 5465 et
559 5388 691 5463 decima
717 5390 840 5487 canapi
867 5389 1014 5467 solvitur
1040 5410 1103 5487 per
1122 5395 1271 5485 quatuor
1290 5391 1469 5466 iuncturas
1487 5396 1523 5464 et
1541 5391 1746 5465 aestimatur
1763 5391 1862 5464 valor
