4050 6054
1600 502 1603 508 ·
1675 482 1748 555 317

137 662 141 681 ’
202 694 399 784 canapalem
427 693 581 792 solvunt,
608 699 644 764 et
671 693 801 766 ducunt
827 712 903 764 eam
938 693 1090 783 propriis
1122 692 1280 762 curribus
1308 691 1343 761 in
1370 692 1537 762 horreum
1567 691 1611 762 ab
1639 692 1752 799 archi-

202 816 347 887 diacono
374 814 569 903 locandum3'
592 814 740 885 taberna
757 819 811 884 est
829 815 933 885 etiam
952 814 1011 904 ibi,
1039 834 1126 904 quae
1144 812 1386 884 archidiacono
1414 812 1573 902 decimat,
1601 818 1637 883 ot
1655 812 1753 885 valor

203 937 357 1008 decimae
384 935 542 1008 extendit
569 956 605 1008 se
633 936 677 1007 ad
704 935 885 1007 duodecim
913 955 1057 1007 marcas.
1818 923 1820 926 ’

194 1148 200 1157 f
306 1058 491 1146 Branczn,
518 1057 601 1127 villa
619 1057 683 1127 snb
701 1058 864 1147 parochia
891 1057 1055 1128 ecclesiae
1083 1056 1126 1127 de
1144 1053 1422 1151 Obrzaszon
1451 1055 1527 1145 sita,
1555 1056 1653 1126 cuius
1671 1057 1754 1128 hae-

204 1201 261 1252 res
288 1178 441 1250 Joannes
468 1178 759 1270 Bieleezsky,
787 1178 829 1249 de
856 1179 962 1248 armis
988 1177 1230 1268 Habdank,
1257 1177 1293 1247 in
1321 1198 1390 1266 qua
1418 1183 1499 1249 sunt
1526 1177 1643 1249 decem
1661 1177 1756 1250 lanei

206 1301 457 1389 cmethonaleS,
494 1305 529 1371 et
556 1300 654 1371 duae·
678 1301 845 1371 tabernac
881 1299 1050 1370 habentes
1085 1319 1203 1389 agree,
1244 1298 1438 1388 dequibus
1474 1299 1631 1370 omnihus
1662 1299 1757 1372 tollit

206 1422 373 1494 decimam
400 1422 650 1512 manipularem
676 1420 940 1492 archidiaconus
968 1418 1272 1509 SandomiriensiS,
1299 1425 1335 1490 et
1362 1419 1561 1510 canapalem
1587 1438 1651 1509 per
1672 1440 1756 1510 qua-

208 1550 288 1616 tuor
314 1544 464 1632 ierugas,
484 1548 520 1613 ct
541 1543 671 1614 ducunt
690 1564 767 1613 eam
785 1541 983 1612 cmethones
1001 1541 1037 1610 in
1055 1541 1218 1611 horreum
1246 1541 1289 1611 ab
1313 1540 1553 1612 archidiacono
1579 1540 1761 1614 locandum

150 1694 154 1700 ·
208 1671 244 1736 ct
269 1665 368 1736 valor
395 1664 469 1735 eius
497 1664 541 1735 ad
568 1663 751 1735 duodecim
786 1682 931 1733 marcas.
975 1661 1064 1732 Item
1092 1667 1146 1732 est
1176 1661 1226 1733 ibi
1253 1683 1357 1732 unum
1392 1661 1573 1752 praedium
1606 1662 1758 1736 militare

212 1785 459 1876 tantummodo,
487 1785 529 1856 de
558 1806 625 1875 quo
653 1785 758 1855 datur
785 1784 918 1855 decima
942 1783 1169 1874 manipularis
1196 1783 1359 1854 ecclesiae
1387 1782 1422 1853 in
1450 1780 1733 1856 Obrzaszow.

311 1906 546 1996 Wnosrnow,
573 1906 657 1976 villa
682 1906 814 1977 habens
832 1905 868 1976 in
887 1926 924 1976 se
951 1905 1132 1976 ecclesiam
1158 1904 1391 1994 parochialem
1420 1904 1601 1995 muratam,
1629 1904 1758 1978 Sancto

208 2029 334 2100 Joanni
361 2027 543 2116 Baptistae
571 2026 738 2116 dicatam,
775 2027 870 2098 cuins
897 2027 1064 2112 haeredes
1091 2024 1114 2096 J
1125 2026 1330 2096 ohannes
1367 2030 1403 2095 et
1431 2022 1601 2115 Gywan
1637 2032 1672 2097 et
1699 2026 1759 2097 alii

209 2148 252 2219 de
280 2147 384 2217 armis
411 2146 434 2218 J
441 2147 594 2236 anina,
622 2147 658 2216 in
686 2167 755 2236 qua
773 2152 853 2217 sunt
872 2145 1051 2217 duodecim
1068 2146 1161 2216 lanei
1180 2146 1421 2236 cmethonales,
1449 2147 1532 2217 item
1551 2152 1624 2219 tres
1642 2148 1758 2219 taber-

209 2289 274 2339 nae
301 2259 476 2339 habentes
496 2288 608 2358 agros,
634 2268 718 2338 item
744 2268 962 2338 hortulaniae
989 2268 1156 2339 habentes
1184 2288 1295 2357 agros,
1323 2266 1383 2339 sed
1402 2268 1579 2358 perceptio
1605 2268 1758 2340 decimae

210 2390 302 2459 inter
329 2388 607 2460 archidiaconum
627 2393 662 2458 et
679 2389 862 2479 plebanum
890 2388 932 2458 de
958 2367 1173 2459 Wlostow
1201 2388 1465 2477 diversificatum
1493 2410 1572 2461 nam
1590 2389 1633 2460 de
1652 2390 1759 2461 omni-

210 2510 275 2581 bns
302 2510 395 2600 agris
422 2507 655 2599 praelatorum
683 2508 863 2580 duodecim
888 2509 1065 2580 laneorum
1092 2509 1185 2580 tollit
1212 2530 1288 2580 eam
1315 2509 1591 2600 archidiaconus,
1618 2517 1761 2601 praeter

211 2650 312 2721 agros
341 2631 474 2720 aliquos
501 2630 653 2701 iacentes
681 2651 702 2700 a
728 2631 794 2720 via,
821 2651 909 2720 qnae
935 2630 1033 2701 vadit
1059 2630 1103 2700 ad
1131 2628 1452 2720 Grotholicze‚
1480 2652 1588 2721 usqne
1606 2631 1760 2703 adriam

212 2752 393 2823 ducentem
413 2752 456 2829 ‚in
484 2750 752 2842 Swoychow,
778 2752 863 2822 item
889 2770 932 2822 cx
959 2751 1063 2842 agria,
1091 2750 1150 2843 qui
1177 2751 1368 2841 procedunt
1386 2772 1508 2823 versus
1535 2751 1761 2844 hlal-szyn,

213 2893 254 2942 ex
272 2872 431 2961 opposito
451 2871 614 2943 ecclesiae
634 2873 670 2942 in
696 2871 926 2962 Wlostow,
954 2874 1057 2962 avia,
1087 2893 1174 2964 qnae
1192 2872 1289 2944 vadit
1316 2873 1352 2942 in
1380 2871 1624 2964 Swoykow,
1651 2886 1761 2965 usque

212 2992 257 3063 ad
282 2992 455 3082 granicies
482 2993 518 3087 in
546 2990 777 3084 Goyezow,
805 2994 865 3085 qui
884 2995 960 3084 agri
987 2993 1291 3083 Targowiska
1318 2999 1354 3064 et
1379 2993 1557 3066 Mlocze
1585 2994 1761 3095 appellan-

211 3120 278 3202 tur,
297 3134 358 3184 sen
376 3112 577 3184 Mlokicz
589 3135 621 3202 e,
652 3114 694 3184 de
714 3115 840 3205 quibus
862 3116 1021 3185 omnibus
1041 3114 1132 3185 cedit
1150 3114 1283 3185 decima
1309 3115 1457 3204 plebano
1475 3115 1512 3185 in
1530 3115 1762 3187 Wlosthow.

212 3235 300 3306 Item
318 3234 361 3305 de
380 3234 513 3306 dnobus
532 3233 683 3324 praediis
701 3235 920 3325 militaribus,
948 3235 1109 3306 videlicet
1127 3233 1298 3326 Gywan
1326 3242 1362 3307 et
1387 3235 1590 3326 loannis,
1617 3256 1762 3326 quorum

213 3356 289 3446 agri
315 3360 415 3426 erant
442 3355 685 3444 cmethonaleS,
713 3354 817 3426 datur
837 3357 968 3427 decima
987 3356 1213 3446 manipularis
1239 3356 1544 3446 archidiaconatui,
1571 3363 1607 3428 et
1625 3357 1765 3429 solvunt

214 3478 412 3548 cmethones
440 3476 605 3547 decimam
632 3497 695 3565 per
722 3482 871 3566 quatuor
899 3477 1047 3567 ierugas,
1075 3483 1111 3547 et
1138 3476 1268 3547 ducunt
1294 3477 1462 3548 decimam
1480 3478 1517 3548 in
1535 3478 1700 3549 horreum
1718 3478 1762 3549 ab

98 3682 102 3689 ¹
215 3598 455 3670 archidiacono
482 3597 665 3669 locandum
693 3603 728 3668 et
754 3598 852 3668 valor
879 3597 953 3668 eius
981 3597 1026 3668 ad
1053 3597 1232 3669 duodecim
1259 3619 1393 3670 marcas
1421 3598 1634 3671 aestimatur.

319 3717 524 3808 Ouinium,
550 3718 634 3790 villa
660 3719 724 3789 snb
751 3718 917 3809 parochia
943 3719 1108 3789 ecclesiae
1136 3719 1178 3789 de
1205 3718 1370 3810 Magna
1396 3717 1652 3811 Oppathon
1679 3720 1765 3810 sita,

215 3841 311 3913 cuius
338 3841 534 3930 proprietas
562 3845 598 3910 et
624 3839 811 3910 dominium
839 3839 883 3909 ad
910 3840 1161 3911 mansionarios
1189 3840 1353 3912 ecelesiae
1380 3839 1669 3914 Sandomiriensis
1686 3863 1765 3934 per-

215 3963 321 4051 tinet,
358 3963 393 4032 in
422 3982 489 4052 qna
516 3966 597 4032 sunt
624 3960 818 4050 quindecim
844 3961 937 4031 lanei
969 3962 1222 4052 cmethonales,
1259 3963 1343 4032 item
1370 3967 1520 4052 quatuor
1546 3963 1638 4035 lanei
1663 3984 1765 4054 prae-

216 4082 333 4172 diales,
360 4085 444 4155 item
463 4082 551 4153 dnae
569 4082 734 4153 tabernae
753 4083 919 4153 habentes
947 4103 1059 4173 agros,
1087 4082 1129 4153 de
1149 4082 1274 4172 quibus
1294 4084 1452 4155 omnibus
1470 4085 1617 4156 solvitur
1635 4084 1767 4157 decima

217 4203 441 4293 manipularis
469 4202 763 4274 archidiaconatui
790 4202 1061 4306 Sandomiriensi
1088 4208 1124 4273 et
1150 4203 1323 4293 canapalis
1358 4225 1422 4295 per
1453 4210 1602 4296 quatuor
1628 4208 1766 4297 iorugas

217 4331 253 4396 et
279 4345 342 4415 per
368 4326 565 4397 cmethones
601 4325 739 4396 ducitur
752 4325 800 4421 ,in
827 4325 992 4396 horreum
1019 4325 1062 4396 ab
1090 4324 1334 4397 archidiacono
1370 4327 1571 4419 locandum,
1605 4333 1642 4398 et
1668 4327 1766 4399 valor

217 4447 291 4517 eius
318 4446 363 4517 ad
389 4446 537 4518 sedecim
564 4466 697 4518 marcas
724 4447 935 4537 aestimatur,
962 4447 1045 4518 item
1072 4452 1154 4518 sunt
1180 4447 1230 4519 ibi
1255 4452 1328 4519 tres
1354 4448 1582 4539 hortulaniae,
1609 4448 1765 4520 sednon

217 4568 348 4641 habent
375 4588 487 4659 agros.

264 4667 267 4674 ¹
322 4687 575 4778 Gzrnnunonr,
612 4688 694 4760 villa
721 4689 785 4761 sub
812 4689 1168 4778 parochiaecclesiae
1195 4688 1238 4763 de
1265 4670 1633 4762 Strzeszowicze
1660 4690 1766 4762 etde

218 4807 473 4899 Oppathow
500 4808 578 4898 sita,
606 4808 702 4879 cuins
729 4807 853 4880 haeres
879 4809 1074 4882 Demarath
1099 4807 1412 4900 Kobylerisky,
1440 4809 1482 4881 de
1510 4810 1616 4880 armis
1642 4807 1767 4903 Grzy-

218 4928 334 5001 mala
359 4948 423 5020 pro
450 4949 519 4999 una
544 4928 741 5018 medietate3
768 4929 937 5001 medietas
965 4919 1057 5002 enim
1073 4928 1177 5003 iillae
1195 4929 1358 5002 militaris
1383 4932 1537 5020 pertinet
1562 4931 1639 5015 iure
1664 4950 1768 5021 paro·

219 5049 323 5120 chiali
357 5049 393 5120 in
429 5048 828 5138 Strzeszowieze3'
853 5050 1021 5122 medietas
1058 5056 1172 5122 autem
1205 5051 1310 5122 villae
1345 5031 1499 5140 episcopi
1533 5050 1766 5125 Lubnczensis

159 5238 171 5256 ,
218 5171 371 5260 pertinet
398 5171 433 5241 in
460 5167 714 5261 Oppathow
740 5169 816 5241 iure
842 5171 1048 5262 parochiali,
1075 5172 1111 5240 in
1131 5189 1199 5261 qua
1216 5154 1297 5243 sunt
1324 5189 1385 5242 sex
1399 5170 1498 5261 lanei
1525 5171 1768 5263 cmethonales,
1845 5214 1850 5224 ·

85 5348 88 5355 .
220 5289 263 5362 de
291 5289 415 5382 quibus
442 5288 600 5363 omnibus
627 5290 720 5362 tollit
747 5289 915 5362 decimam
932 5291 1181 5382 manipularem
1199 5297 1235 5362 et
1252 5310 1317 5382 per
1334 5296 1483 5382 quatuor
1508 5292 1648 5383 ierugas
1666 5313 1768 5364 cana-

120 5505 127 5518 ·
220 5411 334 5510 palem
360 5411 623 5493 archidiaconus
651 5411 958 5506 amdonitiones,
994 5417 1030 5492 et
1057 5411 1186 5493 ducunt
1211 5432 1287 5495 enm
1315 5415 1515 5492 cmethones
1541 5413 1578 5490 in
1604 5413 1768 5499 horreum
