4050 6054
242 461 314 532 148

343 664 430 735 Item
458 661 565 732 habet
600 663 760 748 quartam
796 653 1043 743 manipularem
1081 651 1248 723 decimam
1275 651 1311 721 iu
1338 651 1420 720 villa
1447 627 1560 721 Ρ111
1567 651 1793 742 yowicze,

241 787 305 858 sub
332 782 497 875 parochia
522 779 688 850 ecclesIae
716 775 758 845 de
794 772 1257 860 Naschiachowicze,
1294 773 1391 841 cuius
1415 771 1583 842 haeredes
1609 778 1691 844 sunt
1718 773 1791 845 duo

243 905 385 993 nobiles,
412 901 575 975 videlicet
600 898 778 971 lohannes
805 893 954 964 Nasch
963 914 1048 983 yon
1075 891 1117 962 de
1145 892 1249 962 armis
1276 892 1584 981 Bippennium
1611 900 1647 964 et
1673 893 1794 965 81111-

243 993 336 1098 slaus
361 1019 670 1111 Polayowslry
696 1017 739 1086 de
767 1014 872 1085 armis
899 1013 1135 1103 Anguium.
1161 1011 1210 1084 Et
1236 1013 1271 1083 iu
1299 1033 1367 1102 qua
1386 1018 1466 1082 suut
1484 1019 1562 1083 octo
1589 1013 1680 1085 lanei
1698 1035 1793 1087 ome-

245 1145 422 1233 thonales,
459 1147 495 1214 et
530 1127 618 1212 duae
655 1138 822 1209 tabernae
858 1142 894 1205 et
928 1155 989 1205 1111
1023 1134 1200 1204 hortulani
1238 1133 1406 1239 babentes
1442 1155 1563 1222 agrOS,
1590 1134 1632 1204 de
1664 1136 1794 1224 quibus

245 1266 403 1339 omnibus
429 1262 576 1335 solvitur
603 1258 736 1330 decima
753 1255 978 1344 manipularis
1006 1261 1042 1324 et
1069 1253 1208 1325 ducitur
1225 1254 1375 1343 propriis
1395 1255 1553 1326 curribus
1571 1256 1607 1325 in
1625 1256 1795 1328 horreum

245 1384 400 1458 canonici
426 1403 489 1473 per
514 1381 663 1467 1111111,
699 1383 735 1448 11
770 1376 908 1447 solvunt
936 1375 1101 1445 decimam
1130 1375 1253 1463 canapi
1283 1395 1346 1463 per
1373 1381 1522 1464 quatuor
1548 1376 1727 1447 iuncturas
1756 1388 1796 1450 et

245 1504 450 1576 aestimatur
476 1501 574 1572 valor
609 1498 761 1570 decimae
797 1493 974 1585 praefatae
1011 1493 1054 1564 ad
1083 1494 1276 1583 quindecim
1303 1514 1448 1564 marcas.
1492 1494 1581 1566 Sunt
1607 1497 1712 1567 etiam
1741 1499 1795 1571 ibi

247 1623 334 1695 duae
361 1621 477 1693 curiae
502 1619 680 1705 militares,
707 1616 875 1686 babentes
902 1635 1005 1703 agros
1032 1613 1234 1703 praediales,
1263 1613 1306 1684 de
1333 1615 1457 1704 quibus
1484 1614 1631 1687 solvitur
1657 1616 1797 1690 decima

247 1742 470 1832 manipularis
496 1737 748 1831 praebendario
775 1741 811 1806 11
837 1734 1000 1806 ecclesiae
1027 1734 1146 1805 Sancti
1171 1733 1317 1805 Martini
1344 1736 1379 1805 in
1407 1734 1642 1807 Gracovia.

349 1862 436 1934 Item
462 1861 569 1933 habet
596 1859 750 1950 quintam
776 1856 1026 1946 manipularem
1062 1854 1228 1925 decimam
1264 1856 1299 1925 in
1336 1856 1671 1948 Szulkowicze,
1706 1861 1797 1933 villa

248 1981 556 2056 sanctimonialium
582 1978 700 2050 Sancti
727 1977 888 2048 Andreae
907 1976 1047 2076 ordinis
1075 1975 1221 2046 Sanctae
1240 1976 1372 2065 Clarae,
1399 1979 1463 2049 sub
1490 1979 1655 2068 parochia
1681 1982 1795 2052 eecle-

247 2104 319 2176 siae
345 2104 387 2174 de
405 2101 445 2173 M
453 2121 608 2193 ynoga.
635 2100 675 2170 In
703 2119 772 2188 qua
797 2103 878 2168 sunt
905 2103 983 2168 octo
1010 2097 1102 2167 lanei
1129 2097 1380 2186 cmethonales,
1408 2099 1451 2169 de
1479 2101 1603 2189 quibus
1630 2103 1796 2175 omnibus

248 2224 394 2297 solvitur
421 2218 552 2294 decima
578 2219 796 2312 praebendae
823 2216 1009 2308 praelatae,
1037 2225 1072 2289 et
1100 2218 1229 2289 ducunt
1255 2240 1329 2289 eam
1350 2220 1546 2292 omethones
1572 2222 1608 2291 in
1626 2223 1796 2295 horreum

246 2345 456 2417 acanouico
496 2341 714 2432 deligendum
749 2344 786 2410 et
812 2338 950 2409 solvunt
986 2338 1153 2410 decImam
1180 2340 1302 2429 canapi
1339 2361 1402 2429 per
1429 2348 1577 2435 quatuor
1612 2343 1794 2418 iuncturas

247 2471 284 2536 et
310 2465 513 2536 aestimatur
539 2462 637 2533 valor
655 2460 806 2531 decimae
824 2459 1002 2549 praefatae
1021 2460 1065 2531 ad
1084 2460 1264 2532 duodecim
1282 2483 1425 2532 mareas.
1451 2463 1539 2533 Item
1558 2486 1627 2534 una
1644 2466 1797 2537 taberna

245 2586 377 2658 habens
404 2605 523 2674 agros,
558 2583 639 2654 item
668 2586 817 2671 quatuor
843 2581 1062 2652 hortulaniae
1089 2582 1258 2652 habentes
1285 2603 1407 2672 agros,
1443 2583 1485 2654 de
1513 2586 1671 2657 omnibus
1698 2585 1794 2658 deci-

246 2711 361 2777 matur
386 2704 604 2794 praebendae
632 2701 850 2774 cracoviensi
877 2703 1217 2792 Racziborslra,
1253 2704 1336 2774 item
1363 2704 1406 2774 de
1433 2704 1605 2794 aliquibus
1633 2707 1727 2798 agris
1754 2717 1795 2781 et

245 2826 363 2915 laneis,
390 2826 473 2897 item
499 2823 680 2916 praedium
706 2824 755 2895 ibi
782 2823 994 2911 coenobiale,
1031 2823 1072 2894 de
1101 2824 1197 2894 cuius
1225 2824 1318 2913 agris
1346 2823 1512 2896 decimam
1540 2828 1794 2902 monasterium

244 2966 308 3038 pro
335 2968 372 3018 se
398 2946 499 3019 tollit.
526 2945 593 3016 Est
619 2945 723 3016 etiam
746 2944 782 3014 in
801 2943 921 3013 eadem
939 2944 1023 3014 villa
1049 2944 1146 3014 curia
1172 2945 1391 3033 coenobialis,
1418 2946 1549 3017 habeus
1568 2968 1793 3039 111111111-

245 3067 362 3156 diales,
389 3068 431 3138 de
459 3067 582 3159 quibus
610 3066 742 3137 decima
760 3119 928 3134 .......

346 3189 434 3260 Item
459 3187 568 3259 habet
593 3191 727 3258 sextam
753 3185 1003 3276 manipularem
1030 3185 1195 3257 decimam
1223 3187 1360 3258 invilla
1387 3187 1601 3259 Brzozow
1611 3191 1670 3279 ka,
1693 3191 1794 3264 cuius

242 3308 429 3381 dominium
455 3307 607 3399 pertinet
634 3305 937 3377 adDerslaum
964 3305 1128 3396 Wansz
1156 3306 1199 3377 de
1218 3306 1543 3397 Samogorzow,
1570 3311 1719 3383 nobilem
1747 3312 1793 3385 de

238 3426 341 3504 domo
369 3429 645 3522 cygnorum,
676 3428 741 3500 sub
772 3427 938 3517 parocbia
968 3429 1133 3499 ecclesiae
1165 3428 1207 3498 de
1234 3428 1502 3521 Korzkyew.
1546 3431 1586 3501 ln
1615 3438 1685 3522 qua
1708 3441 1792 3506 sunt

238 3551 329 3625 lanei
347 3549 580 3623 emethonales
599 3554 635 3620 11
651 3549 799 3621 taberna
816 3549 947 3619 habens
966 3571 1082 3639 agros,
1110 3549 1152 3619 dc
1172 3549 1296 3639 quibus
1315 3551 1472 3622 omuibus
1491 3553 1637 3624 solvitur
1656 3553 1790 3627 decima
1873 3588 1876 3593 ·

238 3672 463 3764 manipularis
488 3692 552 3763 pro
579 3669 779 3761 praebenda
805 3646 963 3759 praefata
990 3675 1026 3740 et
1053 3669 1191 3740 ducitur
1217 3673 1367 3763 propriis
1395 3675 1552 3746 curribus
1579 3696 1641 3766 per
1660 3676 1791 3749 iuoolas

237 3795 274 3866 iu
300 3795 464 3866 borreum
491 3794 512 3863 a
539 3792 702 3864 canonico
730 3790 939 3880 eligendum,
972 3796 1008 3860 et
1034 3790 1173 3863 solvunt
1200 3793 1366 3864 decimam
1393 3790 1524 3886 'canapi
1551 3818 1613 3887 per
1641 3803 1792 3888 quatuor

236 3890 413 3986 iuncturas
440 3917 476 3984 et
503 3913 707 3983 aestimatur
733 3911 832 3982 valor
858 3911 1010 3981 decimae
1037 3911 1214 4002 praelatae
1242 3915 1286 3985 ad
1313 3917 1463 4006 quinque
1489 3939 1632 3989 marcas.

340 4032 429 4104 Item
446 4033 554 4103 habet
572 4032 753 4122 septimam
771 4032 1020 4122 manipularem
1039 4032 1206 4104 decimam
1224 4035 1260 4105 in
1278 4036 1363 4106 111
1374 4059 1396 4108 1
1408 4059 1424 4108 1
1435 4039 1514 4109 111
1525 4041 1632 4110 wicz
1643 4061 1678 4130 e,
1706 4042 1792 4114 villa

238 4151 361 4224 Jacobi
380 4151 423 4221 de
440 4150 809 4243 Konyeczpolye,
829 4153 954 4224 nobilis
972 4153 1015 4224 de
1034 4154 1134 4225 domo
1153 4154 1384 4246 Pobodze,
1412 4160 1476 4231 sub
1495 4161 1659 4248 parochia
1681 4163 1792 4236 eccle-

242 4270 315 4343 siae
342 4270 384 4342 de
412 4267 763 4362 Gyebyolthow.
791 4272 831 4342 In
859 4295 926 4362 qua
953 4283 1034 4346 sunt
1060 4275 1151 4347 lanei
1179 4279 1422 4368 cmethonalos,
1449 4281 1532 4351 item
1559 4283 1726 4354 tabernae
1754 4294 1793 4358 et

236 4391 475 4480 hortulaniae,
507 4392 550 4462 de
578 4392 702 4482 quibus
729 4393 887 4465 omnibus
915 4395 1062 4466 solvitur
1089 4397 1222 4468 decima
1248 4400 1473 4490 manipularis
1500 4425 1563 4493 pro
1591 4405 1792 4494 praebenda

237 4511 395 4603 praelata
421 4518 457 4582 11
475 4512 612 4584 ducitur
638 4515 791 4604 propriis
819 4516 978 4587 curribus
1006 4538 1069 4606 per
1097 4518 1225 4590 incolas
1253 4522 1288 4590 in
1306 4522 1469 4593 horreum
1497 4527 1700 4597 acanonico
1727 4528 1791 4599 eli-

235 4633 404 4723 gendum,
433 4638 469 4703 et
487 4630 625 4704 solvunt
644 4633 810 4705 1111111111
829 4637 951 4726 canapi
969 4658 1032 4727 per
1051 4645 1201 4729 quatuor
1218 4641 1396 4732 iuncturas
1414 4650 1450 4715 et
1469 4646 1673 4717 aestimatur
1691 4649 1792 4720 valor

236 4751 390 4850 decimae
418 4751 594 4842 praelatae
622 4754 667 4826 ad
695 4755 810 4826 decem
837 4778 981 4828 marcas.
1015 4759 1081 4830 Est
1107 4760 1212 4832 etiam
1243 4763 1292 4834 ibi
1320 4765 1415 4835 curia
1445 4764 1621 4857 militaris,
1656 4768 1792 4843 habens

235 4892 338 4963 agros
364 4872 573 4962 praediales,
601 4874 643 4944 do
671 4876 795 4966 quibus
822 4876 955 4950 decima
981 4881 1207 4971 manipularIs
1234 4882 1381 4956 solvitur
1408 4886 1571 4989 ecclesiae
1598 4890 1791 4979 parochiali

235 4993 272 5062 in
298 4992 414 5065 Ghrz
430 5000 624 5084 austun,
651 4996 687 5066 in
715 4997 862 5070 dioecesi
889 4997 1092 5092 Gnesnensi,
1119 5008 1156 5074 et
1183 5004 1280 5077 valor
1298 5006 1372 5077 eius
1400 5009 1604 5083 aestimatur
1631 5011 1675 5081 ad
1703 5011 1790 5086 duas

134 5096 137 5101 ’
235 5133 379 5202 marcas,
407 5113 592 5205 aliquando
619 5117 664 5187 ad
692 5125 841 5207 quatuor
867 5140 1010 5194 marcas.
1135 5158 1141 5169 ·

336 5232 425 5304 Item
450 5235 558 5307 habet
584 5243 742 5310 octavam
769 5241 1019 5333 manipularem
1055 5243 1221 5318 decimam
1248 5248 1284 5319 iu
1311 5250 1434 5322 maiori
1462 5251 1628 5345 Vlyna,
1655 5247 1703 5325 in'
1718 5275 1790 5347 qua

230 5356 285 5424 111
302 5353 447 5425 ecclesia
464 5357 684 5451 parochialis,
711 5360 811 5434 cuius
838 5362 963 5436 haeres
992 5370 1045 5436 est
1064 5365 1193 5440 Paulus
1220 5367 1439 5464 Vlyusky,
1467 5375 1592 5448 nobilis
1620 5375 1786 5459 11111111
