4050 6054
239 410 260 488 ἓ

236 642 344 712 usque
370 638 477 712 prope
494 619 655 710 oppidum
680 616 926 692 Rzeschov
951 625 988 692 et
1004 618 1175 712 nsque-ad
1194 619 1311 690 villam
1330 618 1604 709 Trzczyaua,
1623 621 1660 689 et
1679 612 1798 690 abin-'

237 742 280 813 de
307 742 351 813 ad
375 741 513 813 fluvium
543 737 567 812 J
576 741 775 831 asszyel,
807 741 866 831 qui
896 740 1078 813 dioecesim
1109 738 1372 813 cracoviensem
1404 761 1479 813 cum
1511 737 1792 830 Praemysliensi

237 862 409 950 terminat,
427 860 590 932 inclusive
617 859 778 933 decurrit.
804 860 923 952 Aqua
941 861 985 933 ab
1004 860 1131 953 oppido
1152 860 1175 933 J
1184 862 1413 953 aazlyska,
1431 861 1622 951 Duklya,
1645 863 1681 930 et
1704 856 1790 930 Oa-

237 1000 476 1074 myenyecz
505 1000 620 1053 omues
638 982 745 1072 Alpes
762 982 938 1072 polonicus
959 982 1090 1057 babens
1112 983 1148 1054 iu
1166 1003 1229 1054 sua
1256 982 1414 1069 dioecesi,
1441 982 1485 1052 ad
1512 979 1674 1071 oppidum
1703 977 1789 1051 Po-

238 1102 489 1192 dolynyecz
516 1105 552 1171 et
579 1101 849 1192 quicquidlluvii
868 1101 1049 1193 Poprod
1075 1110 1112 1174 et
1133 1103 1374 1195 Dunayecz
1406 1111 1580 1174 terrarum
1611 1099 1787 1189 ambiunt,

237 1222 422 1293 continuat.
456 1220 540 1291 Inde
558 1221 602 1292 ad
620 1220 927 1295 Vratislaviensem
945 1223 1129 1295 dioecesim
1155 1224 1301 1314 relapsa,
1329 1245 1463 1295 omnem
1496 1224 1607 1294 sinum
1639 1220 1786 1291 distric-

235 1349 332 1413 tuum
357 1339 548 1430 Zathor,
574 1339 811 1432 Zywyecz,
846 1342 1161 1435 Wadowycze,
1196 1343 1546 1437 Oszwyanczin,
1580 1339 1787 1445 mouchy,
1827 1398 1831 1403 .

236 1461 469 1551 Plsczyna,
499 1480 608 1549 usque
640 1461 777 1550 quoad
807 1467 928 1552 portas
957 1463 986 1534 Z
996 1464 1108 1556 arky
1139 1465 1325 1555 pertingat,
1351 1466 1387 1535 in
1414 1484 1476 1535 suo
1502 1465 1580 1537 iure
1604 1458 1787 1559 dandam,

234 1603 255 1654 a
272 1582 382 1672 portis
401 1586 514 1653 autem
533 1580 650 1670 oppidi
667 1581 819 1674 Zarky
851 1602 985 1656 omnem
1002 1591 1151 1657 tractum
1175 1585 1394 1657 districtuum
1411 1582 1656 1677 Mykulov,
1683 1578 1789 1655 Wo-

196 1796 200 1801 .
234 1701 406 1795 aznylri,
432 1699 684 1794 Sayevyor,
712 1702 916 1795 Bython,
943 1705 1142 1797 usquequo
1169 1707 1214 1777 ad
1240 1700 1788 1791 fluviosKoczawaetdst-
1918 1773 1923 1783 ,

234 1845 265 1894 w
275 1822 421 1910 artha,
443 1821 503 1911 qui
519 1818 780 1895 cracoviensem
798 1843 819 1896 a
836 1824 1104 1899 Vratislaviensi
1120 1827 1282 1917 limitant,
1300 1826 1533 1919 perveniatur,
1552 1826 1606 1897 aui
1623 1822 1712 1897 iuris
1727 1822 1787 1896 fa-

233 1943 296 2015 cit:
327 1964 350 2014 a
379 1941 482 2014 duvio
512 1941 628 2015 autem
658 1942 682 2017 J
691 1947 928 2036 stwartba,
960 1949 1018 2038 qui
1046 1946 1282 2020 Gneznensem
1313 1954 1350 2018 et
1379 1944 1643 2021 cracoviensem
1672 1943 1788 2021 ciam

234 2065 405 2137 dioeceses
424 2063 555 2156 dividit,
575 2085 682 2155 usque
701 2064 736 2134 in
754 2064 799 2135 W
809 2067 987 2137 artham
1013 2067 1153 2138 lluvium
1168 2068 1212 2137 ad
1225 2067 1388 2158 oppidum
1405 2066 1531 2137 Msth
1541 2087 1561 2137 o
1571 2088 1612 2155 vv,
1629 2064 1667 2136 in
1683 2062 1786 2137 dice-
1826 2054 1836 2071 '

234 2188 303 2258 cesi
321 2185 540 2258 cracoviensi
566 2186 681 2276 situm,
711 2188 942 2276 perveniatur.
973 2187 1109 2259 Abinde
1127 2208 1210 2259 vero
1228 2188 1419 2259 tenduntur
1437 2186 1522 2258 fines
1541 2183 1787 2257 cracoviensis

232 2307 398 2379 dioecesis
425 2305 470 2376 ad
498 2305 659 2395 oppidum
678 2312 715 2376 et
731 2306 870 2378 fluvium
888 2307 1094 2378 Holudzo
1120 2308 1305 2396 inclusive3
1332 2307 1457 2378 abinde
1480 2327 1563 2378 vero
1581 2324 1786 2396 processum

231 2426 314 2498 facit
341 2426 385 2497 ad
410 2424 532 2495 duvios
558 2424 735 2517 Pylcza,
765 2425 893 2518 Nyda
920 2434 955 2498 et
987 2427 1175 2518 Bobrza‚
1203 2450 1224 2498 a
1250 2429 1374 2519 quibus
1401 2427 1445 2499 ad
1471 2427 1612 2499 fluvium
1638 2422 1785 2497 Redo-

232 2547 374 2617 mirra
399 2551 436 2615 et
454 2545 616 2634 oppidum
642 2545 777 2617 Nova
802 2546 979 2637 Slrrzin,
1006 2548 1230 2639 relinquendo
1249 2549 1411 2639 oppidum
1430 2547 1598 2619 Skrzin
1625 2547 1661 2617 in
1680 2545 1782 2616 dioe-

235 2667 304 2737 cesi
332 2663 538 2754 Gnesnensi;
573 2666 697 2738 abinde
716 2688 798 2739 vero
817 2669 935 2742 ambos
954 2669 1132 2742 districtus
1159 2670 1421 2741 Radomiensem
1445 2675 1481 2739 et
1508 2666 1787 2756 Lukoviensem,

234 2787 399 2859 dioecesis
426 2786 677 2877 cracoviensis,
703 2789 937 2881 relinquendo,
955 2811 1063 2883 usque
1091 2813 1158 2882 quo
1186 2791 1229 2862 ad
1249 2791 1413 2881 oppidum
1439 2787 1784 2880 Lyaszkarzow
1822 2872 1826 2877 Ι

233 2907 269 2979 in
296 2908 444 2979 dioecesi
475 2888 693 2979 Cracovionsi
725 2910 838 2998 situm,
870 2911 961 3001 qnod
979 2912 1153 2984 dioeceses
1180 2910 1442 2985 cracoviensem
1459 2917 1496 2980 et
1513 2908 1785 2980 Posnaniensem

233 3030 407 3119 terminat,
420 3030 661 3119 perveniatur;
688 3029 812 3103 abinde
831 3051 913 3104 vero
932 3030 977 3103 ad
995 3032 1111 3103 villam
1138 3031 1344 3120 Prussin,
1367 3031 1426 3103 ubi
1449 3030 1632 3102 dioecesim
1655 3027 1783 3105 Greco-
1861 3060 1874 3073 -

232 3151 385 3224 viensem
399 3150 504 3222 orditi
518 3172 644 3241 sumus,
657 3151 889 3241 perveniatur.
912 3150 978 3223 Est
1000 3161 1181 3242 praeterea
1195 3152 1361 3223 dioecesis
1388 3153 1465 3242 ipsa
1491 3149 1681 3222 cathedrali
1696 3147 1781 3220 cra-

232 3273 383 3345 coviensi
397 3278 432 3342 et
444 3270 602 3342 undecim
621 3271 773 3342 ecclesiis
787 3272 986 3362 collegiatis,
1001 3272 1176 3344 videlicet:
1195 3271 1474 3363 Sandomiriensi,
1488 3268 1695 3359 Visliciensi,
1708 3267 1784 3360 Ky-

94 3464 96 3468 Α
232 3393 368 3481 cloensi,
390 3391 673 3480 Scarbimiriensi,
696 3391 813 3464 Sancti
832 3394 994 3482 Floriani,
1013 3393 1130 3465 Sancti
1153 3392 1334 3465 Michaelis
1359 3388 1537 3471 in'hstro
1552 3391 1783 3480 Cracoviensi,

232 3514 468 3604 Sandeczensi,
483 3511 763 3603 Oppatboviensi,
786 3513 902 3586 Sancti
928 3512 1070 3604 Georgii
1088 3515 1123 3584 in
1138 3520 1251 3586 castro
1266 3513 1495 3604 Cracoviensi,
1508 3513 1626 3585 Sancti
1644 3510 1784 3602 Aegidii

232 3637 266 3707 in
286 3636 426 3707 civitate
441 3633 660 3706 ctacoviensi
674 3642 710 3706 et
725 3634 984 3726 Tharnoviensi,
1003 3641 1038 3707 et
1057 3636 1237 3726 sexaginta
1257 3635 1390 3707 duobus
1417 3635 1636 3707 monasteriis
1659 3653 1783 3704 coeno·

231 3758 367 3849 biisque
389 3758 541 3828 virorum
568 3764 604 3826 et
625 3755 851 3828 foeminarum
883 3757 1031 3848 inclyta3
1058 3757 1164 3827 babet
1188 3758 1278 3827 enim
1297 3756 1429 3827 ordinis
1456 3755 1573 3826 Sancti
1601 3752 1783 3825 Benedicti

231 3879 301 3949 tria
314 3878 532 3967 monasteria,
547 3877 721 3949 videlicet:
741 3877 965 3969 Thynciense,
981 3876 1206 3949 Calvimontis
1221 3877 1367 3948 Sanctae
1383 3875 1513 3967 Crucis,
1524 3882 1562 3963 et
1576 3873 1782 3945 Szecaecbo·

231 4000 358 4089 viense,
373 4005 408 4070 et
422 3986 582 4089 quartum
595 3997 822 4070 foeminarum
847 3999 882 4068 in
910 3997 1249 4089 Stlranyathlry.
1276 3998 1364 4067 Item
1388 3995 1518 4067 ordinis
1532 3993 1783 4086 Cystercieusis

231 4120 384 4192 virorum
411 4118 648 4191 tantummodo
681 4119 831 4208 quinque
862 4118 1093 4206 monasteria,
1129 4117 1305 4188 videlicet:
1324 4117 1601 4204 claraetumbae,
1629 4115 1721 4205 quod
1747 4114 1783 4184 in

230 4241 389 4331 polonico
403 4239 598 4330 appellatur
612 4237 651 4307 M
661 4259 714 4328 og
723 4262 745 4329 y
755 4238 767 4307 l
777 4259 807 4326 a,
822 4237 1124 4332 Andrzejoviense,
1139 4237 1479 4328 Ooprayvvnyciense,
1494 4237 1783 4324 Wancboczense,
1923 4299 1928 4305 .

232 4360 494 4453 czyrzyczense.
513 4358 629 4431 Habet
648 4358 778 4429 ordinis
797 4359 1150 4431 Praemonstratensis
1169 4366 1319 4448 quatuor
1333 4358 1498 4429 coenobia
1512 4359 1674 4446 virorum,
1689 4355 1785 4428 vide·
1864 4406 1871 4423 ,

232 4483 314 4553 licet
341 4464 566 4568 Brzesaense,
594 4480 846 4570 Sandeczense,
877 4481 1183 4553 Imramoviczense
1211 4485 1248 4549 et
1276 4479 1311 4548 in
1343 4479 1785 4573 crzyszanovvycae3

230 4610 266 4673 et
289 4602 357 4674 duo
375 4601 609 4690 foeminarum,
632 4600 805 4673 videlicet:
834 4603 869 4672 in
901 4600 1302 4693 Szwyerzynyeca
1329 4605 1364 4670 et
1391 4601 1427 4671 iu
1449 4599 1640 4671 Buszlro.
1667 4597 1785 4669 Habet

232 4723 363 4793 ordinis
386 4722 504 4792 Sancti
523 4721 709 4811 Augustini
728 4725 968 4795 canonicorum
987 4722 1198 4813 regularium
1217 4721 1367 4812 quinque
1389 4721 1603 4793 monasteria
1629 4720 1785 4790 virorum

229 4843 478 4931 tantummodo,
492 4842 665 4914 videlicet:
684 4842 848 4935 Corporis
862 4844 992 4916 christi
1011 4845 1046 4914 in
1064 4842 1321 4932 casimiriu,
1347 4842 1382 4913 in
1410 4842 1614 4930 Mstlrovv,
1633 4841 1668 4911 iu
1687 4839 1784 4912 clo·
1858 4922 1868 4935 ἱ

230 4965 416 5054 buczko,
443 4965 478 5034 in
510 4964 726 5056 Krasnylr
753 4972 790 5036 et
819 4966 856 5036 in
888 4964 1087 5037 Cochovv.
1114 4963 1231 5037 Habet
1250 4961 1380 5035 ordinis
1408 4963 1526 5035 Sancti
1553 4962 1662 5050 Pauli,
1680 4961 1784 5051 primi

230 5087 403 5177 eremitae,
422 5086 576 5158 virorum
594 5084 833 5157 tantummodo
852 5084 1003 5176 quinque
1021 5085 1245 5157 monasteria:
1264 5085 1300 5155 in
1318 5084 1465 5174 Rupella
1482 5083 1600 5154 Sancti
1618 5081 1785 5153 Stanislai

231 5207 541 5296 incasimiria,
564 5207 599 5277 in
618 5205 991 5295 czanstochowa,
1017 5206 1054 5276 in
1081 5204 1434 5295 Pyandzyczow,
1460 5206 1496 5274 in
1524 5204 1784 5292 Banszowa,

231 5328 322 5398 etin
343 5327 499 5400 Senno.
535 5326 652 5400 Habet
670 5325 986 5416 Hospitalariorum
1005 5325 1047 5395 de
1075 5323 1276 5416 Wieuna,
1307 5325 1394 5397 alias
1421 5324 1464 5396 de
1482 5324 1586 5396 Saxia
1611 5323 1784 5414 geminam
