4050 6054
1703 497 1773 568 117
1868 519 1871 528 ·

227 704 447 802 1111001115
474 722 511 774 se
538 708 574 774 et
592 724 690 775 suam
708 704 887 776 ecclesiam
905 702 1096 794 praefatam
1124 704 1160 774 in
1179 704 1582 796 Wyanczlawycze
1610 700 1795 796 obligavit

118 904 122 911 ,
227 826 374 898 Domino
393 825 590 896 Derslao
609 824 766 915 praelato
785 830 821 897 et
834 827 906 899 suis
921 826 1195 916 successoribus,
1213 827 1348 899 ratione
1361 825 1549 898 earundem
1568 825 1777 899 decimarum

226 949 420 1019 soluturum
447 947 533 1018 duas
560 966 697 1018 marcas
724 967 801 1018 cum
819 947 933 1018 media
959 952 1119 1019 monetae
1145 953 1182 1019 et
1198 933 1333 1019 numeri
1359 947 1578 1037 Polonicalis,
1605 953 1688 1019 tunc
1713 966 1778 1037 pro

229 1075 386 1157 tempore
413 1068 602 1157 currentis,
629 1068 775 1157 singulis
802 1069 901 1139 annis
928 1074 963 1140 et
981 1069 1017 1139 in
1035 1066 1124 1141 festo
1151 1042 1270 1141 Sancti
1287 1068 1434 1140 Martini
1461 1066 1675 1140 confessoris
1700 1089 1780 1159 per-

228 1190 342 1282 petuis
369 1191 583 1279 temporibus
610 1193 646 1260 et
672 1188 708 1259 in
736 1210 868 1262 aevum.
912 1189 969 1265 Ad
987 1210 1089 1279 quam
1116 1190 1369 1262 ordinationem
1396 1190 1489 1272 inter
1515 1177 1691 1280 praefatos
1717 1189 1778 1262 do·

228 1313 339 1382 minos
365 1311 608 1383 Derslaum
642 1317 678 1381 et
704 1311 945 1383 Nicolaum
977 1310 1173 1383 huiusmodi
1200 1311 1398 1400 pensionem
1426 1302 1716 1383 intervenientem
1742 1315 1779 1381 et

227 1438 503 1524 concernentem‚
537 1431 685 1524 praefati
713 1432 927 1504 reverendus
955 1432 991 1503 in
1019 1430 1159 1504 Christo
1191 1438 1292 1522 pater
1319 1451 1360 1502 ac
1385 1431 1535 1522 praelati
1562 1437 1598 1503 et
1622 1432 1779 1503 canonici

226 1546 426 1645 expressum
456 1553 613 1626 lecerunt
644 1575 850 1626 consensum
888 1560 924 1624 et
956 1553 991 1626 in
1024 1552 1276 1625 ordinationem
1308 1557 1573 1642 consenserunt,
1610 1557 1775 1644 tanquam

228 1677 349 1748 utilem
375 1678 468 1766 parti
487 1677 635 1767 utrique,
662 1675 903 1766 praesentibus
930 1673 1057 1746 ibidem
1076 1674 1337 1752 honorabilibus
1363 1680 1399 1746 et
1417 1674 1776 1748 venerabilibusviris

231 1796 344 1868 Adam
372 1797 680 1885 deBandlrow‚
711 1795 818 1866 Petro
846 1794 1042 1886 deRogy‚
1073 1794 1216 1866 Nicolao
1244 1793 1609 1885 deMoskorzou,
1640 1795 1772 1870 Jacobo

140 1991 141 1994 ,
232 1920 274 1989 de
301 1918 521 1989 Zaborow
549 1915 689 1989 et'aliis
716 1915 1002 2007 quamplurimis
1030 1914 1097 1986 fido
1125 1914 1247 2006 dignis.

302 2161 547 2242 Praebenda
584 2165 627 2242 et
658 2162 933 2241 canonicatus
965 2159 1266 2241 cracoviensis
1300 2162 1339 2241 ln
1371 2160 1506 2242 choro
1530 2161 1711 2241 sinistro

296 2291 298 2294 ’
762 2299 967 2401 appellata
1000 2298 1247 2404 Zyrawslra.

334 2518 539 2591 Praebenda
564 2523 600 2590 et
627 2519 848 2590 canonicatus
880 2470 1118 2590 cracoviensis
1144 2519 1410 2610 Zyrawska‚
1438 2538 1542 2608 quam
1568 2538 1659 2590 nunc
1684 2524 1781 2590 tenet

231 2642 395 2732 magister
421 2638 444 2711 J
447 2640 574 2713 acobus
603 2641 645 2711 de
664 2639 887 2730 Schadek,
914 2639 1132 2712 decretorum
1160 2639 1290 2730 doctor,
1319 2639 1444 2712 nobilis
1472 2639 1635 2711 dedomo
1660 2638 1782 2732 Wye·

212 2783 404 2854 nycena,
450 2782 517 2832 non
544 2760 651 2832 habet
677 2782 741 2852 pro
768 2761 849 2833 dote
876 2762 1028 2851 aliquam
1055 2761 1172 2833 villam
1200 2782 1261 2832 seu
1287 2759 1448 2850 fandum,
1475 2760 1538 2833 scd
1555 2760 1662 2833 hab'et
1689 2759 1808 2831 deci»
1927 2857 1929 2860 ,
1996 2744 2001 2749 ’

230 2904 304 2954 mas
330 2881 563 2972 manipulares
590 2887 627 2953 et
643 2881 841 2972 pecuniales
869 2881 1127 2972 infrascriptas3
1154 2886 1191 2953 et
1208 2882 1319 2972 primo
1347 2902 1387 2952 ac
1409 2880 1648 2972 principaliter
1674 2881 1782 2953 habet

232 3003 398 3075 decimam
416 3002 667 3094 manipularem
691 3003 827 3074 invilla
849 3004 946 3093 regia
964 3003 1150 3094 Zyrnas,
1174 3003 1209 3073 in
1228 3023 1296 3093 qua
1319 3003 1424 3074 etiam
1448 3008 1502 3073 est
1519 3001 1664 3074 ecclesia
1680 3022 1782 3092 paro

200 3115 202 3117 ’
232 3125 352 3195 chialis
371 3123 518 3194 Sanctae
541 3122 707 3195 Trinitati
733 3131 769 3195 et
788 3125 945 3196 omnibus
972 3123 1108 3195 Sanctis
1131 3123 1259 3213 dicata,
1286 3143 1394 3214 aqua
1411 3122 1610 3214 praebenda
1626 3121 1782 3214 Zyraw-

233 3246 306 3317 ska
332 3245 510 3316 consuevit
537 3245 716 3335 appellari.
765 3244 853 3317 Sunt
879 3245 928 3318 ibi
954 3245 1078 3335 viginti
1105 3264 1166 3316 sex
1191 3245 1284 3316 lanei
1311 3244 1562 3333 emethonales‚
1590 3243 1632 3315 de
1660 3243 1783 3334 quibus

232 3365 390 3438 omnibus
421 3365 568 3437 solvitur
605 3365 738 3438 decima
768 3365 993 3455 manipularis
1025 3366 1243 3456 praebendae
1275 3363 1453 3455 praefatae
1490 3369 1526 3451 et
1552 3364 1690 3436 ducitur
1721 3384 1784 3454 per

179 3572 190 3600 x
232 3488 430 3559 emethones
457 3487 608 3578 propriis
635 3487 793 3558 curribus
820 3488 855 3557 in
872 3487 1036 3558 horreum
1063 3487 1266 3558 acanonico
1293 3485 1522 3576 deligendum,
1550 3484 1697 3556 solvitur
1724 3484 1783 3555 de-

232 3609 320 3680 cima
346 3609 521 3699 canapalis
547 3627 610 3697 per
638 3607 724 3679 duas
750 3608 928 3679 iuncturas
955 3607 998 3677 de
1017 3607 1116 3678 laneo
1149 3611 1184 3678 et
1203 3607 1407 3678 aestimatur
1434 3605 1533 3677 valor
1559 3604 1712 3676 decimae
1739 3604 1784 3676 ad

234 3728 426 3820 quindecim
453 3748 597 3799 marcas.
642 3726 721 3799 Non
740 3732 821 3799 sunt
847 3727 895 3798 ibi
925 3728 1001 3817 agri
1027 3727 1222 3817 praediales
1249 3747 1359 3818 neque
1387 3727 1500 3816 curia,
1527 3729 1609 3797 sunt
1633 3723 1683 3796 ibi
1702 3745 1785 3815 qua·

233 3857 314 3922 tuor
332 3850 499 3922 tabernae
518 3848 562 3920 ad
580 3849 830 3938 proprietatem
848 3848 1028 3939 plebaniae
1047 3848 1280 3938 pertinentes,
1307 3845 1350 3918 de
1382 3845 1506 3938 quibus
1525 3845 1658 3918 decima
1675 3846 1785 3919 mani·

233 3971 364 4061 pularis
390 3952 712 4061 solvitur'plebano
739 3970 774 4040 in
802 3970 999 4060 Zyrawa.

335 4092 424 4163 Item
441 4090 640 4182 praebenda
665 4089 823 4179 praefata
840 4089 947 4162 babet
973 4088 1158 4160 secundam
1186 4087 1353 4160 decimam
1370 4088 1509 4161 invilla
1534 4089 1634 4180 regia
1658 4089 1784 4163 Krze·

234 4235 337 4285 czow
364 4211 428 4284 sub
455 4212 620 4302 parochia
646 4212 809 4283 ecclesiae
837 4212 880 4283 de
907 4211 1104 4301 Zyrawa.
1148 4210 1189 4281 In
1217 4231 1285 4301 qua
1312 4216 1394 4284 sunt
1425 4231 1486 4282 sex
1505 4211 1605 4283 *lanei
1631 4213 1784 4284 cmetho·

233 4335 347 4422 nalen,
375 4332 561 4424 dequibus
588 4332 735 4405 solvitur
762 4339 798 4404 et
816 4332 954 4404 ducitur
979 4332 1131 4423 propriis
1158 4331 1317 4404 curribus
1343 4353 1407 4423 per
1425 4333 1625 4405 cmetbones
1652 4333 1785 4405 decima

233 4454 457 4546 manipularis
480 4454 516 4525 in
534 4454 698 4525 horreum
721 4459 757 4525 et
782 4454 957 4544 canapalis
986 4475 1049 4545 per
1076 4453 1161 4525 duas
1188 4453 1366 4526 iuncturas
1393 4458 1430 4525 et
1448 4454 1654 4526 aestimatur
1670 4454 1781 4526 'valor

233 4577 308 4648 eius'
326 4576 522 4676 ad·septem
539 4595 685 4647 marcas.
722 4575 788 4646 Est
806 4575 855 4646 ibi
874 4575 971 4646 curia
989 4575 1087 4665 regia
1103 4574 1235 4647 habens
1254 4596 1358 4667 agros
1376 4575 1580 4666 praediales,
1599 4575 1642 4646 de
1661 4575 1785 4666 quibus

234 4676 338 4771 datm
364 4697 497 4768 decima
523 4696 749 4787 manipularis
776 4696 923 4787 plebano
951 4697 987 4767 in
1012 4696 1215 4788 Zyraua,
1237 4702 1323 4769 sunt
1349 4697 1453 4768 etiam
1481 4696 1530 4768 ibi
1558 4701 1707 4787 quatuor
1732 4701 1786 4767 ta-

233 4821 361 4890 bernae
391 4825 427 4888 et
444 4817 664 4888 hortulaniae
692 4817 858 4909 quinque,
881 4816 942 4888 sed
960 4838 1029 4888 non
1047 4818 1178 4889 habent
1204 4838 1307 4909 agros
1326 4817 1394 4915 nisi
1412 4823 1524 4907 prata,
1552 4816 1635 4888 item
1655 4814 1787 4889 decima

235 4940 359 5030 canapi
387 4938 534 5010 solvitur
561 4958 625 5028 per
652 4943 801 5029 quatuor
827 4939 1021 5028 iuncturas,
1052 4939 1136 5011 item
1164 4944 1318 5030 quatuor·
1343 4937 1512 5009 tabernae
1537 4936 1715 5027 praefatae
1742 4938 1787 5011 ad

237 5061 488 5151 proprietatem
516 5057 680 5130 ecclesiae
698 5059 734 5130 in
752 5057 780 5130 Z
790 5081 868 5151 yrz
879 5080 972 5152 awy
989 5060 1178 5151 pertinent,
1206 5059 1294 5131 duae
1310 5059 1441 5131 habent
1458 5078 1575 5149 agros,
1602 5057 1644 5129 de
1663 5059 1787 5150 quibus

235 5164 589 5275 decimant'ecclesiae
608 5179 644 5251 in
661 5180 690 5250 Z
698 5200 890 5272 yrzawy,
909 5186 945 5252 et
962 5202 1033 5254 una
1045 5181 1150 5253 solvit
1167 5185 1240 5251 tres
1258 5199 1392 5251 marcas
1415 5178 1527 5251 altera
1536 5179 1623 5252 duas
1641 5199 1785 5270 marcas,

236 5303 324 5373 aliae
360 5298 456 5399 duae
484 5322 552 5373 non
579 5302 709 5374 babent
736 5314 847 5392 agros,
874 5307 911 5373 et
936 5302 1041 5374 solvit
1072 5322 1142 5374 una
1169 5300 1254 5373 duas
1281 5320 1424 5390 marcas,
1452 5305 1577 5392 quarta
1603 5307 1640 5374 et
1665 5300 1787 5373 ultima

235 5444 339 5496 unam
366 5444 442 5496 cum
459 5423 574 5498 media
598 5444 737 5497 marcas
759 5443 822 5515 pro
850 5423 995 5507 ecclesia
1021 5423 1059 5497 in
1083 5421 1313 5519 Zyrzaua.
