4080 6068
1691 448 1735 517 17

195 638 248 728 est
266 655 410 728 ecclesia
426 650 550 746 lignea.
576 653 664 726 Item
682 652 718 725 in
736 652 857 725 eadem
869 651 953 725 villa
970 657 1052 724 sunt
1065 648 1222 721 undecim
1240 646 1332 721 lanei
1345 647 1591 740 cmethonales,
1610 656 1647 724 et
1664 654 1739 744 qui·

194 778 280 848 libet
297 777 418 849 laneus
436 777 661 848 cmethonalis
680 795 743 864 pro
762 795 866 846 censu
884 794 997 845 annuo
1015 773 1052 843 in
1068 770 1158 842 festo
1170 769 1294 841 ‘Sancti
1311 769 1457 841 Martini
1475 771 1579 842 solvit
1595 793 1741 864 praepo-

195 897 326 972 siturae
345 897 492 969 mediam
509 917 660 967 marcam
692 902 728 966 et
754 917 857 966 unam
876 894 968 966 diem
993 895 1030 964 in
1057 891 1250 981 septimana
1271 890 1410 960 laborat
1439 891 1580 980 proprio
1608 897 1740 984 aratro,

195 1024 256 1088 aut
274 1038 387 1088 curru.
413 1018 501 1089 Item
520 1020 658 1088 tenetur
676 1014 788 1087 facere
807 1016 971 1087 ducturas
985 1013 1126 1103 proprio
1141 1019 1245 1082 curru
1264 1008 1308 1079 ad
1325 1009 1402 1080 loca
1419 1009 1454 1079 in
1469 1015 1618 1099 quatuor
1631 1012 1763 1083 milia-·

194 1138 292 1208 ribus
310 1136 486 1226 distantia,
505 1157 574 1206 non
602 1125 646 1206 ad
672 1135 843 1206 rationem
869 1135 938 1206 diei
964 1135 1000 1204 in
1026 1132 1219 1222 septimana
1245 1130 1397 1220 debitae,
1424 1131 1485 1202 sed
1512 1122 1743 1222 singuliriter.

195 1257 284 1327 Item
301 1262 442 1328 tenetur
460 1255 594 1328 solvere
613 1275 715 1326 unam
733 1275 928 1326 mensuram
947 1274 1077 1325 avenae
1096 1251 1285 1325 consertam
1303 1250 1346 1321 de
1359 1271 1522 1324 mensura
1539 1245 1743 1324 Leloviensi.

195 1353 397 1454 Item'duos
425 1396 585 1466 capones,
612 1373 718 1447 urium
744 1395 898 1466 caseum,
925 1395 992 1446 ova
1018 1375 1156 1464 viginti,
1192 1379 1228 1443 et
1255 1373 1313 1462 qui
1340 1393 1409 1443 non
1436 1371 1567 1443 babent
1593 1393 1743 1464 caseum,

197 1498 282 1567 dant
300 1496 416 1568 decem
436 1518 502 1568 ova
518 1517 582 1588 pro
601 1517 652 1568 eo.
677 1497 766 1568 Item
780 1498 816 1567 in
830 1496 950 1568 eadem
964 1496 1047 1567 villa
1061 1501 1142 1567 sunt
1160 1494 1247 1568 duae
1265 1493 1432 1564 tabernae
1445 1492 1614 1564 habentes
1628 1513 1744 1584 agros,

197 1622 234 1688 et
252 1617 397 1707 quilibet
415 1618 520 1691 solvit
546 1638 609 1707 pro
628 1638 732 1689 censu
751 1638 864 1689 annuo
890 1637 993 1688 unam
1011 1635 1172 1687 marcam.
1197 1615 1285 1686 ltem
1304 1618 1385 1685 sunt
1411 1613 1460 1682 ibi
1483 1611 1570 1683 duae
1589 1613 1745 1685 hortula-

198 1739 285 1827 nIae,
304 1759 442 1809 censum
462 1739 610 1827 aliquem
628 1759 697 1808 non
716 1738 868 1826 solvunt,
896 1736 956 1808 sed
974 1737 1179 1808 hortulanus
1207 1735 1352 1825 quilibet
1373 1739 1513 1805 tenetur
1531 1754 1636 1804 unum
1654 1735 1744 1805 diem

93 1835 96 1841 ¹
197 1858 233 1927 in
252 1860 445 1946 septimana
462 1842 615 1947 pedestri
634 1877 739 1947 opere
757 1856 927 1928 laborare.
966 1856 1056 1926 Item
1082 1857 1118 1926 iu
1145 1853 1266 1926 eadem
1283 1854 1367 1926 villa
1385 1860 1439 1925 est
1455 1852 1688 1925 molendinum
1707 1855 1743 1924 in

197 1976 335 2047 flumme
353 1978 417 2068 Ny
428 1978 449 2046 d
461 1998 493 2065 a,
513 1977 605 2066 quod
623 1997 686 2065 pro
701 1996 805 2046 censu
824 1997 937 2047 annuo
956 1976 1062 2047 solvit
1075 1975 1339 2066 praepositurae
1353 1973 1439 2045 duas
1452 1993 1596 2064 marcas,
1613 1973 1745 2045 babens

112 2128 115 2132 ·
198 2096 331 2186 aliquos
359 2116 461 2185 agros
493 2103 529 2165 et
556 2100 671 2184 prata,
699 2094 742 2166 de
769 2097 893 2185 quibus
918 2097 1067 2186 plebano
1096 2093 1253 2166 decimat.
1279 2094 1369 2165 Item
1396 2114 1513 2165 omnes
1540 2094 1617 2183 agri
1642 2093 1745 2164 villae

198 2213 375 2304 praefatae
394 2220 466 2291 tam
484 2214 677 2305 praediales
705 2216 777 2286 sive
796 2217 956 2306 curiales,
984 2238 1086 2307 quam
1105 2214 1352 2304 cmethonales,
1379 2213 1602 2285 tabernarum
1621 2218 1657 2286 et
1674 2235 1747 2286 mo-

199 2332 344 2422 lendini,
371 2334 509 2405 solvunt
527 2333 693 2405 decimam
712 2335 960 2424 manipularem
987 2356 1031 2406 ex
1058 2337 1193 2425 integro
1221 2334 1385 2405 ecclesiae
1403 2333 1593 2423 parochiali
1620 2333 1748 2405 ibidem
1824 2398 1827 2405 .

200 2458 244 2526 et*
254 2453 384 2526 ducunt
402 2454 495 2524 illam
513 2455 664 2544 propriis
683 2456 841 2527 curribus
869 2457 905 2526 in
922 2457 1086 2528 borreum
1105 2455 1244 2545 plebani
1262 2460 1298 2525 et
1316 2455 1514 2526 cmetbones
1533 2453 1671 2525 solvunt
1689 2454 1748 2526 de-

197 2575 321 2649 cimam
340 2575 462 2664 canapi
479 2575 626 2678 plebano
645 2595 707 2665 per
726 2581 876 2666 quatuor
893 2576 1071 2647 iuncturas
1090 2580 1126 2648 et
1143 2576 1242 2647 valor
1269 2575 1343 2648 eius
1369 2574 1573 2645 aestimatur
1600 2573 1644 2645 ad
1662 2574 1747 2646 duo·
1878 2672 1880 2676 Α

69 2690 79 2699 ‘
171 2691 307 2806 ‚decim
324 2714 467 2765 marcas.
506 2693 595 2765 Item
612 2695 780 2784 plebanus
798 2695 953 2767 eiusdem
971 2696 1134 2767 ecclesiae
1166 2697 1272 2768 babet
1299 2716 1363 2785 pro
1381 2693 1486 2766 fundo
1505 2716 1567 2801 sno
1599 2700 1635 2765 et
1663 2684 1744 2767 dole

71 2804 76 2819 ”
196 2832 302 2899 unum
319 2812 456 2883 laneum
474 2813 676 2885 liberum‘et
693 2835 798 2885 unum
825 2819 963 2904 pratum
982 2836 1143 2906 magnum
1175 2835 1252 2889 cum
1278 2815 1356 2886 aliis
1379 2815 1619 2886 mediocribus.
1658 2815 1747 2887 Item

197 2934 440 3023 praepositura
458 2932 695 3005 Graooriensis
722 2956 766 3005 ex
792 2935 945 3006 ecclesiis
973 2935 1016 3007 de
1035 2919 1422 3007 ‘Dzierzkowicze
1449 2938 1486 3007 et
1511 2935 1749 3026 Drocblyn

49 3044 55 3049 ’
199 3058 235 3124 et
252 3072 372 3126 earum
389 3054 609 3146 introitibus,
627 3055 718 3125 villis
736 3060 772 3125 et
790 3054 931 3127 decimis
950 3057 1164 3147 caeterisque
1183 3056 1383 3128 introitibus
1401 3053 1546 3126 lundata
1576 3061 1612 3126 et
1626 3055 1750 3127 dotata

199 3174 367 3245 asseritur
393 3194 479 3264 esse,
506 3173 541 3245 in
561 3176 657 3245 cuius
675 3174 811 3266 signum
829 3181 865 3246 et
882 3176 1093 3249 evidentiam
1111 3178 1330 3267 praepositus
1349 3176 1495 3266 quilibet
1509 3173 1748 3249 Cracouiensis

199 3312 263 3383 pro
289 3298 446 3384 tempore
472 3294 579 3366 habet
605 3295 691 3367 duas
709 3296 810 3367 villas
837 3295 1012 3386 praefatae
1039 3294 1423 3390 Dzierzkowicze
1453 3299 1489 3367 et
1516 3296 1749 3367 Drochlin

197 3432 262 3505 pro
280 3435 363 3486 suae
381 3416 642 3505 praepositurae
659 3414 775 3506 furndo,
790 3422 826 3488 et
839 3418 1020 3509 utriusque
1039 3418 1204 3489 ecclesiae
1218 3419 1254 3488 in
1267 3416 1434 3508 praelatis
1453 3416 1545 3487 villis
1563 3415 1750 3487 Dzierz·

200 3534 403 3607 lrowicze
430 3541 467 3607 et
492 3535 723 3607 Drochliu
749 3537 974 3628 consistente,
992 3539 1114 3609 unicus
1142 3544 1196 3609 est
1211 3536 1370 3613 ‚collator
1396 3542 1432 3609 et
1458 3541 1635 3627 patronus.
1662 3536 1751 3607 Item

92 3754 102 3768 ,
201 3654 397 3726 cmetbones
411 3660 549 3745 pratum
562 3676 724 3744 magnum
741 3657 932 3746 praepositi
958 3655 1086 3728 falcare
1114 3663 1150 3727 et
1176 3662 1331 3728 rastrare
1358 3662 1536 3745 tenentur,
1564 3655 1750 3727 conductu-

200 3795 276 3845 ram
297 3795 380 3846 vero
407 3797 475 3847 non
501 3781 680 3863 tenentur,
706 3776 774 3846 nisi
801 3777 844 3846 ad
871 3777 1042 3848 rationem
1069 3777 1211 3848 dierum.
1237 3777 1327 3847 Item
1353 3777 1521 3866 plebanus
1548 3774 1655 3844 habet
1681 3775 1751 3844 tria
1881 3767 1884 3774 ’

201 3883 315 3985 prata,
351 3917 456 3966 unum
492 3900 572 3984 post
607 3894 747 3965 fluvium
782 3894 815 3965 N
825 3896 913 3986 ida,
941 3897 1036 3968 aliud
1063 3901 1143 3986 post
1168 3896 1402 3967 molendinum
1429 3895 1531 3966 villae
1559 3892 1751 3985 praefatae,

202 4014 314 4086 eundo
342 4015 387 4086 ad
413 4009 645 4085 molendinum
673 4015 978 4107 Bankowslry,
1004 4017 1147 4087 tertium
1174 4022 1254 4105 post
1281 4036 1383 4107 agros
1419 4015 1473 4086 sui
1509 4014 1637 4087 allodii.
1663 4014 1751 4086 Item

202 4133 368 4224 plebanus
387 4136 493 4206 babet
509 4140 583 4206 tres
600 4135 722 4206 hortos
741 4134 782 4206 de
802 4156 864 4207 sua
882 4136 1107 4226 proprietate,
1125 4158 1230 4207 unum
1249 4138 1347 4208 iuxta
1365 4136 1512 4226 domum,
1540 4135 1633 4207 aliud
1661 4137 1753 4208 circa
1894 4133 1897 4137 ’

79 4336 81 4339 ,
123 4327 127 4333 ,
202 4258 340 4346 pratum
355 4254 524 4345 allodiale,
538 4256 680 4327 tertium
699 4262 780 4345 post
796 4257 937 4329 hortum
953 4256 1190 4329 tabernatoris
1208 4256 1385 4349 Zynoln
1399 4258 1488 4329 Item
1506 4265 1560 4329 est
1578 4257 1612 4328 iu
1632 4259 1752 4330 eadem

203 4374 286 4447 villa
303 4375 481 4465 praedium
501 4377 667 4466 optimum
684 4376 875 4467 praepositi
894 4374 1132 4449 Gracoriensis
1159 4378 1286 4450 intres
1305 4399 1443 4469 campos
1462 4377 1680 4469 distinctum,
1709 4378 1751 4450 de

198 4496 300 4587 xcuius
319 4496 413 4586 agris
427 4495 573 4568 solvitur
591 4496 724 4568 decIma
740 4496 966 4587 manipularis
995 4498 1159 4571 ecclesiae
1185 4499 1376 4589 parochiali
1404 4500 1439 4570 in
1465 4499 1751 4570 Dzierzkow.

202 4615 290 4688 Item
318 4637 435 4688 omnes
463 4619 674 4708 cmetbones,
701 4617 953 4708 tabernatores,
981 4615 1167 4709 bortirlani,
1185 4620 1346 4710 inquilini
1364 4624 1400 4692 et
1417 4619 1550 4690 incolae
1568 4618 1699 4689 faciunt
1717 4623 1754 4688 et

202 4735 364 4810 laborant
374 4737 559 4833 peccabam
575 4759 639 4830 pro
654 4758 734 4810 vere
752 4743 788 4811 et
806 4739 941 4832 hyeme,
961 4740 1114 4831 quilibet
1124 4740 1167 4812 de
1185 4741 1327 4831 proprio
1345 4760 1434 4829 pane
1454 4738 1588 4811 duobus
1606 4737 1752 4809 falcibus

203 4857 373 4931 metendo.
1476 4857 1483 4870 ’

305 4978 511 5071 Dnocnnru,
525 4978 608 5053 villa
621 5001 729 5072 prope
743 4976 896 5053 Lelow
910 4980 987 5071 sita,
1001 4980 1037 5052 in
1052 5001 1120 5071 qna
1134 4985 1189 5053 est
1203 4979 1350 5053 ecclesia
1358 4978 1566 5071 parochialis
1580 4977 1696 5066 lignea
1710 4972 1754 5049 ad

114 5101 119 5105 '
202 5093 369 5173 honorem
395 5099 599 5191 Sanctorum
627 5099 873 5193 Apostolorum
891 5099 1044 5190 Philippi
1071 5105 1107 5171 et
1124 5098 1248 5172 Jacobi
1267 5101 1394 5190 dicata,
1422 5100 1518 5171 cuius
1545 5097 1666 5206 unicus
1692 5118 1754 5188 pa·

202 5221 325 5291 tronus
352 5225 407 5293 est
432 5222 651 5312 praepositus
679 5219 927 5294 cracoviensis.
963 5217 1004 5290 In
1031 5239 1100 5310 qua
1126 5224 1209 5289 sunt
1235 5218 1393 5293 undecim
1421 5238 1497 5290 cum
1523 5215 1636 5289 medio
1664 5215 1755 5290 lanei

203 5337 450 5432 cmethonales,
477 5348 514 5414 et
541 5339 687 5433 quilibet
703 5341 825 5414 laneus
843 5362 907 5431 pro
926 5357 1031 5413 censu
1050 5357 1164 5410 annuo
1183 5337 1287 5428 solvit
1305 5340 1341 5410 in
1359 5336 1448 5412 festo
1475 5337 1593 5447 Sancti
1609 5335 1756 5414 Martini

307 5506 356 5550 nu.
369 5507 465 5553 renue.
520 5551 521 5554 ,
1549 5481 1568 5540 3
1626 5556 1630 5562 ,
