<?xml version="1.0" encoding="UTF-8"?>
<!DOCTYPE html PUBLIC "-//W3C//DTD XHTML 1.0 Transitional//EN"
    "http://www.w3.org/TR/xhtml1/DTD/xhtml1-transitional.dtd">
<html xmlns="http://www.w3.org/1999/xhtml" xml:lang="en" lang="en">
 <head>
  <title>
</title>
<meta http-equiv="Content-Type" content="text/html;charset=utf-8" />
  <meta name='ocr-system' content='tesseract 3.04.00' />
  <meta name='ocr-capabilities' content='ocr_page ocr_carea ocr_par ocr_line ocrx_word'/>
</head>
<body>
  <div class='ocr_page' id='page_1' title='image "./joannisdugoszse00dugoog_0586.png"; bbox 0 0 4050 6054; ppageno 0'>
   <div class='ocr_carea' id='block_1_1' title="bbox 1659 406 1733 479">
    <p class='ocr_par' dir='ltr' id='par_1_1' title="bbox 1659 406 1733 479">
     <span class='ocr_line' id='line_1_1' title="bbox 1659 406 1733 479; baseline 0.027 -3"><span class='ocrx_word' id='word_1_1' title='bbox 1659 406 1733 479; x_wconf 89' lang='grc'>555</span> 
     </span>
    </p>
   </div>
   <div class='ocr_carea' id='block_1_2' title="bbox 187 568 1855 935">
    <p class='ocr_par' dir='ltr' id='par_1_2' title="bbox 187 568 1855 935">
     <span class='ocr_line' id='line_1_2' title="bbox 188 568 1736 702; baseline 0.009 -35"><span class='ocrx_word' id='word_1_2' title='bbox 188 597 325 667; x_wconf 84' lang='lat' dir='ltr'>domurn</span> <span class='ocrx_word' id='word_1_3' title='bbox 352 598 495 687; x_wconf 83' lang='lat' dir='ltr'>pulchre</span> <span class='ocrx_word' id='word_1_4' title='bbox 522 598 735 670; x_wconf 89' lang='lat' dir='ltr'>aedificatam</span> <span class='ocrx_word' id='word_1_5' title='bbox 768 601 804 669; x_wconf 93' lang='lat' dir='ltr'>in</span> <span class='ocrx_word' id='word_1_6' title='bbox 830 568 1037 673; x_wconf 65' lang='lat' dir='ltr'>coemeterio</span> <span class='ocrx_word' id='word_1_7' title='bbox 1065 604 1230 675; x_wconf 88' lang='lat' dir='ltr'>ecclesiae</span> <span class='ocrx_word' id='word_1_8' title='bbox 1256 605 1510 702; x_wconf 85' lang='lat' dir='ltr'>Sandeczensis</span> <span class='ocrx_word' id='word_1_9' title='bbox 1528 608 1573 679; x_wconf 87' lang='lat' dir='ltr'>ad</span> <span class='ocrx_word' id='word_1_10' title='bbox 1600 609 1736 699; x_wconf 82' lang='lat' dir='ltr'><strong>plagam</strong></span> 
     </span>
     <span class='ocr_line' id='line_1_3' title="bbox 187 718 1855 810; baseline 0.01 -23"><span class='ocrx_word' id='word_1_11' title='bbox 187 718 513 808; x_wconf 78' lang='lat' dir='ltr'>septentrionalem,</span> <span class='ocrx_word' id='word_1_12' title='bbox 540 740 640 809; x_wconf 91' lang='lat' dir='ltr'>quam</span> <span class='ocrx_word' id='word_1_13' title='bbox 667 720 800 810; x_wconf 87' lang='lat' dir='ltr'>primus</span> <span class='ocrx_word' id='word_1_14' title='bbox 827 720 901 792; x_wconf 90' lang='lat' dir='ltr'>eius</span> <span class='ocrx_word' id='word_1_15' title='bbox 927 723 1113 794; x_wconf 90' lang='lat' dir='ltr'>canonicus</span> <span class='ocrx_word' id='word_1_16' title='bbox 1139 723 1309 796; x_wconf 76' lang='lat' dir='ltr'><strong>Matthias</strong></span> <span class='ocrx_word' id='word_1_17' title='bbox 1336 725 1380 797; x_wconf 91' lang='lat' dir='ltr'>de</span> <span class='ocrx_word' id='word_1_18' title='bbox 1405 727 1503 798; x_wconf 90' lang='lat' dir='ltr'>Bnk</span> <span class='ocrx_word' id='word_1_19' title='bbox 1529 727 1735 802; x_wconf 86' lang='lat' dir='ltr'>aedificavit.</span> <span class='ocrx_word' id='word_1_20' title='bbox 1849 775 1855 783; x_wconf 94' lang='lat'>-</span> 
     </span>
     <span class='ocr_line' id='line_1_4' title="bbox 288 837 1652 935; baseline 0.007 -25"><span class='ocrx_word' id='word_1_21' title='bbox 288 837 377 910; x_wconf 85' lang='lat' dir='ltr'>Item</span> <span class='ocrx_word' id='word_1_22' title='bbox 403 837 561 929; x_wconf 83' lang='lat' dir='ltr'>praefata</span> <span class='ocrx_word' id='word_1_23' title='bbox 587 840 785 931; x_wconf 87' lang='lat' dir='ltr'>praebenda</span> <span class='ocrx_word' id='word_1_24' title='bbox 811 841 963 913; x_wconf 89' lang='lat' dir='ltr'>secunda</span> <span class='ocrx_word' id='word_1_25' title='bbox 988 842 1249 935; x_wconf 83' lang='lat' dir='ltr'>Nyeszkowslra</span> <span class='ocrx_word' id='word_1_26' title='bbox 1275 850 1395 917; x_wconf 85' lang='lat' dir='ltr'>taxata</span> <span class='ocrx_word' id='word_1_27' title='bbox 1421 851 1475 918; x_wconf 91' lang='lat' dir='ltr'>est</span> <span class='ocrx_word' id='word_1_28' title='bbox 1500 847 1546 919; x_wconf 90' lang='grc'>55</span> <span class='ocrx_word' id='word_1_29' title='bbox 1573 901 1581 917; x_wconf 94' lang='grc'><strong>.</strong></span> <span class='ocrx_word' id='word_1_30' title='bbox 1609 902 1616 919; x_wconf 94' lang='grc'><strong>.</strong></span> <span class='ocrx_word' id='word_1_31' title='bbox 1644 902 1652 920; x_wconf 91' lang='grc'><strong>.</strong></span> 
     </span>
    </p>
   </div>
   <div class='ocr_carea' id='block_1_3' title="bbox 325 1097 1605 1206">
    <p class='ocr_par' dir='ltr' id='par_1_3' title="bbox 325 1097 1605 1206">
     <span class='ocr_line' id='line_1_5' title="bbox 325 1097 1605 1206; baseline 0.008 -29"><span class='ocrx_word' id='word_1_32' title='bbox 325 1097 466 1179; x_wconf 84' lang='lat' dir='ltr'>Tertia</span> <span class='ocrx_word' id='word_1_33' title='bbox 501 1097 742 1203; x_wconf 83' lang='lat' dir='ltr'>praebenda</span> <span class='ocrx_word' id='word_1_34' title='bbox 776 1100 1102 1206; x_wconf 80' lang='lat' dir='ltr'>Sandeczenels,</span> <span class='ocrx_word' id='word_1_35' title='bbox 1137 1105 1249 1186; x_wconf 89' lang='grc'><strong><em>51515</em></strong></span> <span class='ocrx_word' id='word_1_36' title='bbox 1284 1105 1605 1188; x_wconf 81' lang='lat' dir='ltr'>Dambrowslra.</span> 
     </span>
    </p>
   </div>
   <div class='ocr_carea' id='block_1_4' title="bbox 169 1317 1748 2852">
    <p class='ocr_par' dir='ltr' id='par_1_4' title="bbox 182 1317 1733 1894">
     <span class='ocr_line' id='line_1_6' title="bbox 287 1317 1732 1418; baseline 0.01 -31"><span class='ocrx_word' id='word_1_37' title='bbox 287 1317 490 1389; x_wconf 89' lang='lat' dir='ltr'>Praebenda</span> <span class='ocrx_word' id='word_1_38' title='bbox 515 1320 636 1409; x_wconf 88' lang='lat' dir='ltr'>tertia,</span> <span class='ocrx_word' id='word_1_39' title='bbox 664 1341 753 1409; x_wconf 90' lang='lat' dir='ltr'>quae</span> <span class='ocrx_word' id='word_1_40' title='bbox 778 1326 924 1393; x_wconf 89' lang='lat' dir='ltr'>vocatur</span> <span class='ocrx_word' id='word_1_41' title='bbox 948 1323 1201 1396; x_wconf 84' lang='lat' dir='ltr'>Dambrowska</span> <span class='ocrx_word' id='word_1_42' title='bbox 1226 1344 1248 1395; x_wconf 94' lang='lat' dir='ltr'>a</span> <span class='ocrx_word' id='word_1_43' title='bbox 1274 1324 1358 1396; x_wconf 87' lang='grc'><strong><em>51115</em></strong></span> <span class='ocrx_word' id='word_1_44' title='bbox 1383 1325 1670 1418; x_wconf 85' lang='lat' dir='ltr'>Dambrowa,</span> <span class='ocrx_word' id='word_1_45' title='bbox 1696 1328 1732 1403; x_wconf 91' lang='lat' dir='ltr'>in</span> 
     </span>
     <span class='ocr_line' id='line_1_7' title="bbox 184 1437 1733 1533; baseline 0.008 -26"><span class='ocrx_word' id='word_1_46' title='bbox 184 1459 252 1527; x_wconf 90' lang='lat' dir='ltr'>qua</span> <span class='ocrx_word' id='word_1_47' title='bbox 278 1437 386 1508; x_wconf 90' lang='lat' dir='ltr'>habet</span> <span class='ocrx_word' id='word_1_48' title='bbox 413 1438 579 1509; x_wconf 85' lang='lat' dir='ltr'>decimam</span> <span class='ocrx_word' id='word_1_49' title='bbox 607 1441 858 1531; x_wconf 86' lang='lat' dir='ltr'>manipularem</span> <span class='ocrx_word' id='word_1_50' title='bbox 886 1443 1040 1532; x_wconf 87' lang='lat' dir='ltr'>unicam,</span> <span class='ocrx_word' id='word_1_51' title='bbox 1067 1465 1155 1533; x_wconf 92' lang='lat' dir='ltr'>quae</span> <span class='ocrx_word' id='word_1_52' title='bbox 1181 1444 1232 1513; x_wconf 92' lang='lat' dir='ltr'>illi</span> <span class='ocrx_word' id='word_1_53' title='bbox 1260 1466 1302 1515; x_wconf 83' lang='lat' dir='ltr'>en</span> <span class='ocrx_word' id='word_1_54' title='bbox 1329 1444 1472 1516; x_wconf 91' lang='lat' dir='ltr'>decimis</span> <span class='ocrx_word' id='word_1_55' title='bbox 1499 1447 1663 1518; x_wconf 81' lang='lat' dir='ltr'>ecelesiae</span> <span class='ocrx_word' id='word_1_56' title='bbox 1689 1448 1733 1519; x_wconf 90' lang='lat' dir='ltr'>de</span> 
     </span>
     <span class='ocr_line' id='line_1_8' title="bbox 182 1556 1732 1659; baseline 0.008 -33"><span class='ocrx_word' id='word_1_57' title='bbox 182 1556 483 1648; x_wconf 76' lang='lat' dir='ltr'>Podgrodzye</span> <span class='ocrx_word' id='word_1_58' title='bbox 509 1579 573 1650; x_wconf 90' lang='lat' dir='ltr'>pro</span> <span class='ocrx_word' id='word_1_59' title='bbox 599 1558 705 1632; x_wconf 85' lang='grc'><strong><em>15555</em></strong></span> <span class='ocrx_word' id='word_1_60' title='bbox 732 1561 903 1633; x_wconf 88' lang='grc'><strong><em>511515515</em></strong></span> <span class='ocrx_word' id='word_1_61' title='bbox 929 1563 1028 1633; x_wconf 91' lang='lat' dir='ltr'>etin</span> <span class='ocrx_word' id='word_1_62' title='bbox 1055 1563 1170 1635; x_wconf 91' lang='lat' dir='ltr'>dotem</span> <span class='ocrx_word' id='word_1_63' title='bbox 1199 1564 1403 1654; x_wconf 85' lang='lat' dir='ltr'>consignata</span> <span class='ocrx_word' id='word_1_64' title='bbox 1429 1571 1466 1637; x_wconf 90' lang='lat' dir='ltr'>et</span> <span class='ocrx_word' id='word_1_65' title='bbox 1482 1566 1651 1657; x_wconf 84' lang='lat' dir='ltr'>inscripta</span> <span class='ocrx_word' id='word_1_66' title='bbox 1669 1573 1732 1659; x_wconf 89' lang='lat' dir='ltr'>est,</span> 
     </span>
     <span class='ocr_line' id='line_1_9' title="bbox 184 1678 1732 1773; baseline 0.006 -25"><span class='ocrx_word' id='word_1_67' title='bbox 184 1698 287 1768; x_wconf 88' lang='lat' dir='ltr'>quam</span> <span class='ocrx_word' id='word_1_68' title='bbox 314 1697 405 1748; x_wconf 91' lang='lat' dir='ltr'>nunc</span> <span class='ocrx_word' id='word_1_69' title='bbox 430 1682 529 1750; x_wconf 88' lang='lat' dir='ltr'>tenet</span> <span class='ocrx_word' id='word_1_70' title='bbox 554 1678 723 1750; x_wconf 89' lang='lat' dir='ltr'>Matthias</span> <span class='ocrx_word' id='word_1_71' title='bbox 748 1680 999 1773; x_wconf 82' lang='lat' dir='ltr'>Ceczyelya</span> <span class='ocrx_word' id='word_1_72' title='bbox 1025 1682 1067 1754; x_wconf 92' lang='grc'>55</span> <span class='ocrx_word' id='word_1_73' title='bbox 1095 1680 1330 1755; x_wconf 79' lang='grc'><strong><em>(15555555</em></strong></span> <span class='ocrx_word' id='word_1_74' title='bbox 1356 1685 1506 1756; x_wconf 87' lang='grc'><strong><em>51555155</em></strong></span> <span class='ocrx_word' id='word_1_75' title='bbox 1525 1686 1732 1758; x_wconf 88' lang='lat' dir='ltr'>canonicalis</span> 
     </span>
     <span class='ocr_line' id='line_1_10' title="bbox 182 1794 1510 1894; baseline 0.005 -26"><span class='ocrx_word' id='word_1_76' title='bbox 182 1794 430 1888; x_wconf 81' lang='lat' dir='ltr'>Oracoviensis,</span> <span class='ocrx_word' id='word_1_77' title='bbox 458 1799 554 1870; x_wconf 90' lang='lat' dir='ltr'>cuius</span> <span class='ocrx_word' id='word_1_78' title='bbox 582 1799 719 1889; x_wconf 92' lang='lat' dir='ltr'>quidem</span> <span class='ocrx_word' id='word_1_79' title='bbox 746 1801 900 1873; x_wconf 86' lang='lat' dir='ltr'>decimae</span> <span class='ocrx_word' id='word_1_80' title='bbox 926 1802 1193 1894; x_wconf 86' lang='lat' dir='ltr'>descriptionem</span> <span class='ocrx_word' id='word_1_81' title='bbox 1220 1802 1312 1875; x_wconf 87' lang='grc'><strong><em>15155</em></strong></span> <span class='ocrx_word' id='word_1_82' title='bbox 1337 1802 1510 1877; x_wconf 85' lang='lat' dir='ltr'>iaciemus.</span> 
     </span>
    </p>

    <p class='ocr_par' dir='ltr' id='par_1_5' title="bbox 169 1917 1748 2852">
     <span class='ocr_line' id='line_1_11' title="bbox 284 1917 1732 2014; baseline 0.007 -27"><span class='ocrx_word' id='word_1_83' title='bbox 284 1917 520 2010; x_wconf 71' lang='lat' dir='ltr'>Damascus,</span> <span class='ocrx_word' id='word_1_84' title='bbox 548 1920 632 1991; x_wconf 90' lang='grc'><strong><em>51115</em></strong></span> <span class='ocrx_word' id='word_1_85' title='bbox 658 1920 722 1992; x_wconf 87' lang='grc'>555</span> <span class='ocrx_word' id='word_1_86' title='bbox 740 1921 906 2012; x_wconf 87' lang='grc'><strong><em>55555515</em></strong></span> <span class='ocrx_word' id='word_1_87' title='bbox 923 1922 1088 1994; x_wconf 88' lang='grc'><strong><em>555155155</em></strong></span> <span class='ocrx_word' id='word_1_88' title='bbox 1107 1921 1150 1993; x_wconf 91' lang='grc'>55</span> <span class='ocrx_word' id='word_1_89' title='bbox 1168 1921 1294 1994; x_wconf 82' lang='grc'><strong><em>11555</em></strong></span> <span class='ocrx_word' id='word_1_90' title='bbox 1312 1922 1511 1995; x_wconf 84' lang='lat' dir='ltr'>Sandecz</span> <span class='ocrx_word' id='word_1_91' title='bbox 1538 1924 1616 2014; x_wconf 82' lang='lat' dir='ltr'>sita,</span> <span class='ocrx_word' id='word_1_92' title='bbox 1634 1925 1732 1997; x_wconf 88' lang='lat' dir='ltr'>cuins</span> 
     </span>
     <span class='ocr_line' id='line_1_12' title="bbox 179 2034 1730 2128; baseline 0.004 -19"><span class='ocrx_word' id='word_1_93' title='bbox 179 2037 376 2128; x_wconf 82' lang='lat' dir='ltr'>proprietas</span> <span class='ocrx_word' id='word_1_94' title='bbox 411 2044 448 2109; x_wconf 93' lang='grc'>51</span> <span class='ocrx_word' id='word_1_95' title='bbox 481 2039 670 2111; x_wconf 90' lang='lat' dir='ltr'>dominium</span> <span class='ocrx_word' id='word_1_96' title='bbox 705 2041 751 2112; x_wconf 92' lang='lat' dir='ltr'>ad</span> <span class='ocrx_word' id='word_1_97' title='bbox 785 2041 946 2113; x_wconf 87' lang='lat' dir='ltr'>abbatem</span> <span class='ocrx_word' id='word_1_98' title='bbox 982 2048 1020 2114; x_wconf 93' lang='lat' dir='ltr'>et</span> <span class='ocrx_word' id='word_1_99' title='bbox 1053 2034 1301 2115; x_wconf 85' lang='lat' dir='ltr'>mo&#39;nasterium</span> <span class='ocrx_word' id='word_1_100' title='bbox 1334 2042 1569 2117; x_wconf 88' lang='lat' dir='ltr'>Sandeczense</span> <span class='ocrx_word' id='word_1_101' title='bbox 1597 2045 1730 2117; x_wconf 87' lang='lat' dir='ltr'>ordinis</span> 
     </span>
     <span class='ocr_line' id='line_1_13' title="bbox 178 2148 1748 2255; baseline 0.005 -26"><span class='ocrx_word' id='word_1_102' title='bbox 178 2160 528 2249; x_wconf 85' lang='lat' dir='ltr'>praemonstratensis</span> <span class='ocrx_word' id='word_1_103' title='bbox 555 2162 716 2250; x_wconf 84' lang='lat' dir='ltr'>pertinet,</span> <span class='ocrx_word' id='word_1_104' title='bbox 742 2162 779 2233; x_wconf 92' lang='lat' dir='ltr'>in</span> <span class='ocrx_word' id='word_1_105' title='bbox 806 2182 875 2252; x_wconf 90' lang='lat' dir='ltr'>qna</span> <span class='ocrx_word' id='word_1_106' title='bbox 901 2169 983 2234; x_wconf 90' lang='lat' dir='ltr'>sunt</span> <span class='ocrx_word' id='word_1_107' title='bbox 1009 2159 1157 2234; x_wconf 89' lang='lat' dir='ltr'>sedecim</span> <span class='ocrx_word' id='word_1_108' title='bbox 1183 2162 1276 2233; x_wconf 92' lang='lat' dir='ltr'>lanei</span> <span class='ocrx_word' id='word_1_109' title='bbox 1302 2162 1553 2254; x_wconf 90' lang='lat' dir='ltr'>cmethonales,</span> <span class='ocrx_word' id='word_1_110' title='bbox 1582 2164 1625 2245; x_wconf 88' lang='grc'>55</span> <span class='ocrx_word' id='word_1_111' title='bbox 1652 2148 1748 2255; x_wconf 52' lang='grc'><strong><em>5515</em></strong></span> 
     </span>
     <span class='ocr_line' id='line_1_14' title="bbox 178 2279 1730 2374; baseline 0.003 -23"><span class='ocrx_word' id='word_1_112' title='bbox 178 2279 244 2351; x_wconf 88' lang='grc'>555</span> <span class='ocrx_word' id='word_1_113' title='bbox 271 2279 419 2351; x_wconf 85' lang='lat' dir='ltr'>solvitur</span> <span class='ocrx_word' id='word_1_114' title='bbox 445 2280 578 2351; x_wconf 86' lang='lat' dir='ltr'>decima</span> <span class='ocrx_word' id='word_1_115' title='bbox 603 2282 830 2371; x_wconf 90' lang='lat' dir='ltr'>manipularis</span> <span class='ocrx_word' id='word_1_116' title='bbox 857 2286 893 2353; x_wconf 92' lang='lat' dir='ltr'>et</span> <span class='ocrx_word' id='word_1_117' title='bbox 917 2302 982 2373; x_wconf 91' lang='lat' dir='ltr'>per</span> <span class='ocrx_word' id='word_1_118' title='bbox 1009 2288 1160 2372; x_wconf 89' lang='lat' dir='ltr'>quatuor</span> <span class='ocrx_word' id='word_1_119' title='bbox 1184 2282 1323 2372; x_wconf 84' lang='lat' dir='ltr'>ierugas</span> <span class='ocrx_word' id='word_1_120' title='bbox 1350 2283 1525 2374; x_wconf 90' lang='lat' dir='ltr'>canapalis</span> <span class='ocrx_word' id='word_1_121' title='bbox 1552 2282 1730 2374; x_wconf 86' lang='lat' dir='ltr'>praefatae</span> 
     </span>
     <span class='ocr_line' id='line_1_15' title="bbox 179 2397 1728 2493; baseline 0.005 -25"><span class='ocrx_word' id='word_1_122' title='bbox 179 2399 397 2489; x_wconf 88' lang='lat' dir='ltr'>praebendae</span> <span class='ocrx_word' id='word_1_123' title='bbox 423 2397 681 2490; x_wconf 82' lang='lat' dir='ltr'>Dambrowska,</span> <span class='ocrx_word' id='word_1_124' title='bbox 709 2408 746 2473; x_wconf 92' lang='lat' dir='ltr'>et</span> <span class='ocrx_word' id='word_1_125' title='bbox 771 2406 934 2473; x_wconf 88' lang='lat' dir='ltr'>tenentur</span> <span class='ocrx_word' id='word_1_126' title='bbox 960 2402 1054 2472; x_wconf 91' lang='lat' dir='ltr'>illam</span> <span class='ocrx_word' id='word_1_127' title='bbox 1082 2403 1281 2473; x_wconf 88' lang='lat' dir='ltr'>emethones</span> <span class='ocrx_word' id='word_1_128' title='bbox 1307 2402 1460 2493; x_wconf 87' lang='lat' dir='ltr'>propriis</span> <span class='ocrx_word' id='word_1_129' title='bbox 1487 2403 1647 2475; x_wconf 89' lang='lat' dir='ltr'>curribus</span> <span class='ocrx_word' id='word_1_130' title='bbox 1664 2403 1728 2475; x_wconf 94' lang='lat' dir='ltr'>du-</span> 
     </span>
     <span class='ocr_line' id='line_1_16' title="bbox 169 2503 1728 2613; baseline 0.002 -22"><span class='ocrx_word' id='word_1_131' title='bbox 169 2539 257 2591; x_wconf 85' lang='grc'><strong><em>5555</em></strong></span> <span class='ocrx_word' id='word_1_132' title='bbox 292 2520 328 2589; x_wconf 89' lang='grc'>15</span> <span class='ocrx_word' id='word_1_133' title='bbox 364 2520 527 2590; x_wconf 91' lang='lat' dir='ltr'>borreum</span> <span class='ocrx_word' id='word_1_134' title='bbox 553 2541 575 2590; x_wconf 88' lang='lat' dir='ltr'>a</span> <span class='ocrx_word' id='word_1_135' title='bbox 601 2521 766 2592; x_wconf 91' lang='lat' dir='ltr'>canonico</span> <span class='ocrx_word' id='word_1_136' title='bbox 792 2521 919 2592; x_wconf 88' lang='lat' dir='ltr'>tertiae</span> <span class='ocrx_word' id='word_1_137' title='bbox 946 2520 1164 2610; x_wconf 88' lang='lat' dir='ltr'>praebendae</span> <span class='ocrx_word' id='word_1_138' title='bbox 1179 2503 1436 2593; x_wconf 77' lang='lat' dir='ltr'>&#39;Sandeczensis</span> <span class='ocrx_word' id='word_1_139' title='bbox 1463 2521 1664 2613; x_wconf 89' lang='lat' dir='ltr'>locandum,</span> <span class='ocrx_word' id='word_1_140' title='bbox 1691 2528 1728 2594; x_wconf 88' lang='lat' dir='ltr'>et</span> 
     </span>
     <span class='ocr_line' id='line_1_17' title="bbox 179 2638 1729 2731; baseline 0.002 -21"><span class='ocrx_word' id='word_1_141' title='bbox 179 2638 276 2710; x_wconf 86' lang='lat' dir='ltr'>valor</span> <span class='ocrx_word' id='word_1_142' title='bbox 302 2638 507 2710; x_wconf 89' lang='lat' dir='ltr'>aestimatur</span> <span class='ocrx_word' id='word_1_143' title='bbox 535 2639 608 2711; x_wconf 91' lang='grc'><strong><em>5155</em></strong></span> <span class='ocrx_word' id='word_1_144' title='bbox 635 2641 680 2711; x_wconf 95' lang='grc'>55</span> <span class='ocrx_word' id='word_1_145' title='bbox 707 2640 887 2711; x_wconf 87' lang='lat' dir='ltr'>duodecim</span> <span class='ocrx_word' id='word_1_146' title='bbox 914 2661 1057 2730; x_wconf 85' lang='lat' dir='ltr'>marcas,</span> <span class='ocrx_word' id='word_1_147' title='bbox 1084 2640 1145 2711; x_wconf 90' lang='lat' dir='ltr'>sed</span> <span class='ocrx_word' id='word_1_148' title='bbox 1163 2641 1341 2731; x_wconf 89' lang='lat' dir='ltr'>perceptio</span> <span class='ocrx_word' id='word_1_149' title='bbox 1359 2641 1435 2713; x_wconf 87' lang='lat' dir='ltr'>eius</span> <span class='ocrx_word' id='word_1_150' title='bbox 1453 2641 1729 2731; x_wconf 75' lang='lat' dir='ltr'>diversificatur,</span> 
     </span>
     <span class='ocr_line' id='line_1_18' title="bbox 177 2756 1728 2852; baseline 0.003 -24"><span class='ocrx_word' id='word_1_151' title='bbox 177 2779 256 2829; x_wconf 91' lang='lat' dir='ltr'>narn</span> <span class='ocrx_word' id='word_1_152' title='bbox 283 2758 504 2830; x_wconf 88' lang='lat' dir='ltr'>medietatem</span> <span class='ocrx_word' id='word_1_153' title='bbox 531 2760 625 2831; x_wconf 88' lang='lat' dir='ltr'>tollit</span> <span class='ocrx_word' id='word_1_154' title='bbox 649 2756 815 2851; x_wconf 84' lang='grc'><strong><em>55555555</em></strong></span> <span class='ocrx_word' id='word_1_155' title='bbox 841 2760 1048 2851; x_wconf 89' lang='lat' dir='ltr'>praebenda,</span> <span class='ocrx_word' id='word_1_156' title='bbox 1075 2761 1296 2832; x_wconf 90' lang='lat' dir='ltr'>medietatem</span> <span class='ocrx_word' id='word_1_157' title='bbox 1323 2761 1444 2832; x_wconf 88' lang='lat' dir='ltr'>vicarii</span> <span class='ocrx_word' id='word_1_158' title='bbox 1463 2760 1728 2852; x_wconf 87' lang='lat' dir='ltr'>Sandeczenses,</span> 
     </span>
    </p>
   </div>
   <div class='ocr_carea' id='block_1_5' title="bbox 176 2878 2009 2991">
    <p class='ocr_par' dir='ltr' id='par_1_6' title="bbox 176 2878 2009 2991">
     <span class='ocr_line' id='line_1_19' title="bbox 176 2878 2009 2991; baseline -0.002 -43"><span class='ocrx_word' id='word_1_159' title='bbox 176 2879 260 2949; x_wconf 92' lang='lat' dir='ltr'>item</span> <span class='ocrx_word' id='word_1_160' title='bbox 287 2878 454 2950; x_wconf 87' lang='lat' dir='ltr'>medietas</span> <span class='ocrx_word' id='word_1_161' title='bbox 480 2879 658 2970; x_wconf 88' lang='lat' dir='ltr'>praefatae</span> <span class='ocrx_word' id='word_1_162' title='bbox 684 2880 837 2952; x_wconf 92' lang='lat' dir='ltr'>decimae</span> <span class='ocrx_word' id='word_1_163' title='bbox 863 2881 901 2951; x_wconf 91' lang='lat' dir='ltr'>in</span> <span class='ocrx_word' id='word_1_164' title='bbox 927 2881 1200 2953; x_wconf 87' lang='lat' dir='ltr'>Dambrowa</span> <span class='ocrx_word' id='word_1_165' title='bbox 1225 2881 1385 2971; x_wconf 81' lang='lat' dir='ltr'>pertinet</span> <span class='ocrx_word' id='word_1_166' title='bbox 1401 2881 1447 2952; x_wconf 89' lang='lat' dir='ltr'>ad</span> <span class='ocrx_word' id='word_1_167' title='bbox 1464 2881 1727 2953; x_wconf 88' lang='lat' dir='ltr'>universitatem</span> <span class='ocrx_word' id='word_1_168' title='bbox 1863 2906 1879 2991; x_wconf 25' lang='grc'>1·</span> <span class='ocrx_word' id='word_1_169' title='bbox 2007 2896 2009 2909; x_wconf 93' lang='grc'><strong><em>·</em></strong></span> 
     </span>
    </p>
   </div>
   <div class='ocr_carea' id='block_1_6' title="bbox 173 2998 1815 4056">
    <p class='ocr_par' dir='ltr' id='par_1_7' title="bbox 173 2998 1815 3911">
     <span class='ocr_line' id='line_1_20' title="bbox 176 2998 1728 3091; baseline 0.001 -21"><span class='ocrx_word' id='word_1_170' title='bbox 176 2998 384 3071; x_wconf 87' lang='lat' dir='ltr'>vicariorum</span> <span class='ocrx_word' id='word_1_171' title='bbox 403 2998 699 3071; x_wconf 83' lang='lat' dir='ltr'>Sandeczensium.</span> <span class='ocrx_word' id='word_1_172' title='bbox 726 3000 815 3072; x_wconf 90' lang='lat' dir='ltr'>Item</span> <span class='ocrx_word' id='word_1_173' title='bbox 833 3001 869 3072; x_wconf 93' lang='lat' dir='ltr'>in</span> <span class='ocrx_word' id='word_1_174' title='bbox 887 3001 1007 3072; x_wconf 91' lang='lat' dir='ltr'>eadem</span> <span class='ocrx_word' id='word_1_175' title='bbox 1026 3001 1109 3072; x_wconf 83' lang='lat' dir='ltr'>villa</span> <span class='ocrx_word' id='word_1_176' title='bbox 1127 2999 1396 3073; x_wconf 87' lang='lat' dir='ltr'>Dambrowa</span> <span class='ocrx_word' id='word_1_177' title='bbox 1421 3007 1503 3072; x_wconf 91' lang='lat' dir='ltr'>sunt</span> <span class='ocrx_word' id='word_1_178' title='bbox 1521 3001 1606 3072; x_wconf 90' lang='grc'><strong><em>55511</em></strong></span> <span class='ocrx_word' id='word_1_179' title='bbox 1625 3001 1728 3091; x_wconf 90' lang='grc'><strong><em>15551,</em></strong></span> 
     </span>
     <span class='ocr_line' id='line_1_21' title="bbox 175 3117 1727 3211; baseline 0.002 -23"><span class='ocrx_word' id='word_1_180' title='bbox 175 3119 248 3190; x_wconf 88' lang='grc'><strong><em>5155</em></strong></span> <span class='ocrx_word' id='word_1_181' title='bbox 275 3119 351 3209; x_wconf 86' lang='lat' dir='ltr'>agri</span> <span class='ocrx_word' id='word_1_182' title='bbox 377 3117 421 3188; x_wconf 89' lang='lat' dir='ltr'>ad</span> <span class='ocrx_word' id='word_1_183' title='bbox 447 3120 723 3210; x_wconf 90' lang='lat' dir='ltr'>praeposituram</span> <span class='ocrx_word' id='word_1_184' title='bbox 750 3119 1021 3193; x_wconf 89' lang='lat' dir='ltr'>Sandeczensem</span> <span class='ocrx_word' id='word_1_185' title='bbox 1047 3121 1271 3211; x_wconf 84' lang='lat' dir='ltr'>pertinentes,</span> <span class='ocrx_word' id='word_1_186' title='bbox 1297 3126 1334 3192; x_wconf 91' lang='lat' dir='ltr'>et</span> <span class='ocrx_word' id='word_1_187' title='bbox 1360 3120 1406 3191; x_wconf 91' lang='lat' dir='ltr'>ad</span> <span class='ocrx_word' id='word_1_188' title='bbox 1432 3121 1506 3192; x_wconf 89' lang='lat' dir='ltr'>eius</span> <span class='ocrx_word' id='word_1_189' title='bbox 1533 3121 1727 3210; x_wconf 83' lang='lat' dir='ltr'>proprieta-</span> 
     </span>
     <span class='ocr_line' id='line_1_22' title="bbox 175 3237 1727 3331; baseline 0.001 -23"><span class='ocrx_word' id='word_1_190' title='bbox 175 3244 265 3329; x_wconf 88' lang='lat' dir='ltr'>tem,</span> <span class='ocrx_word' id='word_1_191' title='bbox 291 3238 334 3310; x_wconf 88' lang='lat' dir='ltr'>de</span> <span class='ocrx_word' id='word_1_192' title='bbox 361 3237 486 3330; x_wconf 89' lang='lat' dir='ltr'>quibus</span> <span class='ocrx_word' id='word_1_193' title='bbox 517 3241 622 3311; x_wconf 90' lang='lat' dir='ltr'>etiam</span> <span class='ocrx_word' id='word_1_194' title='bbox 648 3240 867 3330; x_wconf 88' lang='lat' dir='ltr'>praepositus</span> <span class='ocrx_word' id='word_1_195' title='bbox 895 3240 1141 3317; x_wconf 86' lang='lat' dir='ltr'>Sandeczensis</span> <span class='ocrx_word' id='word_1_196' title='bbox 1168 3240 1336 3311; x_wconf 89' lang='lat' dir='ltr'>decimam</span> <span class='ocrx_word' id='word_1_197' title='bbox 1361 3240 1510 3331; x_wconf 90' lang='lat' dir='ltr'>percipit</span> <span class='ocrx_word' id='word_1_198' title='bbox 1536 3240 1727 3330; x_wconf 91' lang='lat' dir='ltr'>manipula-</span> 
     </span>
     <span class='ocr_line' id='line_1_23' title="bbox 176 3356 1725 3451; baseline 0 -22"><span class='ocrx_word' id='word_1_199' title='bbox 176 3379 259 3429; x_wconf 88' lang='lat' dir='ltr'>rem.</span> <span class='ocrx_word' id='word_1_200' title='bbox 293 3356 382 3430; x_wconf 90' lang='lat' dir='ltr'>Item</span> <span class='ocrx_word' id='word_1_201' title='bbox 418 3360 564 3431; x_wconf 87' lang='lat' dir='ltr'>taberna</span> <span class='ocrx_word' id='word_1_202' title='bbox 595 3366 650 3431; x_wconf 89' lang='lat' dir='ltr'>est</span> <span class='ocrx_word' id='word_1_203' title='bbox 675 3360 725 3431; x_wconf 92' lang='lat' dir='ltr'>ibi</span> <span class='ocrx_word' id='word_1_204' title='bbox 751 3381 838 3451; x_wconf 92' lang='lat' dir='ltr'>uua,</span> <span class='ocrx_word' id='word_1_205' title='bbox 864 3360 996 3431; x_wconf 91' lang='lat' dir='ltr'>habens</span> <span class='ocrx_word' id='word_1_206' title='bbox 1023 3380 1146 3450; x_wconf 84' lang='lat' dir='ltr'>agr0s;</span> <span class='ocrx_word' id='word_1_207' title='bbox 1172 3361 1256 3431; x_wconf 91' lang='lat' dir='ltr'>item</span> <span class='ocrx_word' id='word_1_208' title='bbox 1282 3359 1502 3432; x_wconf 91' lang='lat' dir='ltr'>hortulaniae</span> <span class='ocrx_word' id='word_1_209' title='bbox 1528 3379 1598 3429; x_wconf 91' lang='lat' dir='ltr'>non</span> <span class='ocrx_word' id='word_1_210' title='bbox 1625 3364 1725 3448; x_wconf 82' lang='lat' dir='ltr'>sunt3</span> 
     </span>
     <span class='ocr_line' id='line_1_24' title="bbox 173 3478 1724 3570; baseline 0 -21"><span class='ocrx_word' id='word_1_211' title='bbox 173 3479 257 3550; x_wconf 88' lang='lat' dir='ltr'>item</span> <span class='ocrx_word' id='word_1_212' title='bbox 284 3480 464 3569; x_wconf 90' lang='lat' dir='ltr'>praedium</span> <span class='ocrx_word' id='word_1_213' title='bbox 491 3485 545 3552; x_wconf 90' lang='lat' dir='ltr'>est</span> <span class='ocrx_word' id='word_1_214' title='bbox 571 3480 620 3551; x_wconf 92' lang='lat' dir='ltr'>ibi</span> <span class='ocrx_word' id='word_1_215' title='bbox 646 3480 856 3570; x_wconf 89' lang='lat' dir='ltr'>coenobiale,</span> <span class='ocrx_word' id='word_1_216' title='bbox 883 3480 926 3551; x_wconf 95' lang='lat' dir='ltr'>de</span> <span class='ocrx_word' id='word_1_217' title='bbox 953 3480 1051 3553; x_wconf 92' lang='lat' dir='ltr'>cuius</span> <span class='ocrx_word' id='word_1_218' title='bbox 1078 3481 1172 3570; x_wconf 77' lang='lat' dir='ltr'>agris</span> <span class='ocrx_word' id='word_1_219' title='bbox 1199 3479 1285 3550; x_wconf 92' lang='lat' dir='ltr'>nulli</span> <span class='ocrx_word' id='word_1_220' title='bbox 1311 3479 1451 3551; x_wconf 90' lang='lat' dir='ltr'>solvunt</span> <span class='ocrx_word' id='word_1_221' title='bbox 1468 3479 1644 3569; x_wconf 90' lang='lat' dir='ltr'>decimam,</span> <span class='ocrx_word' id='word_1_222' title='bbox 1663 3478 1724 3549; x_wconf 94' lang='lat' dir='ltr'>sed</span> 
     </span>
     <span class='ocr_line' id='line_1_25' title="bbox 174 3597 1723 3691; baseline -0.001 -22"><span class='ocrx_word' id='word_1_223' title='bbox 174 3620 249 3669; x_wconf 92' lang='lat' dir='ltr'>eam</span> <span class='ocrx_word' id='word_1_224' title='bbox 276 3598 371 3671; x_wconf 87' lang='lat' dir='ltr'>solus</span> <span class='ocrx_word' id='word_1_225' title='bbox 398 3600 505 3671; x_wconf 88' lang='lat' dir='ltr'>abbas</span> <span class='ocrx_word' id='word_1_226' title='bbox 532 3600 680 3691; x_wconf 91' lang='lat' dir='ltr'>percipit</span> <span class='ocrx_word' id='word_1_227' title='bbox 705 3605 743 3670; x_wconf 91' lang='grc'>51</span> <span class='ocrx_word' id='word_1_228' title='bbox 767 3600 803 3670; x_wconf 93' lang='grc'>15</span> <span class='ocrx_word' id='word_1_229' title='bbox 827 3600 998 3672; x_wconf 72' lang='lat' dir='ltr'>‘horreum</span> <span class='ocrx_word' id='word_1_230' title='bbox 1025 3621 1124 3671; x_wconf 91' lang='lat' dir='ltr'>suum</span> <span class='ocrx_word' id='word_1_231' title='bbox 1151 3599 1302 3687; x_wconf 91' lang='lat' dir='ltr'>inducit;</span> <span class='ocrx_word' id='word_1_232' title='bbox 1328 3599 1411 3669; x_wconf 86' lang='lat' dir='ltr'>item</span> <span class='ocrx_word' id='word_1_233' title='bbox 1438 3597 1597 3688; x_wconf 87' lang='lat' dir='ltr'>praefata</span> <span class='ocrx_word' id='word_1_234' title='bbox 1621 3618 1723 3689; x_wconf 90' lang='lat' dir='ltr'>prae-</span> 
     </span>
     <span class='ocr_line' id='line_1_26' title="bbox 174 3717 1815 3811; baseline 0.001 -20"><span class='ocrx_word' id='word_1_235' title='bbox 174 3719 288 3791; x_wconf 91' lang='lat' dir='ltr'>benda</span> <span class='ocrx_word' id='word_1_236' title='bbox 314 3719 566 3792; x_wconf 86' lang='lat' dir='ltr'>Dambrowslm</span> <span class='ocrx_word' id='word_1_237' title='bbox 592 3742 660 3792; x_wconf 95' lang='lat' dir='ltr'>non</span> <span class='ocrx_word' id='word_1_238' title='bbox 688 3720 795 3793; x_wconf 90' lang='lat' dir='ltr'>habet</span> <span class='ocrx_word' id='word_1_239' title='bbox 813 3720 963 3811; x_wconf 90' lang='lat' dir='ltr'>aliquam</span> <span class='ocrx_word' id='word_1_240' title='bbox 989 3720 1138 3810; x_wconf 90' lang='lat' dir='ltr'>domum,</span> <span class='ocrx_word' id='word_1_241' title='bbox 1165 3740 1276 3810; x_wconf 88' lang='lat' dir='ltr'>neque</span> <span class='ocrx_word' id='word_1_242' title='bbox 1303 3740 1419 3791; x_wconf 90' lang='lat' dir='ltr'>aream</span> <span class='ocrx_word' id='word_1_243' title='bbox 1437 3719 1473 3790; x_wconf 94' lang='lat' dir='ltr'>in</span> <span class='ocrx_word' id='word_1_244' title='bbox 1492 3718 1619 3810; x_wconf 92' lang='lat' dir='ltr'>oppido</span> <span class='ocrx_word' id='word_1_245' title='bbox 1637 3717 1723 3790; x_wconf 89' lang='lat' dir='ltr'>San·</span> <span class='ocrx_word' id='word_1_246' title='bbox 1810 3782 1815 3793; x_wconf 91' lang='lat'><em>.</em></span> 
     </span>
     <span class='ocr_line' id='line_1_27' title="bbox 174 3840 342 3911; baseline -0.006 0"><span class='ocrx_word' id='word_1_247' title='bbox 174 3840 342 3911; x_wconf 89' lang='lat' dir='ltr'>deczensi.</span> 
     </span>
    </p>

    <p class='ocr_par' dir='ltr' id='par_1_8' title="bbox 276 3959 1452 4056">
     <span class='ocr_line' id='line_1_28' title="bbox 276 3959 1452 4056; baseline -0.006 -19"><span class='ocrx_word' id='word_1_248' title='bbox 276 3961 364 4037; x_wconf 86' lang='lat' dir='ltr'>Item</span> <span class='ocrx_word' id='word_1_249' title='bbox 389 3962 548 4056; x_wconf 88' lang='lat' dir='ltr'>praefata</span> <span class='ocrx_word' id='word_1_250' title='bbox 573 3959 773 4053; x_wconf 90' lang='lat' dir='ltr'>praebenda</span> <span class='ocrx_word' id='word_1_251' title='bbox 797 3962 1050 4034; x_wconf 86' lang='lat' dir='ltr'>Dambrowska</span> <span class='ocrx_word' id='word_1_252' title='bbox 1075 3965 1194 4034; x_wconf 86' lang='lat' dir='ltr'>taxata</span> <span class='ocrx_word' id='word_1_253' title='bbox 1220 3967 1274 4034; x_wconf 88' lang='grc'>551</span> <span class='ocrx_word' id='word_1_254' title='bbox 1300 3960 1346 4031; x_wconf 92' lang='grc'>55</span> <span class='ocrx_word' id='word_1_255' title='bbox 1373 4014 1381 4030; x_wconf 94' lang='grc'><strong>.</strong></span> <span class='ocrx_word' id='word_1_256' title='bbox 1408 4014 1416 4031; x_wconf 89' lang='grc'><strong>.</strong></span> <span class='ocrx_word' id='word_1_257' title='bbox 1444 4014 1452 4030; x_wconf 94' lang='grc'><strong>.</strong></span> 
     </span>
    </p>
   </div>
   <div class='ocr_carea' id='block_1_7' title="bbox 254 4220 1563 4332">
    <p class='ocr_par' dir='ltr' id='par_1_9' title="bbox 254 4220 1563 4332">
     <span class='ocr_line' id='line_1_29' title="bbox 254 4220 1563 4332; baseline 0 -31"><span class='ocrx_word' id='word_1_258' title='bbox 254 4289 261 4301; x_wconf 93' lang='grc'><em>,</em></span> <span class='ocrx_word' id='word_1_259' title='bbox 328 4225 486 4328; x_wconf 82' lang='lat' dir='ltr'>Quarta</span> <span class='ocrx_word' id='word_1_260' title='bbox 521 4224 762 4332; x_wconf 83' lang='lat' dir='ltr'>praebenda</span> <span class='ocrx_word' id='word_1_261' title='bbox 794 4223 1120 4326; x_wconf 79' lang='lat' dir='ltr'>Sandeczenels,</span> <span class='ocrx_word' id='word_1_262' title='bbox 1154 4220 1279 4302; x_wconf 86' lang='lat' dir='ltr'>dicta·</span> <span class='ocrx_word' id='word_1_263' title='bbox 1303 4221 1563 4327; x_wconf 76' lang='lat' dir='ltr'>Byeqanelra.</span> 
     </span>
    </p>
   </div>
   <div class='ocr_carea' id='block_1_8' title="bbox 168 4428 1822 5395">
    <p class='ocr_par' dir='ltr' id='par_1_10' title="bbox 170 4428 1721 5029">
     <span class='ocr_line' id='line_1_30' title="bbox 274 4428 1721 4536; baseline -0.003 -20"><span class='ocrx_word' id='word_1_264' title='bbox 274 4445 479 4519; x_wconf 90' lang='lat' dir='ltr'>Praebenda</span> <span class='ocrx_word' id='word_1_265' title='bbox 504 4451 630 4536; x_wconf 88' lang='lat' dir='ltr'>quarta</span> <span class='ocrx_word' id='word_1_266' title='bbox 656 4443 921 4534; x_wconf 87' lang='lat' dir='ltr'>Sandeczensis,</span> <span class='ocrx_word' id='word_1_267' title='bbox 947 4463 1036 4533; x_wconf 89' lang='lat' dir='ltr'>quae</span> <span class='ocrx_word' id='word_1_268' title='bbox 1053 4447 1199 4514; x_wconf 89' lang='lat' dir='ltr'>vocatur</span> <span class='ocrx_word' id='word_1_269' title='bbox 1225 4428 1435 4534; x_wconf 78' lang='lat' dir='ltr'>Byeganslra</span> <span class='ocrx_word' id='word_1_270' title='bbox 1465 4440 1588 4513; x_wconf 88' lang='lat' dir='ltr'>avilla</span> <span class='ocrx_word' id='word_1_271' title='bbox 1612 4441 1721 4532; x_wconf 83' lang='lat' dir='ltr'>Bys-</span> 
     </span>
     <span class='ocr_line' id='line_1_31' title="bbox 170 4560 1721 4658; baseline -0.005 -19"><span class='ocrx_word' id='word_1_272' title='bbox 170 4588 390 4658; x_wconf 80' lang='lat' dir='ltr'>ganycze,</span> <span class='ocrx_word' id='word_1_273' title='bbox 417 4568 548 4658; x_wconf 90' lang='lat' dir='ltr'>inqua</span> <span class='ocrx_word' id='word_1_274' title='bbox 578 4566 684 4638; x_wconf 88' lang='lat' dir='ltr'>babet</span> <span class='ocrx_word' id='word_1_275' title='bbox 718 4565 886 4637; x_wconf 87' lang='lat' dir='ltr'>decimam</span> <span class='ocrx_word' id='word_1_276' title='bbox 919 4563 1169 4655; x_wconf 86' lang='lat' dir='ltr'>manipularem</span> <span class='ocrx_word' id='word_1_277' title='bbox 1195 4562 1351 4653; x_wconf 90' lang='lat' dir='ltr'>unicam,</span> <span class='ocrx_word' id='word_1_278' title='bbox 1387 4582 1475 4653; x_wconf 90' lang='lat' dir='ltr'>quae</span> <span class='ocrx_word' id='word_1_279' title='bbox 1510 4581 1553 4632; x_wconf 85' lang='lat' dir='ltr'>en</span> <span class='ocrx_word' id='word_1_280' title='bbox 1580 4560 1721 4635; x_wconf 87' lang='lat' dir='ltr'>decimis</span> 
     </span>
     <span class='ocr_line' id='line_1_32' title="bbox 170 4681 1720 4778; baseline -0.005 -17"><span class='ocrx_word' id='word_1_281' title='bbox 170 4688 337 4761; x_wconf 89' lang='lat' dir='ltr'>ecclesiae</span> <span class='ocrx_word' id='word_1_282' title='bbox 373 4688 416 4759; x_wconf 93' lang='lat' dir='ltr'>de</span> <span class='ocrx_word' id='word_1_283' title='bbox 442 4684 746 4778; x_wconf 82' lang='lat' dir='ltr'>Podgrodzye</span> <span class='ocrx_word' id='word_1_284' title='bbox 771 4707 836 4777; x_wconf 90' lang='grc'>555</span> <span class='ocrx_word' id='word_1_285' title='bbox 871 4685 978 4759; x_wconf 85' lang='grc'><strong><em>15555</em></strong></span> <span class='ocrx_word' id='word_1_286' title='bbox 1005 4685 1198 4774; x_wconf 90' lang='lat' dir='ltr'>attributa,</span> <span class='ocrx_word' id='word_1_287' title='bbox 1233 4688 1269 4755; x_wconf 92' lang='grc'>51</span> <span class='ocrx_word' id='word_1_288' title='bbox 1303 4685 1340 4754; x_wconf 92' lang='grc'>15</span> <span class='ocrx_word' id='word_1_289' title='bbox 1366 4683 1483 4754; x_wconf 89' lang='lat' dir='ltr'>dotem</span> <span class='ocrx_word' id='word_1_290' title='bbox 1517 4681 1720 4772; x_wconf 78' lang='lat' dir='ltr'>consignata</span> 
     </span>
     <span class='ocr_line' id='line_1_33' title="bbox 171 4801 1720 4899; baseline -0.005 -19"><span class='ocrx_word' id='word_1_291' title='bbox 171 4813 208 4880; x_wconf 91' lang='lat' dir='ltr'>et</span> <span class='ocrx_word' id='word_1_292' title='bbox 234 4809 386 4899; x_wconf 88' lang='lat' dir='ltr'>ascripta</span> <span class='ocrx_word' id='word_1_293' title='bbox 412 4813 484 4898; x_wconf 90' lang='lat' dir='ltr'>est,</span> <span class='ocrx_word' id='word_1_294' title='bbox 520 4828 623 4898; x_wconf 89' lang='lat' dir='ltr'>quam</span> <span class='ocrx_word' id='word_1_295' title='bbox 657 4827 749 4879; x_wconf 89' lang='lat' dir='ltr'>nunc</span> <span class='ocrx_word' id='word_1_296' title='bbox 783 4811 881 4879; x_wconf 85' lang='lat' dir='ltr'>tenet</span> <span class='ocrx_word' id='word_1_297' title='bbox 906 4805 1072 4879; x_wconf 87' lang='lat' dir='ltr'>Nicolaus</span> <span class='ocrx_word' id='word_1_298' title='bbox 1106 4804 1151 4877; x_wconf 91' lang='lat' dir='ltr'>de</span> <span class='ocrx_word' id='word_1_299' title='bbox 1175 4803 1444 4895; x_wconf 81' lang='lat' dir='ltr'>Dobszycze</span> <span class='ocrx_word' id='word_1_300' title='bbox 1481 4801 1647 4892; x_wconf 81' lang='lat' dir='ltr'>magister</span> <span class='ocrx_word' id='word_1_301' title='bbox 1683 4801 1720 4873; x_wconf 94' lang='lat' dir='ltr'>in</span> 
     </span>
     <span class='ocr_line' id='line_1_34' title="bbox 171 4922 1400 5029; baseline -0.007 -29"><span class='ocrx_word' id='word_1_302' title='bbox 171 4929 321 5018; x_wconf 90' lang='lat' dir='ltr'>artibus,</span> <span class='ocrx_word' id='word_1_303' title='bbox 349 4929 446 5001; x_wconf 89' lang='lat' dir='ltr'>cuius</span> <span class='ocrx_word' id='word_1_304' title='bbox 473 4927 611 5018; x_wconf 89' lang='lat' dir='ltr'>quidem</span> <span class='ocrx_word' id='word_1_305' title='bbox 639 4927 790 4999; x_wconf 88' lang='lat' dir='ltr'>decimae</span> <span class='ocrx_word' id='word_1_306' title='bbox 817 4926 1083 5017; x_wconf 84' lang='lat' dir='ltr'>descriptionem</span> <span class='ocrx_word' id='word_1_307' title='bbox 1111 4923 1202 5029; x_wconf 81' lang='lat' dir='ltr'>infra</span> <span class='ocrx_word' id='word_1_308' title='bbox 1228 4922 1400 4995; x_wconf 85' lang='lat' dir='ltr'>faciemus.</span> 
     </span>
    </p>

    <p class='ocr_par' dir='ltr' id='par_1_11' title="bbox 168 5038 1822 5395">
     <span class='ocr_line' id='line_1_35' title="bbox 273 5038 1822 5139; baseline -0.006 -19"><span class='ocrx_word' id='word_1_309' title='bbox 273 5042 543 5138; x_wconf 70' lang='lat' dir='ltr'>Bracaurczn,</span> <span class='ocrx_word' id='word_1_310' title='bbox 578 5049 662 5120; x_wconf 92' lang='grc'><strong><em>51115</em></strong></span> <span class='ocrx_word' id='word_1_311' title='bbox 696 5047 760 5120; x_wconf 87' lang='grc'>555</span> <span class='ocrx_word' id='word_1_312' title='bbox 795 5047 962 5139; x_wconf 89' lang='lat' dir='ltr'>parocbia</span> <span class='ocrx_word' id='word_1_313' title='bbox 987 5044 1151 5119; x_wconf 87' lang='lat' dir='ltr'>ecclesiae</span> <span class='ocrx_word' id='word_1_314' title='bbox 1188 5044 1233 5115; x_wconf 86' lang='lat' dir='ltr'>ds</span> <span class='ocrx_word' id='word_1_315' title='bbox 1257 5042 1386 5116; x_wconf 82' lang='lat' dir='ltr'>Nova</span> <span class='ocrx_word' id='word_1_316' title='bbox 1412 5038 1616 5113; x_wconf 87' lang='lat' dir='ltr'>Sandecz</span> <span class='ocrx_word' id='word_1_317' title='bbox 1642 5040 1719 5131; x_wconf 88' lang='lat' dir='ltr'>sita,</span> <span class='ocrx_word' id='word_1_318' title='bbox 1819 5086 1822 5093; x_wconf 77' lang='lat'>,</span> 
     </span>
     <span class='ocr_line' id='line_1_36' title="bbox 170 5160 1720 5259; baseline -0.004 -21"><span class='ocrx_word' id='word_1_319' title='bbox 170 5167 267 5241; x_wconf 85' lang='lat' dir='ltr'>cuius</span> <span class='ocrx_word' id='word_1_320' title='bbox 291 5169 487 5259; x_wconf 85' lang='lat' dir='ltr'>proprietas</span> <span class='ocrx_word' id='word_1_321' title='bbox 513 5173 551 5240; x_wconf 91' lang='lat' dir='ltr'>et</span> <span class='ocrx_word' id='word_1_322' title='bbox 569 5164 761 5241; x_wconf 87' lang='lat' dir='ltr'>dominium</span> <span class='ocrx_word' id='word_1_323' title='bbox 783 5167 828 5241; x_wconf 92' lang='lat' dir='ltr'>ad</span> <span class='ocrx_word' id='word_1_324' title='bbox 846 5167 1049 5241; x_wconf 87' lang='lat' dir='ltr'>coenobium</span> <span class='ocrx_word' id='word_1_325' title='bbox 1067 5163 1379 5237; x_wconf 87' lang='lat' dir='ltr'>sanctimonialium</span> <span class='ocrx_word' id='word_1_326' title='bbox 1404 5161 1569 5252; x_wconf 74' lang='lat' dir='ltr'>pertinet,</span> <span class='ocrx_word' id='word_1_327' title='bbox 1595 5160 1720 5253; x_wconf 90' lang='lat' dir='ltr'>inqua</span> 
     </span>
     <span class='ocr_line' id='line_1_37' title="bbox 168 5276 1715 5395; baseline -0.012 -23"><span class='ocrx_word' id='word_1_328' title='bbox 168 5292 250 5372; x_wconf 78' lang='lat' dir='ltr'>aaut</span> <span class='ocrx_word' id='word_1_329' title='bbox 267 5276 358 5374; x_wconf 79' lang='grc'><strong><em>15551</em></strong></span> <span class='ocrx_word' id='word_1_330' title='bbox 376 5344 384 5373; x_wconf 71' lang='grc'>.,</span> <span class='ocrx_word' id='word_1_331' title='bbox 399 5343 500 5363; x_wconf 85' lang='grc'><strong>.....</strong></span> <span class='ocrx_word' id='word_1_332' title='bbox 518 5289 761 5393; x_wconf 67' lang='grc'><strong><em>5551555555</em></strong></span> <span class='ocrx_word' id='word_1_333' title='bbox 788 5286 830 5376; x_wconf 87' lang='grc'>55</span> <span class='ocrx_word' id='word_1_334' title='bbox 849 5288 974 5395; x_wconf 77' lang='grc'><strong><em>551555</em></strong></span> <span class='ocrx_word' id='word_1_335' title='bbox 993 5285 1152 5374; x_wconf 84' lang='lat' dir='ltr'>omnibus</span> <span class='ocrx_word' id='word_1_336' title='bbox 1170 5284 1318 5371; x_wconf 79' lang='lat' dir='ltr'>soluitur</span> <span class='ocrx_word' id='word_1_337' title='bbox 1335 5282 1470 5368; x_wconf 71' lang='lat' dir='ltr'>decima,</span> <span class='ocrx_word' id='word_1_338' title='bbox 1488 5280 1715 5385; x_wconf 84' lang='lat' dir='ltr'>manipularis</span> 
     </span>
    </p>
   </div>
   <div class='ocr_carea' id='block_1_9' title="bbox 0 0 2030 6054">
    <p class='ocr_par' dir='ltr' id='par_1_12' title="bbox 0 0 2030 6054">
     <span class='ocr_line' id='line_1_38' title="bbox 0 0 2030 6054; baseline 0 5"><span class='ocrx_word' id='word_1_339' title='bbox 0 0 2030 6054; x_wconf 95' lang='lat' dir='ltr'> </span> 
     </span>
    </p>
   </div>
  </div>
 </body>
</html>
