4050 6054
295 473 370 555 442
1261 588 1264 593 1

293 684 468 763 haeredes,
488 682 662 772 Nicolaus,
688 681 815 754 nobilis
843 681 885 752 de
905 680 1005 752 domo
1024 677 1281 771 Nycczuya,
1299 677 1467 751 Albertus
1485 672 1704 770 culyacz,
1721 628 1850 751 Alben-

292 813 354 876 tus
381 803 504 877 crab
514 804 664 895 yonek
691 808 736 897 et,
753 802 931 887 Johanues
959 799 1247 891 Grabyonek,
1266 799 1400 872 nobiles
1419 799 1462 871 de
1480 800 1587 871 armis
1606 820 1726 873 omnes
1743 799 1779 871 N
1784 818 1851 891 yc-
1962 877 1968 884 ,

293 945 443 1016 czuya,
469 925 505 995 in
533 944 601 1014 qua
628 928 709 995 sunt
735 923 804 995 duo
832 921 1070 994 tantummodo
1088 922 1180 992 lanei
1198 921 1441 1010 emethonalcs,
1468 922 1553 993 item
1570 918 1848 997 duae-tabernae

294 1048 463 1117 habentes
489 1065 603 1135 agros,
631 1043 676 1115 ad
702 1043 885 1116 Nicolaum
912 1043 1097 1114 haeredem
1123 1043 1349 1133 pertinentes,
1377 1042 1420 1113 de
1448 1042 1573 1131 quibus
1601 1036 1761 1115 omnibus
1780 1041 1851 1113 sol-

294 1168 388 1239 vitur
424 1166 557 1237 decima
590 1165 818 1254 manipularis
853 1171 889 1237 et
924 1185 987 1254 per
1023 1170 1171 1254 quatuor
1207 1165 1345 1253 ierugas
1381 1163 1558 1254 canapalis
1585 1164 1850 1253 praepositurae

294 1286 501 1376 Kelcziensi,
528 1293 565 1357 et
592 1287 722 1357 ducunt
748 1306 823 1356 eam
850 1285 982 1357 incolae
1009 1286 1160 1375 propriis
1187 1286 1345 1356 curribus
1372 1285 1408 1355 in
1426 1284 1591 1356 borreum
1609 1306 1630 1356 a
1648 1284 1850 1374 praeposito

295 1407 478 1480 locandum
506 1412 544 1478 et
570 1405 668 1479 valor
686 1407 760 1478 eius
778 1406 982 1477 aestimatur
1000 1405 1044 1477 ad
1062 1405 1147 1477 duas
1165 1425 1309 1476 marcas.
1336 1405 1425 1477 Item
1442 1426 1512 1494 non
1530 1413 1613 1477 suut
1630 1405 1850 1478 hortulaniae

295 1529 331 1599 in
357 1527 440 1600 villa
466 1526 606 1616 eadem3
632 1528 717 1597 item
744 1533 825 1598 sunt
852 1527 887 1599 in
915 1525 1035 1599 eadem
1062 1526 1146 1599 villa
1172 1527 1460 1631 quatuor‘cun'ae
1479 1525 1648 1599 militares
1668 1547 1731 1599 sen
1747 1545 1850 1616 prae·

296 1648 373 1737 dia,
400 1648 568 1719 habentes
595 1648 755 1738 proprios
782 1667 903 1737 agros,
931 1646 974 1718 de
1001 1647 1125 1736 quibus
1153 1646 1301 1718 solvitur
1327 1645 1460 1718 decima
1486 1646 1713 1736 manipularis
1741 1646 1851 1717 eccle-

296 1769 368 1843 siae
394 1766 585 1860 parochiali
613 1767 651 1837 in
679 1767 949 1860 Waszuyow,

377 1888 600 1978 ‘Szraznvva
626 1888 711 1960 villa
738 1889 803 1961 sub
821 1889 988 1978 parochia
1006 1889 1172 1961 ecclesiae
1191 1888 1234 1961 de
1253 1887 1628 1979 Svyathamaraa
1654 1889 1731 1979 sita,
1750 1889 1848 1961 cuius

296 2010 492 2098 proprietas
528 2014 564 2078 et
599 2008 786 2080 dominium
824 2008 868 2079 ad
896 2010 1094 2098 episcopum
1121 2007 1384 2080 cracoviensem
1410 2010 1579 2099 pertinet,
1606 2009 1643 2079 in
1670 2029 1739 2099 qua
1765 2014 1850 2081 sunt

296 2128 445 2203 sedecim
480 2128 572 2199 lanei
608 2129 859 2219 cmethcnaleS,
886 2130 969 2200 item
1005 2129 1073 2201 duc
1110 2129 1201 2201 lanei
1237 2130 1467 2219 scoltetiales,
1494 2131 1579 2201 item
1606 2150 1676 2201 una
1701 2129 1851 2201 taberna

296 2250 427 2321 habens
455 2270 570 2340 agros,
598 2249 640 2320 de
668 2250 793 2340 quibus
820 2251 979 2335 omnibus
1007 2251 1153 2322 solvitur
1172 2249 1304 2321 decima
1321 2250 1563 2340 manipularis;
1591 2249 1653 2321 sed
1670 2247 1850 2341 perceptio

296 2371 370 2443 eius
407 2371 498 2441 inter
534 2371 771 2460 praepositum
807 2369 1056 2447 Kielcziensem
1094 2377 1130 2442 et
1156 2372 1354 2462 episcopum
1382 2370 1645 2443 cracoviensem
1672 2370 1849 2461 dividitur,

297 2512 376 2562 narn
405 2489 447 2561 de
475 2491 580 2562 certis
607 2491 717 2562 laneis
744 2495 817 2563 tarn
843 2491 1126 2581 cmetbonalibus,
1154 2513 1257 2582 quam
1285 2493 1535 2564 scultetialibus
1554 2499 1590 2563 et
1608 2494 1712 2563 etiam
1731 2493 1851 2565 taber·

295 2631 371 2700 nae,
397 2610 545 2683 solvitur
570 2612 831 2701 praepositurae
859 2610 1075 2703 Kielcziensi,
1103 2619 1138 2689 et
1165 2613 1296 2685 ducunt
1322 2633 1398 2685 eam
1416 2612 1548 2683 incolae
1567 2614 1719 2704 propriis
1738 2613 1848 2684 curri-

300 2731 365 2802 bus
392 2731 428 2800 in
455 2731 618 2805 horreum
647 2751 668 2801 a
694 2733 893 2821 praeposito
920 2731 1102 2802 locandum
1121 2739 1157 2802 et
1174 2733 1272 2804 valor
1290 2733 1364 2804 eius
1381 2733 1586 2805 aestimatur
1604 2733 1650 2805 ad
1668 2733 1850 2805 duodecim

295 2871 451 2939 marcas;
477 2850 520 2922 de
547 2850 653 2923 certis
681 2857 797 2923 autern
824 2852 952 2943 campis
979 2850 1127 2943 percipit
1152 2853 1247 2924 illam
1274 2853 1455 2944 episcopus
1482 2852 1731 2925 cracoviensis.
1758 2853 1848 2925 Item

296 2971 334 3042 iu
361 2970 481 3043 eadem
508 2971 591 3042 villa
617 2993 686 3043 non
713 2977 769 3043 est
795 2971 935 3063 aliquod
961 2972 1151 3063 praedium,
1178 2974 1261 3045 item
1288 2995 1357 3045 uon
1385 2980 1439 3046 est
1465 2974 1710 3046 molendinum.

400 3091 582 3182 vavnua
609 3092 694 3165 villa
719 3093 785 3169 sub
812 3092 977 3183 parochia
1003 3093 1168 3165 ecclesiae
1195 3094 1238 3166 de
1264 3094 1457 3171 Panlow
1485 3096 1571 3184 sita,
1600 3095 1697 3166 cuius
1724 3095 1849 3167 haeres

295 3213 556 3285 Prandotha
582 3211 843 3304 Kouiuslry,
870 3213 997 3285 nobilis
1024 3213 1066 3285 de
1093 3217 1200 3287 armis
1227 3215 1367 3306 Rana,
1394 3217 1430 3286 in
1458 3236 1526 3306 qua
1553 3222 1635 3286 sunt
1662 3215 1730 3288 duo
1756 3215 1849 3287 lanei

295 3333 545 3424 umethonales,
572 3334 655 3405 item
690 3354 760 3409 una
795 3334 942 3406 taberna
976 3334 1108 3407 habens
1144 3357 1265 3426 agros,
1292 3337 1376 3408 item
1412 3357 1481 3407 uua
1517 3336 1715 3408 hortulanis
1741 3337 1848 3408 etiarn

296 3454 427 3535 habens
454 3475 567 3545 agros,
595 3454 638 3525 de
665 3454 790 3545 quibus
818 3455 976 3527 omnibus
1003 3455 1150 3531 solvitur
1168 3457 1302 3529 decima
1319 3458 1545 3548 manipularis
1563 3464 1600 3527 et
1618 3478 1681 3546 per
1699 3462 1849 3548 quatuor

295 3577 433 3666 ierugas
461 3576 634 3665 canapalis
662 3576 928 3667 praepositurae
954 3575 1159 3668 Kelcziensi,
1182 3584 1220 3650 et
1237 3578 1367 3655 ducunt
1385 3600 1460 3650 eam
1479 3578 1676 3649 cmetbcnes
1693 3578 1847 3668 propriis

294 3697 453 3770 curribus
480 3699 516 3768 in
543 3697 707 3772 horreum
733 3718 755 3768 a
780 3698 979 3787 praeposito
1006 3697 1188 3771 locandum
1207 3706 1243 3772 et
1261 3700 1360 3771 valor
1377 3701 1582 3771 aestimatur
1599 3699 1675 3770 eius
1694 3697 1739 3771 ad
1761 3698 1849 3771 duas

292 3838 445 3906 marcas;
472 3819 556 3889 item
581 3839 650 3890 uon
677 3823 731 3890 est
756 3816 935 3909 praedium
962 3817 1112 3891 militare
1138 3821 1174 3890 in
1192 3819 1276 3893 villa
1291 3819 1467 3910 praelata;
1484 3806 1572 3892 haec
1588 3819 1721 3891 decima
1739 3818 1845 3893 datur

295 3938 571 4028 vicepraeposito
598 3936 802 4010 Kelcziensi.

703 4201 1104 4308 vicepraepcsitura
1133 4202 1442 4307 ltyelczierrais.

351 4418 356 4427 “
398 4418 648 4513 Praepositura
674 4421 900 4495 Kielcziensis
927 4422 1034 4495 habet
1059 4422 1256 4514 habereque
1284 4424 1463 4496 consuevit
1488 4423 1656 4496 vicariurn
1683 4431 1847 4516 perpetu-

295 4566 353 4617 um
389 4545 462 4615 sive
498 4543 812 4636 vicepraepositum
848 4564 891 4617 ex
918 4543 1018 4615 bonis
1044 4544 1309 4636 praepositurae
1336 4544 1512 4637 dotatum,
1538 4546 1704 4619 vicariam
1730 4553 1847 4619 autern

293 4666 405 4758 ipsam
440 4665 514 4735 sive
549 4664 903 4755 vicepraepositnram
938 4664 1045 4737 habet
1076 4685 1167 4736 nunc
1203 4664 1368 4737 Nicolaus
1395 4665 1438 4736 de
1465 4663 1724 4739 chancziui
1749 4687 1847 4757 pres·

293 4786 414 4878 byter,
441 4785 539 4857 cuius
577 4785 699 4859 unicus
725 4784 873 4856 collator
899 4790 935 4856 et
961 4790 1128 4885 patronus
1155 4785 1376 4876 praepositus
1402 4784 1640 4878 Kyolcziensis
1667 4807 1731 4877 pro
1758 4792 1846 4859 tenr-

293 4927 389 4999 pore,
416 4925 503 4996 quae
530 4905 668 4997 quidem
694 4905 1014 4999 vicepraepositnra
1039 4906 1146 4978 habet
1172 4912 1362 4997 proventus
1389 4888 1638 4998 infrascriptos.

398 5025 610 5100 cznanuow
635 5025 773 5119 Musca
799 5026 884 5099 villa
910 5026 975 5101 sub
1001 5026 1170 5117 parochia
1195 5026 1362 5099 ecclesiae
1387 5026 1623 5119 Kyelcriensis
1649 5028 1727 5118 situ,
1748 5028 1846 5101 cuius

295 5148 490 5241 proprietas
526 5153 563 5220 et
588 5146 776 5222 dominium
810 5147 855 5221 ad
882 5147 1080 5238 episcopum
1107 5146 1370 5221 cracoviensem
1396 5147 1568 5239 pertinet,
1596 5148 1633 5220 in
1659 5168 1728 5241 qna
1753 5148 1847 5221 ultra

294 5290 356 5340 sex
383 5269 502 5340 laneos
529 5269 764 5341 amathonales
791 5267 836 5340 ad
854 5269 1053 5358 episcopum
1072 5266 1336 5340 cracoviensem
1353 5269 1579 5360 pertinentes,
1598 5275 1681 5341 sunt
1697 5269 1758 5343 alii
1776 5269 1846 5343 dno

295 5389 387 5465 lanei
420 5391 672 5481 crnethonnles,
699 5390 801 5480 pleno
832 5390 909 5465 iure
935 5389 981 5463 ad
1006 5389 1359 5482 vicepraeposituraru
1383 5390 1618 5483 pertinentes,
1643 5396 1680 5463 et
1702 5390 1848 5493 quilibet
