4050 6054
244 455 320 532 410

241 665 466 756 manipularis
492 664 754 754 praepositurae
780 661 988 755 Visliciensi,
1016 670 1052 737 et
1079 663 1212 738 ducunt
1232 684 1309 737 earn
1327 664 1528 738 emethones
1546 664 1700 758 propriis
1719 685 1806 749 cur-

242 789 339 860 ribus
373 789 410 857 in
444 788 608 857 horreum
643 806 665 856 a
699 786 898 876 praeposito
933 786 1114 858 locandum
1150 791 1186 857 et
1222 786 1361 859 solvont
1387 785 1554 858 decimam
1580 787 1706 878 canapi
1732 806 1804 878 per
1911 872 1912 876 Ἴ

242 913 391 998 quatuor
425 908 581 996 ierugas,
609 912 646 977 et
679 906 778 977 valor
811 905 964 977 decimae
999 906 1178 996 praefatae
1213 907 1419 979 aestimatur
1456 905 1500 978 ad
1536 912 1613 979 octo
1648 926 1802 998 marcas,

242 1027 427 1118 aliquando
454 1027 499 1097 ad
526 1026 661 1116 decem,
688 1046 932 1116 nonnunquam
959 1025 1003 1097 ad
1029 1026 1210 1098 duodecim
1236 1027 1292 1123 vel
1320 1026 1525 1118 quindecim.
1559 1027 1648 1099 item
1675 1032 1733 1098 est
1758 1028 1801 1098 in
1856 1082 1860 1095 .

242 1149 362 1220 eadern
397 1148 480 1219 villa
514 1167 585 1219 una
620 1146 856 1219 tantummodo
891 1145 988 1218 curia
1021 1145 1182 1219 militaris
1218 1128 1351 1220 hahens
1379 1168 1483 1237 agros
1508 1147 1723 1239 praediales,
1750 1147 1801 1220 de

242 1269 367 1360 quibus
392 1267 525 1339 decima
550 1266 776 1358 manipularis
802 1266 949 1338 solvitur
975 1266 1141 1339 ccclesiae
1166 1267 1358 1359 parochiali
1389 1267 1517 1340 ibidem
1535 1268 1571 1338 in
1588 1267 1800 1357 durham

242 1390 324 1460 item
360 1395 413 1459 est
438 1388 488 1460 ihi
513 1388 661 1460 taberna
686 1387 818 1459 habens
844 1408 948 1477 agros
974 1388 1142 1478 speciales
1167 1394 1204 1461 et
1231 1409 1253 1460 a
1290 1388 1564 1462 cmethonalibus
1590 1388 1801 1478 distinctos,

241 1510 325 1580 item
352 1513 433 1579 sunt
458 1508 507 1580 ibi
534 1513 682 1599 quatuor
707 1507 926 1579 hortulaniae
952 1508 1120 1580 habentes
1147 1528 1258 1600 agros,
1287 1508 1330 1581 de
1357 1509 1483 1600 quibus
1508 1509 1613 1580 etiam
1631 1508 1799 1583 omnihus

242 1630 387 1702 solvitur
423 1629 555 1700 decima
589 1628 814 1719 manipularis
849 1629 1050 1719 praeposito
1085 1628 1285 1702 Visliciensi
1311 1629 1348 1700 in
1372 1626 1600 1725 ponitbwam3
1626 1630 1712 1702 item
1738 1634 1801 1701 est

242 1751 291 1821 ihi
316 1748 558 1839 molendinum,
587 1748 647 1820 sed
674 1770 743 1820 non
769 1749 876 1822 habet
901 1769 1014 1840 agros,
1042 1750 1124 1822 item
1150 1750 1187 1821 in
1214 1749 1336 1821 eadem
1353 1750 1438 1822 villa
1456 1755 1538 1822 sunt
1555 1750 1663 1841 aliqui
1679 1750 1799 1841 campi

243 1871 485 1961 cmethonales,
512 1891 634 1942 versus
661 1870 778 1941 villam
800 1869 941 1942 Parsa
953 1870 1227 1943 lr·aszaczice
1253 1871 1321 1962 siti,
1339 1871 1440 1961 pauci
1458 1877 1586 1962 ιιιιιιι,
1604 1871 1799 1961 dequibus

242 1989 345 2061 datur
371 1990 504 2062 decima
530 1991 755 2080 manipularis
781 1990 999 2081 praebendae
1026 1990 1233 2083 Visliciensi,
1260 2012 1349 2083 quae
1376 1997 1523 2064 vocatur
1545 1991 1798 2085 Strosziczska,

242 2117 285 2181 et
313 2110 411 2183 valor
447 2112 522 2182 eius
558 2112 759 2182 aestimatur
795 2111 839 2182 ad
873 2111 1022 2183 mediam
1053 2132 1212 2183 marcam.
1252 2112 1341 2183 item
1367 2112 1609 2202 praepositura
1634 2111 1800 2202 praefata

241 2230 347 2301 habet
373 2231 510 2302 domum
538 2238 575 2303 et
601 2252 718 2303 aream
744 2238 949 2322 perpetuam
974 2232 1011 2303 in
1029 2231 1234 2304 Vislicia
1259 2253 1323 2324 pro
1343 2253 1406 2303 sna
1422 2232 1687 2323 inhabitatione,
1706 2233 1797 2305 item

240 2352 458 2441 praepositus
496 2340 641 2442 quilibet
675 2351 892 2422 Visliciensis
927 2358 1068 2423 tenetur
1102 2353 1282 2424 ecclesiam
1313 2352 1554 2425 Visliciensem
1582 2352 1625 2424 de
1652 2352 1730 2423 iure
1758 2357 1799 2425 et

240 2470 486 2542 consuetudine
513 2472 657 2561 antiqua
682 2470 865 2563 providere
892 2471 927 2542 iu
954 2472 1035 2542 vino
1062 2476 1098 2542 et
1125 2493 1213 2562 cera,
1241 2493 1329 2563 quae
1354 2494 1411 2545 res
1428 2479 1469 2544 ut
1487 2474 1561 2544 sine
1578 2452 1799 2564 negligentia

239 2591 448 2681 proveniret,
466 2590 671 2662 Vincentius
689 2588 928 2680 Kolboszo,
945 2597 1028 2662 tunc
1045 2593 1265 2682 praepositus
1282 2592 1510 2684 Visliciensis,
1529 2593 1646 2664 villam
1665 2591 1796 2687 Schy-

237 2711 511 2782 monowicze
537 2732 601 2802 pro
628 2732 716 2802 cero,
744 2711 912 2784 decimam
937 2733 1021 2783 vero
1049 2713 1084 2783 in
1110 2712 1301 2785 Jurkow
1327 2734 1391 2804 pro
1418 2715 1500 2787 vino
1528 2702 1698 2805 perp‘etuo
1715 2715 1796 2805 pri-

239 2831 416 2921 vilegiavit
451 2839 487 2903 et
522 2833 718 2923 inscripsit,
744 2832 788 2904 de
824 2854 891 2924 quo
918 2833 1068 2905 hahetur
1095 2834 1131 2904 in
1157 2834 1302 2906 ecclesia
1328 2833 1530 2907 Visliciensi
1556 2834 1795 2925 privilegium.

235 2949 324 3022 item
359 2953 600 3042 praepositura
634 2951 754 3043 praela
754 2957 793 3024 ta
826 2954 933 3024 habet
917 2957 1046 3043 tprat
1048 2975 1104 3024 um
1139 2954 1313 3026 bonum
1303 2976 1339 3025 m
1375 2954 1592 3026 haereditate
1629 2955 1793 3027 custodis

234 3070 449 3144 Visliciensis
476 3072 591 3145 Ghot
600 3074 650 3164 cl,
678 3072 770 3167 quod
796 3073 991 3163 appellatur
1016 3073 1329 3165 Proboszczowka,
1356 3075 1454 3147 cuius
1481 3075 1581 3147 valor
1607 3075 1652 3146 ad
1678 3095 1789 3215 unam

238 3211 445 3283 sexagenam
472 3195 684 3266 aestimatur.

336 3311 423 3385 Item
449 3314 692 3405 praepositura
716 3314 873 3405 praefata
900 3315 998 3387 iuxta
1015 3316 1158 3406 antiqua
1175 3320 1211 3386 et
1228 3336 1318 3387 nova
1335 3321 1452 3406 regest
1452 3337 1491 3387 ro
1509 3321 1631 3387 taxata
1647 3296 1784 3415 est.

1658 3538 1675 3559 .=
1690 3506 1760 3573 ιιι-ιι
1767 3522 1800 3561 'a'

803 3681 1215 3787 vicepraepoaitura.
1496 3766 1501 3773 ,
1587 3760 1654 3813 m-
1656 3734 1831 3847 ,a

335 3919 665 4013 Vicepraepositura
691 3919 917 4011 Visliciensis,
935 3942 998 3993 seu
1016 3921 1147 3993 vicaria
1164 3924 1333 4012 perpetua
1350 3920 1551 4012 praepositi,
1569 3940 1673 4011 quam
1668 3870 1843 3995 unffi

215 4041 369 4127 ,obtinet
401 4041 425 4113 J
435 4042 635 4113 ohannes
670 4041 713 4113 dc
749 4041 988 4133 Casimiria,
1015 4063 1036 4112 a
1071 4042 1270 4133 praeposito
1232 4040 1504 4114 tVisliciensi
1534 4062 1599 4132 pro
1624 4046 1786 4133 tempore

234 4161 423 4253 dependet,
450 4162 548 4234 cuius
578 4162 654 4253 ipsc
680 4162 899 4252 praepositus
925 4161 1048 4233 unicus
1075 4168 1130 4232 est
1156 4161 1302 4233 collator
1327 4167 1364 4233 et
1390 4167 1575 4253 patronus,
1601 4181 1690 4253 quae
1716 4172 1783 4253 pio

232 4283 286 4355 sui
312 4282 489 4357 dotatione
514 4283 622 4355 hahet
648 4283 814 4354 decimam
840 4282 1089 4373 manipularem
1117 4284 1153 4353 in
1179 4281 1519 4372 Charzowicze,
1546 4286 1584 4352 et
1609 4281 1722 4353 altare
1747 4280 1785 4355 S.

232 4402 447 4495 catherinae,
474 4404 586 4477 eidem
613 4403 951 4494 vicepraepositurae
978 4424 1020 4475 en
1048 4403 1194 4495 nomine,
1212 4408 1274 4475 aut
1290 4401 1393 4474 alteri
1410 4402 1611 4492 cuicumque
1629 4400 1784 4477 viooiiae

233 4523 433 4597 Visliciensi
459 4545 640 4597 annexum.

334 4644 636 4737 Gsnszowrczs,
663 4645 745 4717 villa
772 4644 837 4717 sub
863 4641 1029 4735 parochia
1055 4643 1219 4716 ecclesiae
1246 4643 1289 4716 de
1316 4642 1543 4715 Sokoliua
1570 4644 1655 4735 sita,
1678 4644 1782 4717 caius

229 4767 353 4839 haeres
379 4766 506 4839 Petrus
532 4765 877 4858 Ugyeszdczky,
906 4764 1033 4836 nobilis
1060 4763 1103 4835 de
1130 4763 1231 4837 domo
1257 4764 1516 4855 Druszyno,
1542 4764 1579 4834 in
1606 4784 1675 4855 qua
1700 4768 1784 4839 sunt

228 4893 380 4979 quatuor
404 4886 498 4957 lanei
523 4886 765 4977 cmethonales,
791 4886 873 4957 item
900 4884 989 4956 duae
1014 4883 1234 4957 hortulaniae
1259 4884 1428 4957 habentes
1454 4905 1569 4975 agros,
1594 4882 1783 4976 dequibus

230 5008 388 5081 omnihus
425 5006 573 5079 solvitur
600 5005 732 5078 decima
756 5004 983 5096 manipularis
1009 5005 1286 5096 vicepraeposito
1313 5003 1512 5076 Visliciensi
1539 5009 1576 5078 et
1600 5025 1664 5095 per
1689 5024 1782 5078 cmc-

228 5128 353 5203 thones
379 5129 531 5221 propriis
563 5129 723 5200 curribus
749 5127 924 5199 ducitur
914 5149 950 5198 m
976 5127 1140 5198 horreum
1167 5148 1190 5198 a
1215 5126 1488 5218 vicepraeposito
1514 5125 1717 5215 locandum,
1743 5132 1782 5198 et

229 5248 370 5323 solvunt
404 5249 571 5322 decimam
606 5250 730 5341 canapi
764 5268 829 5340 per
863 5254 1015 5340 quatuor
1049 5249 1187 5339 ierogas
1213 5254 1250 5320 et
1277 5248 1375 5320 valor
1401 5247 1477 5319 eius
1504 5247 1709 5319 aestimatur
1733 5246 1782 5355 ad

229 5376 378 5461 promor
399 5390 543 5444 marcas.
569 5371 683 5442 Item
672 5392 710 5442 m
728 5369 848 5442 eadem
866 5369 951 5443 villa
967 5376 1024 5442 est
1040 5390 1145 5441 ιιιιι
1163 5368 1402 5443 tantummodo
1420 5366 1599 5459 praedium
1617 5332 1782 5457 militare,
