4050 6054
235 755 404 815 Praebendo
427 758 527 830 quinto
550 756 749 828 Opotonionsis
801 799 809 814 .

324 907 339 940 ῃ
428 867 510 918 sexta
650 907 665 937 „

234 962 396 1020 Proventus
418 965 448 1021 in
470 965 613 1022 communi
685 1005 692 1019 .

234 1066 385 1138 Hospiiale
409 1067 600 1138 Opaiovionse
688 1108 694 1122 .

234 1269 270 1336 S.
294 1268 429 1355 Georgii
453 1271 485 1333 in
510 1273 622 1332 casino
682 1314 689 1328 .

235 1477 405 1537 Praebenda
426 1479 519 1550 prima
541 1477 569 1536 S.
593 1477 710 1549 Georgii
799 1520 806 1534 .

325 1626 342 1660 „
429 1580 555 1639 secunda
631 1626 647 1661 η

324 1729 340 1763 „
428 1685 516 1743 tertio
630 1729 645 1764 ῃ

323 1831 339 1865 „
429 1791 532 1859 quarto
632 1832 648 1866 ῃ

233 1982 269 2048 8.
293 1952 425 2072 aegidii
449 1986 515 2051 sub
539 1989 653 2051 casino
699 2035 707 2051 .
803 2032 812 2050 .

235 2194 374 2253 Custodia
461 2240 469 2256 .
575 2241 583 2257 .

235 2298 405 2358 Praebenda
427 2301 581 2360 Sodowsko

325 2449 340 2483 „
429 2404 561 2463 Gorooka
687 2446 694 2460 .

324 2553 339 2587 ῃ
428 2507 590 2583 Prednicko
690 2551 697 2566 .

234 2710 475 2775 Tannoviensis
571 2759 578 2773 .

232 2922 437 2995 Praepositum
459 2923 662 2981 annovicnsis
686 2968 693 2982 .

231 3025 505 3100 Vieeprnopositura
565 3073 581 3107 „

232 3130 370 3190 Custodia
393 3132 595 3190 Tornovionsis
690 3175 698 3190 .
803 3174 811 3190 .
915 3174 923 3188 .
1028 3173 1035 3187 .

231 3233 433 3293 Vioecusiodia
561 3280 577 3315 „

231 3338 370 3398 Cantoria
563 3384 580 3419 „

231 3440 433 3499 Viceoantorio
558 3487 574 3520 „

231 3542 401 3601 Praebenda
423 3544 451 3604 S.
476 3543 588 3603 Mariae
611 3543 647 3600 de
670 3544 773 3603 Casino
800 3589 807 3604 .
912 3588 919 3604 .

232 3645 400 3703 Praebenda
421 3645 450 3708 S.
474 3646 687 3705 Bartholomaoi

320 3795 337 3829 „
425 3750 590 3809 Zukowskn
688 3794 696 3809 .
801 3794 807 3810 .

230 3854 312 3912 Bona
333 3855 506 3914 vicariorum
528 3857 558 3914 in
580 3857 722 3914 communi
799 3901 808 3918 .
913 3900 920 3914 .

231 4057 321 4124 Bona
344 4059 509 4125 ecciesiae
532 4057 755 4138 Gneznensis‚
778 4064 808 4122 in
830 4062 956 4122 dioecesi
978 4061 1161 4122 cracoviensi
1250 4104 1257 4119 .
1362 4104 1369 4119 .

230 4266 320 4332 Bona
344 4268 559 4352 episcopatus
582 4267 877 4335 wladislaviensia
904 4276 934 4333 in
957 4273 1081 4333 dioecesi
1105 4272 1288 4332 cracoviensi
1362 4316 1369 4330 .

230 4473 320 4540 Bona
345 4476 518 4541 Pioccnsis
540 4478 706 4542 ecciesiae
728 4482 758 4540 in
781 4480 906 4542 dioecesi
929 4481 1113 4542 Cracoviensi

229 4681 319 4748 Bona
343 4685 557 4769 episcopatus
581 4685 791 4751 lubucensie
814 4692 844 4749 in
867 4691 992 4749 dioecesi
1015 4691 1200 4750 cracoviensi
1246 4735 1252 4751 .

227 4895 378 4969 Hospitale
401 4897 593 4971 Opotovionse
681 4943 689 4958 .
794 4941 802 4958 .
976 4951 979 4957 .

227 4999 436 5059 Monasterium
458 5000 580 5060 fratrum
603 5003 751 5060 Minorem
773 5002 808 5059 de
831 5001 1022 5060 Observantia
1043 5004 1073 5060 in
1096 5003 1214 5075 opanow
1245 5044 1251 5059 .
