4050 6054
235 461 309 530 564

231 684 320 755 quae
355 664 422 735 sibi
458 683 522 754 pro
557 682 673 733 annuo
710 682 816 733 censu
848 667 885 731 et
920 660 1048 732 solario
1083 679 1147 750 per
1174 659 1333 731 consules
1358 658 1612 732 Sandeczenses
1638 658 1686 731 do
1712 652 1798 733 inre

231 792 268 856 et
303 784 486 875 privilegio
523 784 651 855 debent
687 782 784 853 solvi.
828 780 958 852 Paulus
990 781 1081 851 enim
1108 786 1263 852 murator
1298 788 1382 852 tunc
1417 778 1534 852 consul
1570 778 1798 853 smum-

232 905 299 994 sis,
326 925 369 975 ne
405 902 619 994 praedicatio
647 902 816 972 almanica
842 902 878 972 in
905 900 1053 974 ecclesia
1079 900 1306 972 Sandeczensi
1334 905 1506 991 cessaret,
1533 901 1618 973 emit
1643 898 1690 972 de
1717 900 1796 991 pri·

232 1030 315 1096 vata
351 1031 388 1095 et
424 1022 660 1095 haereditaria
694 1021 841 1112 pecunia
876 1022 992 1093 villam
1029 1021 1157 1108 dictam
1192 1020 1555 1127 Zelaszny-kowa
1589 1041 1654 1111 pro
1690 1026 1795 1092 certa

235 1144 402 1236 pecuniae
437 1143 651 1234 quantitate,
678 1142 714 1214 in
742 1164 811 1232 qua
838 1149 891 1214 est
917 1142 1062 1213 ecclesia
1086 1141 1297 1232 parochialis
1323 1141 1456 1232 lignea,
1484 1162 1572 1232 quae
1598 1141 1685 1214 villa
1711 1146 1796 1214 erat

234 1264 405 1357 militaris,
433 1270 468 1335 et
495 1284 597 1354 quam
625 1262 882 1335 Gasimirus
910 1262 1048 1333 Tertius
1075 1261 1241 1333 Poloniae
1267 1284 1338 1352 rex,
1364 1262 1469 1354 plena
1486 1262 1663 1335 libertavit
1681 1262 1795 1335 liber-

232 1392 323 1474 tato,
350 1390 386 1456 et
412 1404 514 1474 quam
550 1383 728 1474 praelatus
754 1382 884 1453 Paulus
911 1388 1068 1454 murator
1095 1370 1283 1455 donatione
1309 1388 1479 1474 perpetua
1505 1389 1542 1454 et
1566 1382 1794 1458 irrevocabili

126 1548 131 1554 ·
232 1507 268 1576 in
295 1505 545 1595 proprietatem
572 1510 610 1575 et
637 1511 768 1575 sortem
794 1503 926 1574 civitati
954 1503 1100 1574 contulit
1125 1503 1364 1593 Sandeczensi‚
1391 1505 1455 1576 sub
1474 1524 1520 1575 ea
1533 1510 1649 1575 tamen
1667 1503 1794 1576 condi·

235 1626 340 1714 tione,
366 1631 406 1696 ut
432 1623 630 1696 consulatus
657 1623 903 1696 Sandeczensis
921 1624 1057 1696 ratione
1075 1623 1178 1695 villae
1196 1625 1396 1714 praedictae
1414 1624 1442 1694 Z
1452 1624 1492 1696 el
1503 1624 1748 1716 asznykow
1759 1646 1795 1715 a,

237 1746 352 1818 solvat
378 1744 612 1836 praedicatori
640 1744 879 1817 Theutonicali
910 1744 1009 1816 annis
1035 1745 1180 1834 singulis
1208 1745 1324 1816 decem
1351 1766 1505 1835 marcas,
1532 1745 1796 1820 miserabilibus

159 1892 162 1899 ·
233 1886 317 1938 vero
344 1865 502 1957 personis
529 1866 565 1936 in
591 1865 756 1955 hospitali
782 1864 1012 1936 Sandeczensi
1039 1866 1252 1955 degentibus,
1280 1865 1425 1956 singulis
1451 1865 1654 1957 septimanis
1672 1867 1797 1939 solvat

234 1988 321 2058 duos
347 2007 498 2077 grossos,
525 2007 568 2057 ea
594 1986 698 2057 etiam
726 1985 924 2058 conditione
951 1985 1120 2076 apposita,
1137 1991 1177 2058 ut
1195 1986 1225 2057 si
1244 1986 1360 2077 aliquo
1379 1986 1523 2059 sinistro
1542 1992 1669 2058 eventu
1688 2007 1797 2078 prae·

235 2106 405 2178 dicatoria
427 2105 685 2177 Thentonicalis
704 2105 740 2176 in
767 2105 913 2177 ecclesia
930 2105 1159 2178 Sandeczensi
1171 2106 1362 2196 desineret,
1380 2106 1495 2178 dictae
1513 2106 1631 2178 decem
1649 2126 1798 2179 marcae

235 2248 298 2318 per
324 2227 483 2298 consules
510 2226 764 2298 Sandeczenses
791 2227 826 2297 in
854 2227 969 2297 dotem
997 2227 1078 2299 novi
1105 2226 1227 2298 altaris
1254 2247 1318 2318 per
1344 2248 1403 2300 eos
1432 2228 1467 2299 in
1494 2226 1641 2299 ecclesia
1657 2226 1799 2300 Soude-

234 2349 348 2420 czensi
376 2346 541 2437 erigendi,
569 2347 699 2418 debent
724 2346 902 2438 applicari,
929 2347 1085 2419 converti
1112 2353 1149 2418 et
1175 2347 1355 2438 assignari.
1721 2342 1726 2349 ’

338 2466 546 2539 Polonicalis
573 2473 689 2538 autem
716 2467 936 2558 praedicator
962 2468 1105 2540 dotatus
1123 2474 1177 2540 est
1194 2469 1308 2540 tribus
1326 2469 1472 2558 marcis;
1498 2468 1678 2542 Dorothea
1697 2468 1799 2541 euim

235 2589 397 2660 Sorwacii
425 2588 510 2659 civis
537 2587 797 2678 Sandeczensis,
825 2589 947 2661 relicto
974 2589 1117 2679 praedio
1144 2596 1225 2662 ante
1252 2588 1458 2661 Sandecz
1485 2595 1660 2679 coempto,
1686 2608 1801 2682 prae-

236 2711 364 2781 dictam
392 2708 680 2799 praedicatorinm
707 2708 938 2781 Polonicalem
966 2710 1112 2800 dotavit,
1139 2711 1334 2801 danturque
1361 2710 1593 2802 praedicatori
1619 2709 1664 2783 de
1692 2710 1797 2787 dicto

235 2829 379 2921 praedio
405 2831 506 2901 annis
534 2829 679 2921 singulis
706 2835 780 2902 tres
806 2849 953 2901 marcae.

340 2950 490 3022 Thomas
524 2952 658 3041 primus
685 2948 925 3022 Gracovionsis
961 2950 1143 3043 episcopus
1179 2950 1376 3042 intelligens
1403 2951 1666 3024 universitatem
1695 2954 1800 3028 rica·

236 3072 366 3142 riorum
401 3070 690 3142 Sandeczensium
726 3078 848 3143 tenues
884 3077 920 3143 et
955 3092 1078 3162 parum
1113 3071 1325 3144 sufficientes
1360 3072 1490 3144 habere
1516 3079 1729 3166 proventus,
1756 3082 1800 3148 et

107 3188 111 3195 “
237 3192 356 3263 volens
394 3190 573 3264 ecclesiam
610 3192 828 3282 collegiatam
861 3191 1133 3264 Sandeczensem
1169 3193 1312 3264 solidius
1340 3192 1516 3283 stabilire,
1543 3195 1800 3269 communitate

236 3312 479 3402 capitularium
516 3311 794 3384 Gracoviensinm
831 3313 975 3386 consilio
1010 3319 1047 3385 et
1081 3335 1250 3385 consensu
1282 3314 1425 3386 donavit
1451 3313 1616 3405 praelatis
1646 3314 1799 3390 vicariis

236 3434 528 3506 Sandeczensibus
564 3434 749 3505 donatione
783 3439 952 3525 perpetua
983 3440 1019 3505 et
1050 3434 1270 3507 irrevocabili
1297 3435 1340 3507 de
1367 3456 1485 3507 mensa
1512 3456 1575 3506 sua
1600 3436 1800 3529 episcopali

234 3564 308 3626 tres
344 3556 495 3627 decimas
530 3555 763 3645 manipulares
799 3556 835 3627 in
871 3555 962 3627 villis
993 3555 1205 3647 Zawada,
1241 3555 1545 3648 Nawoyowka
1578 3554 1729 3631 Parra
1754 3566 1799 3632 et

235 3676 518 3767 Kamyonka,
554 3676 597 3747 de
633 3698 700 3766 quo
736 3677 904 3767 praefatis
940 3676 1079 3748 vicariis
1115 3675 1410 3749 Sandeczensibus
1447 3676 1543 3749 dedit
1568 3677 1797 3770 privilegium

236 3818 299 3867 suo
334 3802 370 3867 et
406 3797 550 3886 capituli
585 3796 826 3868 Oracoviensis
861 3797 983 3886 sigillis
1019 3789 1208 3887 munitum,
1235 3797 1392 3889 obligans
1424 3818 1484 3870 eos
1512 3798 1557 3870 ad
1583 3803 1796 3890 perpetuom

236 3917 511 3988 anniversarium
538 3917 573 3989 in
601 3917 657 3990 die
685 3917 800 3990 obitus
828 3917 900 4008 sni,
927 3917 1096 4008 vigesima
1122 3918 1284 3991 videlicet
1319 3919 1432 4009 prima
1467 3919 1699 4010 Septembris,
1727 3942 1798 4013 per

237 4059 360 4109 novem
387 4037 573 4110 lectionum
600 4038 737 4130 vigilias
764 4043 801 4109 et
827 4059 890 4128 per
917 4038 1057 4110 missam
1082 4038 1321 4111 defunctorum
1349 4060 1476 4111 sonora
1501 4060 1585 4112 voce
1602 4039 1798 4114 decantau-

236 4160 325 4249 dam,
344 4159 523 4251 agendum.
551 4158 703 4253 Quarum
722 4159 860 4250 quidem
879 4159 1089 4231 decimarum
1116 4160 1198 4232 talis
1225 4144 1333 4232 extat*
1349 4160 1511 4251 conditio,
1537 4160 1628 4233 lacta
1650 4160 1797 4235 vicariis

237 4281 279 4351 A.
306 4281 347 4352 Ι).
379 4282 487 4353 1459.

341 4401 528 4491 annnA,
555 4401 638 4473 villa
664 4402 729 4475 sub
756 4402 923 4493 parochia
948 4402 1115 4475 ecclesiae
1142 4403 1185 4474 de
1211 4401 1338 4475 Nova
1364 4402 1568 4475 Sandecz
1593 4402 1673 4493 sita,
1690 4404 1798 4477 cuins

236 4522 405 4595 haeredes
431 4520 559 4594 Petrus
586 4529 623 4594 et
647 4522 820 4613 Nicolaus‚
847 4523 981 4596 nobiles
1008 4523 1051 4596 de
1078 4523 1184 4594 armis
1211 4523 1523 4613 Antiquornm
1550 4522 1797 4617 Equorum,

236 4647 272 4716 in
300 4665 369 4735 qua
395 4650 476 4716 sunt
503 4665 625 4715 novem
653 4644 743 4716 lanei
771 4645 1015 4735 emethonales‚
1042 4645 1086 4716 de
1113 4644 1238 4735 quibus
1265 4645 1412 4716 solvitur
1438 4643 1573 4716 decima
1597 4644 1798 4736 manipula·

237 4766 287 4836 ris
314 4770 351 4836 et
377 4785 440 4856 per
466 4770 616 4857 quatuor
643 4765 782 4856 ierugas
809 4766 985 4857 canapalis
1004 4765 1142 4838 vicariis
1160 4765 1463 4855 Sandcczensibus,
1482 4770 1518 4836 et
1533 4770 1697 4838 tenentur
1714 4786 1796 4839 eam

236 4887 363 4960 ducere
389 4887 591 4959 emethones
618 4887 771 4979 propriis
798 4888 956 4959 curribus
983 4887 1019 4957 in
1046 4888 1209 4959 horreum
1228 4906 1250 4958 a
1268 4886 1406 4959 vicariis
1424 4886 1619 4977 locandum,
1638 4893 1675 4959 et
1690 4886 1797 4961 valor

236 5009 442 5080 aestimatur
477 5007 552 5080 eins
582 5007 626 5079 ad
653 5014 728 5080 tres
755 5028 899 5080 marcas.
938 5008 1026 5079 Item
1053 5008 1240 5097 tabernae,
1267 5006 1364 5080 item·
1377 5006 1598 5079 hortulaniae
1623 5006 1696 5079 illic
1722 5030 1797 5082 nou

235 5128 423 5219 habentur;
459 5127 541 5201 item
578 5134 633 5201 est
669 5129 717 5200 ibi
752 5128 933 5221 praedium
959 5128 1096 5198 unicum
1123 5127 1292 5219 militare,
1319 5126 1363 5200 de
1390 5148 1457 5219 quo
1484 5127 1631 5200 solvitur
1657 5126 1798 5203 decima

236 5249 464 5346 manipularis
504 5272 546 5324 ex
583 5250 725 5346 antiqno
761 5248 902 5323 vicariis
939 5247 1254 5339 Sandeczensibus3
1290 5249 1374 5322 item
1409 5247 1493 5320 villa
1527 5238 1688 5347 praefata
1720 5270 1796 5323 non
