4050 6054
250 320 421 436 'ra‘

300 572 562 663 praepositurae
580 566 801 642 Gracoviensi
829 567 977 641 sedecim
996 573 1126 643 scottos
1144 590 1209 663 pro
1232 589 1351 659 ceusu3
1378 568 1462 643 item
1480 567 1566 645 duos
1584 568 1658 645 dies
1683 570 1721 645 iu
1738 568 1855 664 septi·

299 714 402 764 mana
419 692 564 782 quilibet
581 690 712 762 habens
729 690 875 778 laneum,
893 692 1035 780 proprio
1049 712 1158 763 curru
1185 698 1247 764 aut
1266 699 1386 763 aratro
1404 697 1544 763 tenetur
1560 691 1731 765 laborare
1755 691 1853 765 Item

300 812 529 902 quadraginta
547 830 612 881 ova
630 815 666 881 et
683 809 770 881 duos
789 830 936 901 capones
955 811 1052 900 dare,
1071 811 1236 883 ducturas
1253 810 1367 883 lacere
1385 811 1517 903 absque
1534 811 1590 882 die
1616 811 1653 883 in
1679 811 1851 901 Lelorr,

296 910 500 1001 llzierzkbw
518 935 554 1000 et
571 928 617 999 ad
633 928 866 1000 molendinum
888 934 925 1000 et
943 929 1046 1020 alias,
1064 951 1131 1022 quo
1149 931 1380 1004 necessarium
1399 931 1513 1013 fuerit
1548 933 1637 1004 Item
1655 931 1850 1006 (111101101-

297 1048 460 1139 tulaniae,
479 1068 567 1139 quae
584 1067 724 1119 censum
741 1069 811 1119 non
825 1049 977 1140 solvunt,
996 1051 1057 1122 sed
1075 1072 1180 1122 unum
1194 1051 1285 1122 diem
1298 1051 1334 1121 in
1347 1052 1542 1141 septimana
1554 1052 1734 1144 pedestres
1745 1051 1849 1125 labo-

226 1213 230 1229 ·
296 1175 377 1242 rant
402 1174 439 1240 et
465 1173 610 1239 currunt
636 1187 713 1238 cum
739 1167 867 1239 litteris
894 1168 938 1241 ad
965 1171 1115 1260 spatium
1143 1171 1293 1262 quiaque
1324 1171 1561 1244 miliariorum.
1588 1171 1677 1243 Item
1692 1175 1776 1244 suut
1793 1171 1849 1245 ibi

298 1291 386 1363 duae
403 1289 570 1359 tabernae
588 1287 756 1359 habentes
779 1308 891 1378 agros,
919 1309 1064 1380 quarum
1082 1291 1278 1380 proprietas
1296 1290 1341 1361 ad
1358 1290 1543 1380 plebanum
1560 1291 1597 1362 in
1614 1289 1848 1391 Droclrlin

295 1410 460 1501 pertinet,
479 1428 624 1498 quarum
642 1427 711 1478 una
729 1406 833 1481 solvit
850 1407 997 1497 plebano
1016 1430 1080 1500 pro
1094 1430 1198 1481 censu
1212 1430 1316 1481 unam
1333 1431 1498 1500 marcam,
1517 1410 1588 1481 alia
1604 1416 1683 1482 octo
1701 1415 1849 1483 scottos

293 1529 383 1600 Item
400 1525 580 1617 praedium
598 1532 652 1598 est
669 1526 719 1598 ibi
736 1528 927 1617 praepositi
945 1534 981 1599 et
999 1530 1107 1617 curia,
1135 1529 1178 1600 de
1196 1528 1293 1599 cuius
1311 1531 1405 1619 agris
1423 1531 1571 1603 solvitur
1583 1529 1716 1602 decIma
1732 1529 1849 1601 eecle-

296 1649 368 1721 siae
386 1646 577 1738 parochiali
595 1646 631 1716 in
658 1646 904 1737 Droehliu,
930 1655 967 1719 et
993 1654 1047 1720 est
1065 1648 1231 1738 amplum3
1257 1648 1326 1720 duo
1352 1649 1514 1721 videlicet
1539 1649 1632 1720 lanei
1657 1649 1693 1720 in
1719 1669 1849 1739 campo

295 1766 533 1841 Zabrodze
560 1773 596 1838 et
621 1766 763 1856 Niwa,
789 1767 904 1839 etalii
922 1766 990 1839 duo
1008 1768 1136 1841 ibidem
1154 1768 1284 1840 deserti
1303 1769 1338 1839 iu
1356 1769 1573 1858 Brzesze;
1599 1768 1785 1842 traslanei
1805 1768 1848 1840 in
1978 1844 1981 1849 ,

295 1886 548 1977 Przeczky,
580 1884 647 1957 duo
673 1886 765 1957 lanei
791 1887 827 1957 in
855 1886 1333 1977 Wirzbiolek,.Niwa‚
1360 1910 1449 1960 unus
1475 1888 1597 1961 laneus
1623 1909 1722 1961 secus
1747 1889 1848 1961 1111111

292 2007 546 2096 Lelorieusem,
573 2027 660 2078 unus
687 2007 807 2078 laneus
825 2007 918 2080 inter
936 2007 1169 2080 emetbouales
1187 2007 1305 2079 laneos
1319 2007 1432 2079 dictus
1445 2008 1725 2099 Nanagouin.
1751 2007 1847 2081 Item

293 2149 433 2219 campus
447 2146 591 2217 mugnus
609 2126 645 2196 in
667 2125 934 2218 Syedliska,
952 2129 988 2199 iu
1008 2149 1076 2219 quo
1094 2133 1232 2199 centum
1250 2126 1348 2198 chori
1366 2129 1589 2201 seminantur.
1616 2129 1704 2200 Item
1720 2148 1847 2201 omnes

293 2249 384 2321 lanei
401 2248 597 2339 praediales
625 2251 661 2317 et
692 2247 769 2337 agri
794 2245 943 2337 praefati
974 2247 1114 2319 solvunt
1140 2246 1308 2318 decimam
1334 2248 1584 2339 manipularem
1611 2247 1778 2320 eeclesiae
1806 2248 1845 2320 in

292 2367 527 2439 Droehliu.
571 2366 660 2436 Item
694 2387 813 2438 omnes
855 2366 931 2456 agri
957 2368 1182 2439 tabernarum
1222 2367 1362 2439 solvunt
1397 2367 1565 2440 decimam
1589 2366 1847 2458 manipularem

297 2475 462 2559 ecclesiae
480 2489 516 2559 in
534 2486 773 2559 Droehliu.
799 2485 888 2557 Item
909 2506 1027 2558 omnes
1053 2486 1144 2558 lanei
1166 2487 1400 2559 cmethonales
1425 2487 1564 2560 solvunt
1588 2493 1627 2560 et
1645 2486 1849 2563 conducunt
1871 2520 1877 2527 ·

273 2606 460 2712 xdecimam
479 2606 729 2695 manipularem
761 2611 797 2676 et
822 2625 884 2694 per
911 2625 971 2676 sex
1002 2594 1179 2678 iuncturas
1206 2605 1406 2697 canapalem
1433 2607 1696 2697 praepositurae
1713 2598 1875 2683 0110011-

295 2729 406 2799 viensi
428 2732 465 2799 et
482 2726 581 2799 valor
597 2726 671 2798 eius
690 2724 734 2797 ad
748 2724 927 2797 duodecim
944 2746 1078 2797 marcas
1096 2727 1310 2798 aestimatur.
1335 2727 1424 2799 Item
1442 2726 1609 2817 plebanus
1627 2726 1734 2799 babet
1757 2722 1853 2819 μή
1871 2708 1890 2743 ⁷¹
1967 2726 1982 2763 ’

293 2848 389 2939 prios
407 2867 520 2937 agros,
537 2847 674 2918 laneum
693 2866 813 2935 unum,
831 2852 911 2935 post
927 2846 1090 2920 horreum
1117 2853 1155 2918 et
1177 2846 1346 2917 Niwam
1374 2847 1410 2917 in
1428 2846 1724 2938 Wyrzborclr.
1749 2844 1845 2920 Itan

295 2969 540 3040 confinatcum
558 2965 649 3038 villis
677 2964 1044 3058 Conyeczpolye,
1071 2964 1344 3057 Podlyesne‚
1370 2966 1560 3059 Byalya,
1586 2964 1844 3039 Sbiczicaa

397 3088 626 3177 Bradanum,
642 3086 727 3157 villa
743 3087 808 3158 sub
826 3085 992 3176 parocbia
1022 3084 1188 3157 ecclesiae
1219 3085 1262 3157 de
1292 3085 1598 3158 Dzerzszkow
1628 3086 1711 3177 sita,
1741 3087 1844 3159 cuius

293 3207 461 3280 haeredes
495 3206 779 3298 Nyemyerza
804 3204 981 3278 lohannes
1007 3213 1044 3277 et
1070 3205 1263 3278 Stauislaus
1288 3205 1453 3296 germani,
1480 3205 1613 3277 nobiles
1639 3205 1841 3296 degenere

293 3327 643 3399 Prawditarum.
669 3327 710 3397 In
738 3347 806 3417 qua
832 3331 913 3396 sunt
940 3325 1031 3396 lanei
1050 3325 1297 3415 cmethouales,
1311 3325 1354 3397 de
1381 3324 1505 3415 quibus
1532 3324 1680 3397 solvitur
1705 3324 1842 3417 decima
1910 3412 1915 3421 1

293 3446 517 3537 manipularis
548 3453 585 3518 et
618 3467 682 3535 per
709 3452 857 3536 quatuor
885 3446 1022 3534 ierugas
1058 3446 1233 3535 canapalis
1259 3446 1521 3535 praepositurae
1549 3444 1771 3517 cracoviensi
1789 3424 1843 3519 ''et

293 3567 423 3640 ducunt
448 3588 523 3638 eam
552 3566 750 3638 cmethones
776 3565 927 3656 propriis
955 3565 1113 3638 curribus
1132 3567 1168 3637 in
1186 3566 1350 3638 horreum
1376 3586 1398 3636 a
1423 3566 1622 3655 praeposito
1640 3564 1841 3656 locandum3

152 3744 161 3751 ,
292 3689 388 3759 cuius
415 3687 513 3759 valor
538 3687 744 3759 aestimatur
769 3685 814 3757 ad
833 3686 950 3757 decem
976 3706 1120 3757 marcas.
1146 3685 1234 3756 Item
1261 3686 1420 3774 taberna,
1439 3685 1522 3756 item
1535 3684 1727 3774 hortulani,
1752 3685 1841 3757 item

291 3815 345 3880 est
362 3809 411 3879 ibi
424 3809 603 3897 praedium
618 3806 777 3897 militare,
792 3805 835 3878 de
849 3828 916 3898 quo
931 3805 1063 3877 decima
1076 3805 1302 3896 manipularis
1320 3805 1485 3877 ecclesiae
1502 3805 1538 3876 in
1555 3804 1673 3876 Dzer
1685 3804 1840 3878 zslrow

293 3928 484 4018 parochiali
502 3926 649 3999 solvitur
680 3933 717 3997 et
743 3920 826 3997 eius'
843 3926 942 3998 valor
960 3926 1003 3997 ad
1023 3931 1172 4016 quatuor
1189 3946 1323 3997 marcas
1342 3925 1555 3997 aestimatur.

395 4047 600 4135 anosrnu,
627 4047 711 4117 villa
727 4048 791 4117 sub
810 4047 975 4135 parocbia
993 4045 1157 4116 eeclesiae
1176 4045 1218 4115 de
1236 4045 1408 4115 Przelank
1435 4046 1517 4135 sita,
1544 4044 1641 4117 cuius
1667 4042 1840 4117 haeredes

291 4161 1331 4256 PraudothadedomoSrzenyawaetGoworek
1354 4165 1396 4235 de
1416 4164 1679 4236 dumeltuna
1705 4163 1837 4255 lnqua
1910 4171 1913 4177 '

291 4291 373 4357 sunt
389 4283 481 4355 lanei
508 4283 754 4372 curethonales,
781 4286 823 4356 de
843 4285 966 4376 quibus
985 4285 1132 4357 solvitur
1149 4286 1281 4357 decima
1298 4284 1524 4375 manipularis
1551 4290 1588 4356 et
1605 4305 1669 4376 per
1686 4288 1839 4376 quatuor

291 4408 429 4497 ierugas
465 4405 639 4494 canapaIIs
670 4406 933 4494 praepositurae
960 4404 1195 4493 (1100001011οῂ
1226 4412 1262 4477 et
1288 4405 1418 4477 ducunt
1453 4425 1529 4476 eam
1564 4405 1764 4476 emethones
1798 4404 1837 4477 iu

290 4527 454 4599 horreum
480 4525 631 4614 propriis
658 4525 831 4614 curribus,
858 4544 879 4595 a
906 4525 1103 4614 praeposito
1130 4524 1310 4597 locandum
1343 4530 1379 4595 et
1413 4522 1512 4595 valor
1538 4525 1612 4594 eius
1631 4523 1838 4596 aestimatur

291 4647 335 4717 ad
351 4699 447 4717 .....
465 4646 553 4716 Item
572 4645 720 4717 taberna
733 4698 829 4715 .....
847 4644 930 4715 item
947 4644 1125 4717 hortulani
1139 4698 1236 4715 .....
1249 4645 1332 4716 item
1351 4642 1531 4733 praedium
1548 4650 1603 4714 est
1620 4642 1758 4716 unicum
1774 4641 1836 4715 ibi.

395 4764 635 4853 Gnnnwrcza,
654 4764 746 4852 villa,
761 4765 796 4834 in
812 4769 945 4854 quaest
963 4761 1338 4853 ecclesiaparochialis,
1357 4764 1453 4835 cuius
1472 4765 1667 4854 proprietas
1680 4761 1836 4853 pertinet

290 4884 334 4958 ad
347 4884 494 4957 Pardum
509 4882 599 4954 Odr
610 4906 629 4955 o
640 4883 822 4955 wansch
840 4884 1064 4957 castellanum
1077 4883 1348 4974 Leopoliensem,
1361 4883 1512 4955 nobilem
1525 4883 1568 4954 de
1582 4882 1683 4955 domo
1697 4880 1835 4955 Odro-

289 5004 479 5078 wausch.
505 5003 546 5074 ln
565 5024 632 5094 qua
650 5009 731 5075 suut
749 5003 840 5075 lanei
862 5003 1104 5093 cmethonales,
1123 5003 1206 5074 item
1234 5002 1321 5075 duae
1340 5004 1508 5075 tabernae
1526 5002 1695 5074 habentes
1712 5021 1832 5092 agros,
1893 5074 1902 5089 ,

256 5120 264 5141 '
287 5125 330 5197 de
349 5123 473 5215 quibus
491 5122 648 5197 omnibus
675 5124 821 5196 solvitur
848 5123 980 5197 decima
1005 5122 1230 5215 manipularis
1257 5122 1519 5215 praepositurae
1546 5119 1767 5194 cracoviensi
1797 5125 1835 5191 ct

287 5265 350 5337 per
376 5244 506 5318 incolas
533 5246 682 5338 propriis
710 5245 867 5320 curribus
894 5245 1033 5319 ducitur
1058 5244 1103 5316 ad
1129 5245 1292 5317 borreum
1309 5262 1331 5315 a
1348 5243 1547 5334 praeposito
1573 5240 1770 5333 locandum,
1796 5244 1834 5312 et
