4050 6054
1703 492 1776 566 599

230 718 319 771 anno
346 696 485 771 Domini
517 699 624 772 1274.
651 695 815 772 Cosmas
841 698 949 771 abbas
977 697 1227 792 Thyniciensis,
1254 700 1454 791 priusquam
1481 698 1563 770 data
1588 698 1710 771 luisset
1739 702 1776 770 in

230 826 360 893 sortem
387 820 618 892 canonicalem
646 821 841 910 locaverat,
867 826 908 891 ut
935 820 1081 911 quilibet
1107 819 1227 892 laneus
1254 820 1406 893 solveret
1431 842 1495 911 pro
1523 841 1627 890 censu
1653 841 1776 890 novem

229 944 360 1013 scottos
388 942 524 1031 argenti
550 942 691 1032 usualis,
718 947 755 1013 et
776 962 840 1032 pro
868 942 1009 1014 decima
1037 947 1186 1033 quatuor
1216 962 1396 1015 mensuras
1427 940 1574 1033 triplicis
1606 960 1777 1031 annonae,

228 1061 391 1167 videlicet
408 1062 527 1153 tritici,
551 1063 699 1153 siliginis
718 1068 754 1135 et
770 1082 910 1136 avenae.

234 1324 503 1429 Privllegium
546 1323 775 1405 dotationis
809 1326 969 1428 primae
1003 1323 1273 1430 praebendae
1305 1325 1448 1406 Sancti
1482 1326 1666 1430 Georgii,
1701 1348 1778 1430 per

434 1462 671 1567 iaroslaurn
694 1463 1074 1569 Archiepiacopum
1098 1463 1394 1545 Gneznensem
1416 1463 1568 1545 iactae.

333 1684 373 1754 ln
401 1685 538 1755 nomine
556 1685 695 1756 Domini
714 1685 835 1757 Amen.
863 1684 1033 1775 Quoniam
1061 1685 1201 1775 dignum
1229 1690 1292 1776 est,
1310 1689 1350 1757 ut
1368 1706 1547 1777 supremus
1574 1684 1779 1777 consolator,

229 1806 288 1895 qui
315 1810 369 1875 est
396 1806 522 1876 author
556 1805 636 1877 fidei
664 1804 900 1895 Christianae,
936 1826 979 1876 ex
1007 1805 1116 1876 divini
1143 1805 1256 1877 cultus
1292 1807 1571 1896 augmentatione
1599 1828 1621 1877 a
1647 1806 1778 1878 Christi

228 1925 388 1996 fidelibus
407 1927 568 2016 congruis
586 1931 622 1996 et
641 1926 767 2015 debitis
785 1925 946 1998 laudibus
964 1930 1169 2016 veneretur,
1197 1926 1341 2016 proinde
1360 1948 1423 1998 nos
1441 1925 1631 2017 Jaroslaus,
1661 1927 1778 1997 divina

227 2046 448 2138 prouidentia
474 2046 620 2117 Sanctae
648 2044 819 2118 Gnesnen.
846 2048 1011 2118 ecclesiae
1042 2046 1342 2145 Archiepiscopus,
1368 2053 1489 2119 notum
1516 2046 1659 2119 iacimus
1677 2068 1778 2137 prae-

228 2171 343 2237 sentes
379 2167 516 2238 litteras
551 2167 723 2237 universis
759 2168 985 2257 inspecturiS,
1023 2168 1115 2257 quod
1154 2168 1298 2238 ccclesia
1334 2168 1451 2239 Sancti
1478 2165 1621 2257 Georgii
1647 2168 1715 2239 sita
1741 2169 1777 2238 in

228 2291 342 2358 castro
369 2286 598 2377 Cracoviensi,
625 2288 669 2358 ob
687 2290 918 2359 reverentiam
938 2287 1075 2360 divinae
1102 2287 1295 2359 maiestatis
1319 2295 1355 2359 et
1373 2288 1418 2359 ad
1436 2288 1603 2360 honorem
1622 2288 1776 2359 eiusdem

228 2407 345 2478 Sancti
372 2406 514 2498 Georgii
531 2407 701 2499 Martyris
727 2408 869 2498 gloriosi
887 2429 951 2499 per
977 2408 1209 2480 venerabilem
1227 2409 1264 2479 in
1291 2407 1429 2480 Christo
1457 2405 1602 2481 fratrem
1620 2414 1775 2480 nostrum

228 2528 402 2600 dominum
445 2528 639 2601 Johannem
683 2528 944 2602 Cracoviensem
988 2530 1187 2620 episcopum
1226 2530 1325 2600 nobis
1370 2550 1446 2601 cum
1483 2530 1561 2600 aliis
1605 2529 1773 2602 iratribus

227 2650 357 2749 nostris
384 2651 582 2739 provinciae
609 2657 750 2722 nostrae
777 2651 967 2741 episcopis,
995 2657 1030 2721 et
1057 2650 1323 2740 adpetitionem
1362 2651 1573 2722 serenissimi
1609 2651 1775 2741 principis

227 2770 357 2842 domini
392 2769 570 2861 Casimiri,
596 2772 663 2841 Dei
697 2772 813 2861 gratia
838 2772 931 2862 regis
958 2770 1122 2843 Poloniae
1157 2771 1324 2861 illustris,
1352 2771 1456 2842 etiam
1491 2772 1568 2861 ipso
1596 2772 1775 2843 nobiscum

228 2891 507 2981 adhaerentibus,
534 2891 772 2982 principaliter
788 2893 826 2962 in
844 2893 982 2963 nomine
1004 2892 1144 2962 Domini
1171 2897 1381 2981 consecrata,
1408 2891 1635 2983 adiunximus
1662 2897 1699 2963 et
1715 2913 1778 2983 per

228 3017 427 3102 praesentes
462 3013 685 3086 attribuimus
720 3013 832 3084 eidem
867 3013 1033 3085 ecclesiae
1069 3013 1206 3084 nomine
1246 3013 1483 3103 praebendae,
1528 3015 1571 3085 de
1605 3035 1776 3086 consensu

227 3132 373 3205 fratrum
408 3140 624 3223 nostrorum,
666 3132 878 3206 Gneznensis
912 3134 1054 3224 capituli
1083 3154 1224 3206 mensae
1256 3140 1397 3206 nostrae
1425 3134 1595 3225 decimas,
1622 3135 1657 3205 in
1684 3136 1776 3207 villis

228 3253 292 3344 his,
309 3254 345 3325 in
363 3252 549 3326 Kozlow
575 3260 611 3325 et
637 3255 672 3325 in
692 3252 969 3345 Grusnczin,
997 3255 1032 3325 in
1051 3255 1132 3326 bino
1151 3254 1463 3345 Falislawycze,
1482 3256 1518 3325 in
1536 3254 1776 3346 Skarbycze,

221 3380 265 3472 et
290 3357 646 3467 Suochowycao,
674 3377 710 3445 in
736 3376 1060 3465 Dobreskowo,
1087 3377 1123 3446 in
1150 3375 1325 3466 Mnyno,
1352 3376 1388 3445 in
1414 3375 1613 3467 Shampe,
1641 3377 1676 3447 in
1703 3377 1777 3447 Za-

228 3497 450 3587 yenczelr,
477 3498 512 3567 in
540 3496 769 3587 Wolyade
796 3496 1142 3587 Rambeszdzycz,
1169 3498 1205 3566 in
1225 3497 1408 3586 Dambe,
1435 3497 1471 3566 in
1498 3496 1776 3588 Myronicze,

227 3610 264 3688 et
289 3618 326 3689 in
353 3618 434 3690 bino
461 3616 783 3706 Laschochow,
810 3637 872 3707 per
899 3617 1051 3688 eiusdem
1071 3616 1234 3688 ecclesiae
1251 3616 1554 3708 praebendarium,
1582 3618 1776 3709 quicunque

227 3737 341 3830 fuerit,
367 3738 545 3828 perpetuis
571 3738 785 3828 temporibus
806 3737 1041 3827 possidendas.
1070 3737 1300 3808 Nihilominus
1328 3736 1583 3828 qualescunque
1601 3740 1776 3811 contribu-

227 3859 341 3930 tiones
376 3880 437 3930 seu
465 3859 669 3930 solutiones·
690 3858 819 3929 clerum
855 3863 995 3929 nostrae
1034 3858 1202 3929 dioecesis
1240 3859 1374 3930 solvere
1401 3859 1603 3948 contigerit,
1639 3859 1776 3931 casdem

228 3978 340 4051 iacere
375 3980 466 4050 idem
501 3978 773 4069 praebendarius
813 3980 1092 4069 praenominatae
1137 3979 1302 4050 ecclesiae
1338 3978 1456 4050 Sancti
1501 3977 1643 4069 Georgii
1678 3982 1812 4053 iuxta'

228 4100 381 4171 valorem
409 4106 445 4170 et
472 4100 729 4171 extimationem
748 4099 959 4171 decimarum
977 4121 1083 4189 supra
1102 4100 1308 4190 scriptarum
1327 4101 1461 4190 pariter
1487 4121 1562 4170 cum
1589 4102 1664 4191 ipso
1684 4100 1776 4173 clero

231 4221 428 4310 praedictae
464 4226 604 4292 nostrae
648 4219 815 4292 dioecesis
851 4227 1023 4291 teneatur.
1067 4220 1115 4290 Et
1142 4241 1185 4291 ne
1212 4220 1316 4291 alicui
1342 4221 1385 4291 de
1411 4221 1611 4310 praemissis
1638 4221 1777 4312 aliquod

228 4340 369 4412 dubium
395 4342 431 4413 in
458 4342 609 4432 posteris
635 4342 825 4431 habeatur,
857 4347 1060 4430 praesentes
1086 4340 1207 4411 literas
1235 4341 1341 4413 scribi
1366 4340 1517 4432 fecimus,
1545 4347 1581 4412 et
1607 4343 1719 4414 nostri
1737 4362 1777 4414 ac

228 4461 375 4551 praeisti
411 4461 560 4553 Capituli
596 4462 788 4551 sigillorum
823 4462 949 4533 robore
984 4461 1196 4532 communiri.
1240 4461 1368 4532 Actum
1395 4467 1431 4533 et
1457 4463 1574 4533 datmn
1606 4458 1775 4553 Gnez'nae,

228 4585 332 4655 tertio
350 4604 459 4655 nouas
476 4584 603 4655 mensis
622 4583 728 4674 Maii,
756 4604 846 4653 anno
864 4582 1004 4653 Domini
1030 4582 1217 4653 Millcsimo
1236 4582 1486 4654 Tricentesimo
1505 4581 1776 4673 Quadragesimo

228 4704 401 4795 Septim03
444 4705 682 4796 praesentibus
726 4703 986 4775 honorabilibus
1020 4704 1124 4793 viris,
1169 4703 1333 4775 dominis:
1376 4704 1520 4776 Inone
1559 4703 1775 4796 Praeposito,

228 4825 482 4897 Vincentio
525 4824 684 4914 Decano,
730 4823 964 4895 Tomislao
1000 4822 1168 4914 Cantore,
1212 4823 1467 4896 P-reczslao
1512 4824 1795 4916 Archidiacouo,.

227 4944 400 5037 Magistro
435 4944 615 5015 Mathia
651 4944 838 5016 Scolastico
875 4949 912 5014 et
942 4942 1206 5035 Kyelczone
1241 4943 1392 5016 Custode
1429 4942 1708 5037 Gneznensibus,
1735 4965 1776 5017 ac

230 5066 308 5138 aliis
333 5065 491 5156 pluribus
518 5066 586 5137 fide
613 5066 735 5156 dignis.
