4050 6054
289 482 366 553 268

391 689 523 759 Hortus
560 687 596 756 in
633 686 810 757 Czarua
836 685 1009 777 Wyesz,
1036 668 1071 756 iu
1099 690 1211 774 sorte,
1241 706 1329 776 quae
1356 694 1501 759 vocatur
1527 685 1779 778 Biskupye,
1807 695 1844 760 et

290 811 353 882 sub
380 808 637 895 iurisdictione3
664 828 765 898 quem
792 826 884 878 nunc
910 806 1031 880 incolit
1055 805 1313 897 Svanthek,
1341 813 1377 879 et
1403 808 1508 880 solvit
1530 808 1573 878 de
1590 806 1650 879 illo
1668 828 1733 898 pro
1750 809 1842 881 festo

289 931 329 1003 S.·
347 930 494 1002 Martini
531 928 675 1019 singulis
711 928 812 1001 anuis
846 948 910 1018 pro
938 928 1063 1000 clerico
1089 928 1401 1001 mansionariorum
1426 928 1770 1020 mediammarcam,
1798 930 1847 1001 de-

261 1138 264 1143 ⁴
289 1072 357 1142 qua
383 1051 646 1121 administratur
672 1048 814 1138 lampas.
1698 1132 1701 1137 ¹

392 1156 669 1260 Manipularibus
696 1169 837 1240 decimis
864 1170 901 1240 iu
927 1170 1045 1242 dotem
1070 1170 1392 1260 mansionariorum,
1418 1172 1456 1242 et
1472 1169 1697 1265 ‚impinguas
1714 1171 1843 1243 mansi-
1950 1255 1954 1259 ,

292 1293 431 1366 ouarias
458 1298 498 1362 ut
525 1291 775 1381 praemisimus,
802 1310 865 1380 per
890 1290 1197 1362 Zawischium
1224 1291 1421 1380 episcopum
1445 1288 1722 1363 cracoviensem·
1864 1276 1880 1311 ¹

289 1420 353 1501 tas,
372 1390 516 1503 propter
534 1411 695 1515 villarum
713 1411 980 1482 decertationem
1000 1416 1036 1482 et
1053 1431 1216 1501 agrorum
1235 1411 1465 1500 sterilitatem,
1481 1392 1740 1502 'qualilidttiono
1766 1414 1781 1433 “

288 1542 501 1625 temporum,
529 1534 742 1622 caeterisque
779 1533 857 1603 aliis
884 1553 926 1602 ex
954 1504 1086 1622 causis,
1110 1553 1238 1622 magna
1265 1539 1433 1622 exparte
1460 1531 1636 1623 plerisque
1663 1533 1845 1604 diminutis

290 1660 326 1726 et
352 1654 603 1743 exterminatis,
630 1653 803 1724 nonnullis
831 1673 914 1724 vero
941 1652 1134 1743 ampliatis,
1161 1673 1237 1724 sors
1264 1673 1400 1743 quoque
1426 1652 1844 1742 mansionariorum,.eas

288 1796 353 1866 pro
381 1778 476 1846 sorte
503 1795 575 1863 sua,
601 1774 700 1845 iuxta
727 1774 980 1845 ordinationem
1005 1773 1386 1864 privilegii.0riginans
1403 1772 1664 1866 possidentium,
1682 1771 1845 1845 differen-

295 1897 345 1968 tio
363 1916 441 1966 esse
466 1896 591 1984 coepit,
618 1894 696 1965 aliis
723 1895 998 1984 abundantibus,
1027 1894 1105 1966 aliis
1130 1914 1194 1984 per
1220 1900 1411 1984 egestatem
1438 1894 1614 1984 gravatis3
1641 1915 1684 1964 ex
1712 1915 1780 1984 quo
1808 1899 1845 1965 et

293 2017 536 2149 quaerelarvn
566 2014 728 2105 frequens
754 2015 980 2106 ingeminatio
1007 2021 1044 2086 et
1069 2035 1243 2105 murmur,
1269 2015 1377 2105 livor,
1412 2015 1545 2104 odium,
1573 2020 1677 2104 atque
1703 2013 1844 2111 invidia,

288 2139 382 2210 iuter
407 2136 661 2209 mansionarios
688 2137 862 2227 praefatos
890 2156 1119 2226 consurgens,
1146 2135 1250 2226 longo
1277 2142 1433 2226 tempore
1461 2135 1619 2224 duravit;
1646 2135 1756 2206 donec
1781 2135 1843 2207 Jo-

289 2259 421 2331 hanues
455 2256 841 2347 Schaifranyecz,
870 2262 986 2327 custos
1022 2255 1263 2327 cracoviensis
1299 2261 1343 2327 et·
1362 2256 1512 2328 vicarius
1537 2235 1574 2325 in
1602 2255 1843 2345 spiritualibus

291 2383 327 2450 et
352 2377 610 2466 temporalibus,
638 2376 764 2447 nobilis
791 2376 833 2446 de
853 2376 953 2447 domo
973 2375 1284 2467 Antiquorum
1310 2375 1553 2467 Equorum,
1580 2375 1676 2445 Petri
1695 2374 1844 2465 Wiscb,

290 2499 443 2589 episcopi
470 2497 720 2585 Cracoviensis,
748 2497 783 2567 in
812 2497 969 2568 absentia
998 2498 1150 2568 eiusdem
1168 2496 1266 2569 Petri
1285 2498 1437 2587 episcopi
1455 2503 1491 2568 et
1508 2518 1549 2585 eo
1566 2503 1651 2567 tunc
1668 2496 1704 2566 iu
1721 2495 1844 2567 Italiae

291 2620 449 2709 partibus
477 2619 512 2688 in
540 2618 684 2688 concilio
704 2616 847 2688 Senensi
874 2623 1008 2708 agente,
1035 2625 1070 2689 ct
1097 2625 1220 2708 expost
1247 2620 1282 2688 iu
1310 2619 1424 2707 viagio
1453 2639 1574 2689 versus
1597 2623 1728 2688 terram
1747 2637 1845 2688 sauc-

291 2748 362 2811 tam
391 2740 586 2828 navigante,
610 2738 756 2810 discidia
773 2737 970 2810 huiusmodi
988 2745 1025 2811 et
1043 2740 1245 2829 simultates,
1263 2740 1306 2812 de
1325 2739 1469 2811 consilio
1487 2744 1524 2810 et
1541 2758 1684 2811 assensu
1701 2739 1845 2829 'capituli

292 2860 532 2933 Gracoviensis
559 2859 787 2949 extincturus,
812 2860 1064 2931 mansionarius
1091 2861 1185 2950 ipsas
1208 2866 1244 2931 et
1262 2881 1381 2963 earum
1399 2861 1552 2949 singulos
1570 2858 1736 2931 introitus
1763 2879 1844 2949 pas·

290 2982 354 3054 sim
381 2982 554 3071 aequavit,
582 2981 747 3052 ordinans
773 2979 916 3070 speciali
942 2981 1124 3071 privilegio
1152 2987 1189 3053 ct
1215 2981 1412 3070 decernens,
1440 2981 1533 3071 quod
1559 2955 1734 3052 aerarium
1759 2979 1843 3053 Cra-

291 3102 451 3175 coviense
478 3103 656 3191 observat,
685 3107 724 3172 ut
750 3082 869 3172 omnes
895 3101 1049 3173 decimae
1075 3123 1138 3192 per
1165 3109 1408 3193 procuratores
1436 3108 1472 3173 et
1498 3103 1668 3174 divisores
1694 3103 1845 3174 mansio

289 3225 465 3295 uariorum
501 3223 743 3311 decimandae,
770 3221 1024 3313 disponendae,
1051 3224 1264 3295 ordinandae
1296 3231 1333 3295 et
1368 3224 1585 3313 vendendae,
1613 3228 1649 3294 et
1676 3225 1844 3313 pecuniae

255 3364 257 3368 ·
290 3366 410 3416 earum
437 3366 479 3418 ex
505 3365 615 3434 aequo
642 3345 735 3415 iuter
761 3344 1023 3415 mansionarios
1042 3344 1252 3435 dividantur,
1269 3346 1321 3416 ita
1338 3345 1510 3435 videlicet,
1529 3343 1621 3435 quod
1638 3349 1846 3434 praecentor

290 3466 409 3539 decem
443 3466 588 3554 marcis,
615 3465 762 3555 quilibet
797 3487 881 3537 vero
917 3465 1171 3538 mansionarius
1197 3470 1277 3539 octa
1302 3473 1340 3539 ot
1367 3465 1512 3537 clericus
1538 3484 1680 3555 novem,
1706 3466 1845 3537 ratione

245 3574 250 3583 ’
286 3587 496 3659 incensionis
523 3586 693 3675 lampadis
720 3587 905 3657 solarietur
931 3586 1067 3657 marcis.
1095 3585 1222 3658 Omnes
1248 3576 1525 3678 verdlpccuniae
1551 3585 1645 3657 ultra
1671 3582 1842 3657 summam

290 3707 487 3778 huiusmodi
514 3712 762 3795 excrescentes,
789 3707 939 3777 debeant
966 3707 1001 3777 in
1029 3727 1198 3797 expensas
1226 3727 1431 3794 communes,
1449 3713 1486 3780 et
1503 3706 1539 3777 iu
1557 3727 1657 3777 usum
1676 3706 1845 3797 coquinae

294 3828 483 3899 communis
511 3829 686 3916 converti,
723 3827 915 3916 adiungens
941 3829 976 3897 in
1010 3848 1223 3898 communem
1257 3848 1356 3899 usrrm
1393 3828 1561 3899 decimam
1591 3826 1844 3917 manipularem

290 3949 326 4017 in
365 3948 665 4018 Chroberska
700 3947 876 4038 Wolya,
909 3968 996 4038 quae
1032 3949 1118 4019 alias
1145 3969 1208 4038 per
1235 3949 1396 4019 clericum
1423 3948 1757 4037 mansionariorum,
1781 3966 1846 4038 per

292 4068 400 4138 solam
437 4068 717 4138 consuetudinem
750 4069 952 4158 tenebatur,
979 4069 1076 4140 salva
1102 4075 1219 4139 tamen
1245 4070 1415 4158 lampadis
1442 4069 1560 4140 debita
1587 4076 1623 4139 ct
1649 4090 1673 4138 u
1792 4069 1845 4139 ria
1905 4114 1908 4121 -

293 4188 416 4259 exinde
444 4189 709 4278 procuratione3
735 4190 819 4261 item
846 4191 987 4260 hortum
1014 4210 1056 4260 ex
1075 4190 1235 4279 opposito
1253 4189 1542 4281 Byenyassy3
1569 4088 1846 4261 ordinffidau-

289 4330 370 4399 per,
399 4309 490 4399 quod
527 4308 671 4380 clericus
703 4310 801 4410 iuxta
828 4331 869 4380 ac
896 4311 985 4382 alius
1011 4310 1282 4400 mansionarius,
1310 4332 1407 4381 suam
1434 4309 1686 4381 hebdomadam
1714 4328 1851 4401 suaque·

290 4431 403 4503 officia
429 4432 573 4520 implere
600 4437 771 4520 teneatur,
799 4431 896 4502 iuxta
923 4452 1025 4522 quam
1054 4431 1306 4502 ordinationem
1333 4438 1369 4502 et
1396 4433 1502 4502 ritum
1530 4431 1661 4521 capella
1688 4435 1723 4502 et
1741 4430 1845 4503 colle-

289 4553 385 4642 gium
412 4532 724 4622 mansionariorum
751 4553 920 4624 hactenus
947 4554 1090 4643 regitur,
1118 4558 1326 4643 procuratur
1352 4559 1388 4643 et
1415 4553 1688 4625 administratur.

394 4672 645 4744 Cunosunsun
673 4673 830 4764 Wouvu,
856 4673 940 4745 villa
966 4675 1029 4745 sub
1057 4674 1222 4765 parochia
1248 4675 1415 4746 ecclesiae
1442 4674 1485 4746 de
1512 4673 1742 4746 Chroberz
1769 4674 1846 4763 sita,
1920 4694 1924 4703 ·

289 4796 386 4866 cuius
414 4794 538 4865 haeres
565 4793 744 4867 Jobaunes
771 4794 814 4866 de
841 4792 1101 4887 Thanczyn,
1129 4796 1337 4868 castellanus
1365 4795 1623 4884 cracoviensis,
1650 4794 1776 4865 nobilis
1798 4793 1846 4865 de

289 4915 391 4986 domo
417 4914 735 5004 Bippenuium,
763 4916 798 4985 in
826 4935 896 5005 qua
922 4923 1004 4986 sunt
1029 4916 1210 4989 duodecim
1228 4917 1319 4988 lanei
1337 4917 1581 5007 cmethonales,
1600 4917 1683 4987 item
1701 4917 1848 4988 taberna

289 5055 368 5124 una,
395 5035 479 5107 item
506 5035 685 5107 hortulani
712 5042 870 5126 quatuor,
898 5036 944 5107 de
968 5038 1092 5126 quibus
1120 5037 1278 5109 omnibus
1305 5036 1453 5110 solvitur
1471 5037 1604 5109 decima
1621 5037 1847 5126 manipularis

289 5175 353 5244 pro
379 5157 624 5228 mansionariis
652 5162 688 5228 et
714 5177 777 5247 per
804 5156 935 5228 incolas
960 5158 1114 5247 propriis
1141 5158 1300 5231 curribus
1318 5159 1458 5231 ducitur
1475 5159 1512 5231 in
1529 5160 1693 5230 horreum
1711 5179 1733 5229 a
1750 5180 1846 5230 marr-

288 5277 448 5350 sionam'is
475 5277 667 5368 locandum,
693 5283 731 5349 et
756 5278 898 5352 solvunt
924 5278 1092 5350 decimam
1118 5279 1330 5371 canapiqrer
1356 5286 1506 5371 quatuor
1533 5281 1672 5379 ierugas
1691 5285 1727 5357 et
1746 5278 1847 5356 valor
