4050 6054
231 448 305 519 524

229 652 428 747 praebenda
455 650 749 722 Scarbimiriensis
775 649 883 718 habet
907 646 1047 716 domum
1073 645 1251 735 propriam
1268 650 1306 714 et
1322 663 1441 713 aream
1459 644 1548 713 bene
1566 642 1796 713 aedificatam

230 795 308 846 cnm
335 773 499 863 pomerio,
526 792 591 861 pro
618 770 671 841 sui
698 768 855 840 canonici
881 767 1098 837 habitatione
1126 784 1278 855 congrue
1304 770 1566 854 competentem.

338 895 427 966 Item
453 891 612 984 praelata
639 891 791 963 secunda
816 887 1015 978 praebenda
1040 893 1163 959 taxata
1189 893 1245 957 est
1270 886 1315 957 ad
1343 942 1350 955 .
1378 941 1387 955 .
1414 941 1421 954 .

646 1083 812 1165 vicaria
845 1081 1062 1164 secundae
1095 1080 1378 1185 praebendae.

334 1255 493 1327 Secunda
517 1253 717 1344 praebenda
743 1252 1038 1323 SoarbImiriensis
1064 1253 1171 1322 habet
1197 1251 1394 1340 habereque
1421 1251 1792 1323 consver'it'rirariam

232 1383 435 1468 perpetuam
462 1376 498 1446 in
525 1375 673 1446 ecclesia
697 1374 992 1462 Scarbimiricnsi,
1019 1374 1117 1445 cuius
1152 1374 1276 1444 unicus
1302 1373 1448 1443 collator
1474 1380 1511 1442 et
1537 1379 1706 1461 patronus
1734 1382 1795 1446 est

233 1498 420 1570 canomcns
445 1496 617 1568 secundae
643 1494 862 1584 praebendae
879 1494 1174 1565 Scarbimiriensis
1192 1515 1256 1583 pro
1274 1502 1441 1582 tempore,
1459 1513 1563 1583 quam
1580 1514 1672 1565 nunc
1689 1500 1796 1567 tenet

232 1619 406 1691 Matthias
432 1618 476 1690 de
501 1617 783 1688 Lanoziczia
807 1617 1001 1706 presbyter,
1029 1636 1117 1705 quae
1145 1615 1283 1705 quidem
1310 1616 1441 1685 vicaria
1459 1636 1523 1705 pro
1541 1636 1605 1686 suo
1621 1614 1733 1687 fundo
1752 1624 1793 1688 et

233 1741 315 1812 dote
342 1739 449 1810 habet
475 1739 642 1809 decimam
669 1736 919 1826 manipularem
945 1743 1026 1825 post
1051 1743 1125 1807 tres
1144 1736 1263 1807 lancos
1281 1735 1515 1806 cmethonales
1533 1736 1607 1807 sive
1624 1736 1794 1825 praedia·

232 1861 285 1932 Ies
311 1860 347 1930 in
383 1858 512 1949 oppido
547 1856 772 1928 Scarbimiria
806 1855 852 1927 ad
878 1857 1080 1929 canonicum
1106 1856 1279 1926 secundae
1305 1855 1524 1946 praebendae
1550 1856 1795 1946 pertiuentes3

110 2010 115 2016 ·
234 1982 318 2052 item
345 1980 513 2051 decimam
544 1978 794 2068 manipularem
821 1983 902 2068 post
928 1998 1033 2067 agros
1058 1977 1183 2047 tertiae
1210 1977 1448 2066 hortulaniae,
1475 1977 1589 2048 diotae
1614 1978 1796 2050 secundae

232 2101 462 2193 praebendae,
489 2121 592 2190 qnam
618 2100 817 2169 cmethones
843 2104 880 2169 et
906 2098 1114 2169 hortulanus
1140 2097 1286 2187 praefati
1312 2106 1477 2169 tenentur
1502 2099 1654 2189 propriis
1672 2101 1794 2171 curri-

234 2223 300 2294 bus
326 2220 491 2292 indncere
518 2221 563 2292 ad
588 2221 752 2292 horreum
778 2219 909 2309 vicarii,
936 2228 973 2290 et
999 2219 1097 2291 ralor
1119 2220 1194 2289 cius
1211 2220 1415 2290 aestimatur
1430 2219 1476 2289 ad
1493 2227 1571 2291 octo
1589 2219 1644 2291 rel
1661 2241 1795 2292 novem

234 2362 378 2413 marcas.
417 2343 505 2413 Item
540 2341 648 2411 habet
682 2342 877 2430 portionem
911 2340 1090 2430 aequalem
1126 2361 1203 2409 cum
1238 2341 1379 2410 vicariis
1410 2340 1524 2411 dictae
1550 2342 1718 2411 ecclesiae
1743 2341 1796 2413 'de

235 2462 408 2533 universis
435 2461 673 2551 proventibus,
699 2459 862 2532 uidelicet
887 2458 1038 2550 decimis,
1064 2460 1317 2531 columbatione
1345 2469 1381 2531 et
1407 2460 1584 2532 offertorio
1610 2466 1648 2533 ct
1673 2467 1799 2534 caete-

235 2584 286 2654 ris
313 2582 525 2672 quaestibus.

339 2703 430 2773 Item
454 2702 563 2774 habet
588 2701 727 2774 domum
752 2701 931 2793 propriam
957 2722 1021 2793 pro
1049 2722 1112 2772 sua
1137 2702 1361 2774 habitatione.

596 2962 739 3044 TertIa
773 2963 1014 3068 praebenda
1046 2964 1423 3047 scarbimiriensis.

342 3184 462 3256 Tertia
487 3184 687 3274 praebenda
712 3184 1008 3257 ScarbImIriensis
1034 3208 1103 3258 non
1129 3189 1236 3259 habet
1262 3188 1413 3278 aliquam
1439 3210 1483 3259 ex
1510 3189 1615 3260 fundo
1633 3189 1801 3265 denomi-

238 3307 424 3395 nationem,
449 3327 527 3377 aam
553 3327 644 3377 nnnc
670 3313 768 3378 tenet
792 3306 972 3379 Iohannes
998 3308 1310 3400 Plechousky,
1337 3311 1464 3381 nobilis
1490 3311 1534 3381 de
1560 3311 1662 3383 domo
1687 3312 1802 3406 Bip-

238 3448 354 3517 penu
365 3427 463 3516 ium,
490 3448 579 3517 quae
604 3448 670 3517 pro
696 3429 751 3499 sui
777 3427 883 3500 hmdo
910 3436 947 3499 et
972 3429 1055 3501 dote
1080 3431 1187 3501 habet
1203 3431 1384 3520 praedium
1401 3433 1622 3503 aestimatum
1638 3433 1684 3505 ad
1701 3434 1801 3508 duos

238 3548 367 3637 laneos,
393 3548 544 3620 locatum
570 3549 821 3621 cmethonibus.
846 3551 935 3621 Item
962 3551 1069 3622 habet
1094 3562 1233 3640 pratum
1250 3573 1357 3642 pencs
1373 3564 1514 3643 pratum
1532 3555 1685 3627 custodis
1702 3557 1801 3629 diri-

239 3691 316 3741 sum
350 3669 487 3741 dnobus
521 3670 781 3765 cmethonibus,
807 3677 845 3742 et
879 3671 1026 3761 quihbet
1060 3674 1197 3744 cmetho
1233 3673 1277 3744 de
1311 3674 1413 3746 laneo
1439 3675 1545 3746 solrit
1569 3678 1799 3767 praebendae

238 3791 367 3862 tertiae
393 3811 459 3881 pro
484 3811 591 3861 censu
617 3792 654 3861 in
679 3789 770 3862 testo
796 3791 830 3863 S.
855 3791 1002 3863 Martini
1033 3801 1183 3882 quatuor
1209 3795 1324 3866 miuus
1339 3796 1456 3867 medIa
1471 3818 1618 3888 marcas,
1634 3805 1672 3871 et
1686 3820 1798 3890 prae-

237 3912 302 3983 fati
328 3911 528 3982 cmethones
553 3932 623 3983 non
648 3910 781 3982 iaciunt
806 3912 942 4002 aliquos
967 3914 1107 3986 labores
1132 3937 1197 4006 pro
1224 3917 1400 4007 canonico,
1425 3939 1496 3989 non
1522 3918 1609 3991 dant
1633 3941 1795 4015 arenam,

239 4051 352 4122 neque
377 4052 537 4121 capones,
563 4053 676 4123 neque
701 4053 778 4123 ora,
803 4054 915 4123 neque
941 4056 1079 4124 caseos,
1104 4058 1217 4126 neque
1243 4038 1378 4127 aliquas
1402 4038 1492 4110 alias
1517 4040 1653 4131 dadas,
1678 4063 1797 4134 neque

239 4152 284 4224 ad
310 4153 389 4224 illas
414 4158 588 4225 tenentur.
614 4153 703 4225 ltem
729 4154 799 4226 duo
824 4155 916 4227 lanei
943 4157 1179 4229 cmethonales
1205 4158 1250 4229 ad
1277 4162 1528 4249 proprietatem
1544 4164 1673 4235 tertiae
1688 4184 1796 4254 prae-

238 4274 373 4347 bendae
407 4274 703 4347 Scarbimiriensis
737 4277 972 4368 pertinenteS,
998 4278 1139 4351 solmmt
1172 4279 1342 4351 decimam
1374 4283 1625 4372 manipularem
1660 4287 1796 4359 vicario

238 4396 431 4468 canonicali
456 4396 585 4467 tertIae
610 4397 831 4487 praebendae
857 4398 1036 4488 praelatae
1062 4408 1098 4471 ct
1123 4408 1289 4472 tenentur
1306 4423 1383 4473 eam
1400 4402 1527 4475 ducere
1544 4407 1696 4498 propriis
1711 4427 1796 4481 enr-

241 4518 339 4589 ribus
365 4518 410 4590 ad
435 4518 602 4590 horreum
627 4539 649 4589 a
675 4518 807 4591 vicario
833 4520 1025 4592 locandum.

342 4639 430 4711 Item
452 4637 611 4728 praefata
628 4640 735 4711 tertia
752 4642 952 4730 praebenda
969 4642 1265 4716 ScarbimiriensIs
1282 4645 1390 4717 babet
1406 4646 1553 4737 singulis
1571 4651 1672 4721 annis
1688 4671 1795 4723 unam

238 4761 295 4833 rel
325 4759 415 4833 duas
439 4781 485 4831 ex
509 4760 653 4832 decimis
678 4762 954 4851 manipularibus
979 4765 1146 4836 ecelesiae
1171 4765 1478 4857 Scarbimiriensis,
1495 4789 1541 4840 ex
1567 4770 1690 4843 ordIne
1714 4792 1794 4845 eam

238 4882 507 4972 confingentem,
533 4901 621 4971 qnae
647 4888 722 4953 tam
746 4881 824 4971 sibi,
851 4903 955 4974 quam
976 4885 1056 4957 aliis
1073 4886 1283 4975 praebendis
1299 4886 1642 4963 Scarbimiriensibns
1658 4893 1695 4962 in
1713 4912 1796 4982 per-

238 5003 399 5092 ceptione
423 5002 561 5094 aequali
587 5010 671 5075 sunt
695 5022 913 5093 communes3
938 5006 1022 5077 item
1049 5006 1209 5097 praelata
1233 5009 1343 5113 tertia
1367 5011 1567 5100 praebenda
1592 5013 1699 5085 habet
1714 5033 1796 5088 are-

239 5142 297 5193 am
330 5123 483 5215 largam
515 5125 554 5195 in
588 5146 660 5215 qna
692 5131 811 5215 potest
844 5125 968 5198 domus
997 5148 1063 5217 per
1089 5130 1292 5200 canonicum
1327 5131 1505 5205 aedificari
1538 5140 1576 5205 et
1600 5134 1795 5226 pomerim

239 5243 393 5335 plantari
418 5266 484 5336 pro
509 5247 666 5318 canonici
691 5248 909 5321 habitatione
934 5254 974 5321 ct
999 5271 1075 5321 usu
1121 5316 1137 5337 ,

344 5365 433 5439 Item
458 5367 616 5458 praelata
640 5369 749 5442 tertia
771 5364 973 5463 praebenda
999 5377 1122 5445 taxata
1146 5378 1202 5447 cst
1226 5373 1272 5444 ad
1298 5429 1307 5444 .
1333 5429 1377 5446 ..
