4050 6054
1700 449 1773 522 513

248 702 266 755 ,-
330 646 490 725 Instituit
515 654 551 723 et
576 646 679 723 aliam
707 648 961 725 ordinationem
987 647 1154 724 Albertus
1181 647 1204 725 J
1214 651 1564 744 astrzambyecz
1591 654 1772 746 episcopus
1812 730 1815 737 ,

229 760 478 862 Gracomeusis,
505 793 536 843 a.
561 772 603 844 D.
630 772 811 844 millesimo
838 773 1114 869 quingentesimo
1141 773 1308 864 vigesimo
1335 774 1485 846 secundo
1512 775 1550 847 in
1571 777 1723 848 crastino
1741 774 1775 847 S.

227 878 385 966 Floriani
412 893 454 964 de
481 893 627 984 singulis
654 895 758 965 rebus
784 894 950 966 ecclesiae
976 894 1186 985 praedictae,
1212 895 1402 985 regulando
1430 894 1525 966 illam
1546 896 1583 966 in
1601 896 1776 968 redivina

229 1019 272 1119 et
290 1014 549 1111 borisxdiurnis
576 1021 613 1085 et
637 1014 826 1105 nocturnis,
853 1014 1148 1086 consentientibus
1167 1013 1368 1105 Sbigueo
1395 1014 1438 1086 de
1464 1013 1776 1088 Olescbnicza

229 1135 439 1229 praeposito,
465 1134 653 1207 Francisco
681 1132 971 1226 Greyszwict
1007 1134 1051 1207 de
1084 1135 1234 1225 Brega
1269 1136 1398 1209 decano
1434 1156 1553 1209 sacrae
1579 1137 1776 1227 theologiae

228 1252 434 1354 professore,
460 1253 749 1346 Nyemyerza
785 1255 827 1327 da
854 1253 1092 1327 Obrzelov
1118 1254 1276 1346 custode,
1310 1255 1552 1328 Stauislao
1590 1256 1777 1328 deScar·

229 1374 424 1446 bimiria
450 1374 666 1446 decretorum
684 1375 836 1465 doctore,
859 1374 1019 1447 Jobaune
1047 1373 1362 1468 Grewczb'erg,
1388 1375 1532 1449 Nicolao
1559 1376 1777 1469 Bsudisey,

229 1493 374 1567 Pella
400 1494 444 1566 de
470 1496 757 1587 Borzykovva
783 1497 957 1568 canonicis
984 1495 1017 1567 S.
1043 1496 1208 1569 Floriani.

333 1613 517 1687 Ordinatio
552 1621 669 1688 autem
704 1618 942 1708 suprascripta
976 1617 1194 1690 auctoritatis
1229 1618 1335 1689 etiam
1370 1618 1567 1693 ordinariae
1606 1618 1779 1691 ratificata

231 1735 380 1826 decreto,
399 1736 464 1807 etsi
482 1737 519 1807 in
536 1735 710 1828 plerisque
729 1737 884 1809 articulis
903 1743 939 1808 et
956 1737 1210 1809 conditionibus
1228 1738 1433 1810 observetur
1457 1737 1590 1829 illaesa,
1617 1740 1653 1810 iu
1671 1740 1780 1829 pluri-

231 1855 296 1927 bus
322 1860 438 1927 tamen
466 1860 602 1929 constat
635 1857 730 1929 illam
757 1862 960 1944 temeratam
987 1878 1083 1947 esse;
1117 1859 1221 1948 primi
1247 1858 1338 1929 euim
1369 1859 1528 1931 doctores
1555 1864 1592 1931 et
1618 1859 1779 1949 magistri

231 1975 396 2048 ecclesiae
423 1976 456 2049 S.
482 1977 637 2049 Floriani
663 1978 868 2069 beneficiati,
895 1979 1044 2069 receptis
1071 1999 1092 2050 a
1117 1979 1226 2050 nobili
1253 1977 1380 2050 femina
1398 2034 1594 2070 ........
1617 1987 1777 2052 consorte

231 2095 401 2170 Johauuis
427 2097 641 2170 Mauszik
668 2099 710 2171 de
728 2099 998 2174 Dambrova
1023 2098 1168 2190 palatini
1187 2099 1436 2190 Leopoliensis,
1456 2121 1543 2193 quae
1562 2106 1638 2173 erat
1655 2101 1779 2172 mulier
1824 2119 1828 2135 ¹

232 2216 275 2288 de
301 2216 432 2289 familia
449 2223 485 2289 et
502 2217 603 2290 domo
622 2226 727 2310 caput
744 2220 854 2291 leonis
872 2220 986 2291 albam
1003 2219 1174 2291 dammam
1192 2222 1362 2292 vomentis
1389 2219 1627 2313 deferentium,
1654 2220 1779 2292 ducen-

231 2337 279 2408 tis
304 2339 430 2410 marcis
456 2339 609 2411 latorum
635 2361 835 2430 grossorum
862 2340 1099 2431 Progensium,
1117 2346 1157 2411 ut
1174 2341 1353 2412 duodecim
1372 2350 1505 2412 martas
1532 2362 1656 2412 census
1674 2343 1779 2413 annui

232 2459 401 2549 perpetui,
429 2459 554 2549 quibus
581 2482 669 2532 unus
697 2460 898 2550 collegiatus
925 2462 962 2531 in
983 2460 1211 2532 universitate
1238 2459 1459 2532 Oracovieusi
1476 2462 1513 2531 iu
1531 2462 1665 2533 artibus
1684 2462 1779 2532 labo·

200 2643 202 2647 ,
232 2583 383 2670 raturuS,
412 2580 647 2670 solariaretur,
675 2587 880 2670 coemerent,
907 2581 981 2651 eius
1009 2581 1188 2671 proposito
1215 2587 1251 2653 et
1273 2582 1451 2654 voluntate
1478 2582 1653 2672 neglectio,
1680 2601 1781 2671 prae·
1895 2672 1902 2688 .

232 2697 321 2771 tatas
347 2699 512 2772 ducentas
539 2722 673 2772 marcas
700 2702 850 2772 latorum
876 2721 1078 2791 grossorum
1096 2700 1322 2791 Prageusium
1350 2702 1544 2774 diviserunt
1570 2702 1662 2773 iuter
1681 2722 1727 2792 se,
1746 2705 1782 2773 et

234 2840 335 2892 omne
360 2821 446 2923 illud
472 2822 630 2912 publicae
664 2822 811 2894 utilitati
837 2821 1100 2912 demandatum,
1136 2821 1209 2892 suis
1234 2822 1381 2912 privatis
1407 2823 1527 2894 usibus
1554 2822 1780 2913 applicarunt,

211 2941 412 3012 'ecclesiam
438 2963 521 3015 vero
549 2941 582 3013 S.
608 2942 783 3034 Floriani,
818 2942 873 3015 vel
900 2943 1018 3033 potius
1044 2943 1308 3015 universitatem
1335 2941 1599 3015 Cracovieusem
1624 2942 1781 3015 iecerunt

235 3082 298 3152 pro
325 3062 524 3135 huiusmodi
550 3063 751 3154 collegiato‚
786 3063 906 3135 illicite
933 3069 1048 3134 tamen
1076 3070 1111 3133 et
1137 3063 1283 3153 iniuste,
1318 3065 1553 3155 tributariam,
1581 3070 1617 3136 et
1643 3085 1782 3135 censum

235 3182 416 3255 duodecim
449 3204 644 3257 marcarum
679 3206 742 3275 pro
771 3185 871 3256 anuis
906 3185 1051 3274 singulis
1086 3183 1198 3256 cidem
1225 3205 1268 3256 ex
1295 3186 1531 3257 communibus
1557 3186 1783 3275 proventibus

235 3301 269 3377 S.
296 3303 451 3376 Floriani
480 3304 702 3396 deputamut.
745 3305 786 3376 In
814 3324 883 3395 qua
907 3323 946 3375 re
973 3305 1183 3376 universitas
1210 3303 1450 3376 Oracovionsis
1476 3304 1679 3377 notabiliter
1703 3324 1784 3394 gra-

235 3428 327 3515 vata,
353 3423 510 3515 praefata
536 3447 619 3497 vero
646 3424 845 3515 spectabilis
871 3430 908 3496 et
934 3422 1062 3495 devota
1086 3422 1213 3495 femina
1239 3423 1595 3496 Mauzikonissa
1620 3444 1682 3495 suo
1701 3429 1783 3494 voto

235 3542 397 3618 bauoata
424 3552 496 3637 est,
522 3568 709 3637 gravamen
735 3551 807 3616 tam
835 3565 974 3616 enorme
1001 3543 1178 3635 perferens
1205 3545 1304 3615 annis
1331 3545 1400 3615 iam
1418 3565 1526 3635 prope
1553 3544 1784 3635 septuaginta,

236 3666 273 3738 iu
298 3687 462 3757 maguum
487 3667 739 3759 praeiudicium
763 3666 977 3757 fundatoris,
1013 3667 1222 3737 auctoritato
1250 3671 1286 3736 et
1312 3666 1451 3738 decreto
1478 3665 1632 3755 episcopi
1660 3663 1786 3736 Oraco·

236 3787 376 3878 viensiS,
403 3789 461 3879 qui
489 3789 715 3860 cancellarius
743 3792 797 3859 est
822 3788 1062 3859 universitatis
1081 3786 1335 3877 Oracovieusis,
1361 3786 1486 3881 merito
1513 3782 1786 3873 rescindendum,

238 3909 335 3980 cuius
362 3909 462 4000 culpa
489 3915 525 3981 et
552 3911 763 4000 negligentia
788 3910 955 3981 hacteuus
981 3907 1046 3980 fua
1072 3908 1233 3980 tolerata.

294 4152 482 4236 Cononis
516 4177 623 4235 nova
657 4154 710 4234 de
743 4154 1041 4236 cancellariam
1076 4153 1307 4234 Siradiensi
1338 4152 1450 4233 lacta
1484 4175 1560 4232 seu
1594 4153 1739 4232 creata
1841 4174 1846 4181 ·

740 4294 779 4373 in
812 4294 998 4375 scelesta
1029 4291 1072 4371 8.
1105 4291 1299 4372 Floriani.

343 4511 432 4586 Item
466 4514 698 4605 praebendam
734 4535 861 4587 novam
883 4515 923 4586 ¹in
950 4513 1096 4586 ecclesia
1131 4512 1164 4583 S.
1190 4511 1346 4584 Floriani
1373 4511 1416 4581 de
1444 4529 1588 4600 corpore
1620 4507 1787 4580 caucella-

239 4634 351 4707 riatus
378 4632 596 4726 Syraoiensis
623 4641 787 4724 creatam,
823 4635 929 4707 habet
954 4654 1046 4705 nuuc
1072 4617 1239 4722 magister
1265 4630 1429 4704 Nicolaus
1457 4629 1500 4701 de
1527 4630 1681 4701 Sthaw
1706 4628 1788 4700 bac-

240 4755 422 4841 calaureus
457 4754 656 4845 theologiae
689 4755 875 4844 formatus,
912 4775 1000 4845 quae
1035 4774 1100 4842 pro
1127 4753 1181 4824 sui
1207 4751 1313 4824 fundo
1343 4757 1379 4822 et
1405 4750 1485 4823 dote
1513 4750 1618 4821 habet
1643 4749 1789 4839 triginta

240 4897 375 4948 marcas
402 4876 592 4949 communis
618 4877 784 4967 pecuniae
810 4875 874 4946 tali
901 4874 1098 4946 conditione
1133 4879 1168 4944 et
1187 4873 1317 4962 ordine,
1345 4870 1630 4962 quemadmodum
1656 4870 1699 4940 de
1717 4869 1790 4959 pri-

241 4997 309 5070 scis
336 4997 490 5069 canoniis
517 4997 736 5087 scripsimus,
772 4995 1010 5085 qualificatus3
1045 4994 1096 5064 ita
1121 4993 1300 5082 videlicet,
1335 4998 1375 5063 ut
1401 4992 1529 5062 habeat
1554 5010 1618 5080 pro
1645 5008 1789 5078 corpore

242 5139 305 5190 suo
332 5119 481 5195 sedecim
508 5138 659 5207 marcas,
696 5137 760 5206 pro
787 5114 1032 5187 refectionibus
1059 5135 1160 5204 vero,
1192 5114 1222 5184 si
1248 5113 1410 5184 intererit
1444 5111 1573 5183 divinis
1608 5109 1788 5180 dominicis

242 5220 388 5328 dicbus,
418 5240 524 5311 babet
550 5236 810 5329 quatuordecim
846 5257 982 5308 marcas
1013 5241 1049 5306 et
1075 5234 1371 5306 confirmationem
1407 5232 1534 5323 accipit
1560 5230 1603 5301 ab
1629 5218 1790 5319 episcopo

346 5527 395 5571 aaa
408 5528 503 5570 amos
1589 5488 1628 5547 65
