4050 6054
1652 425 1726 598 aas

180 670 326 748 solvitur
352 675 558 750 scolastriae
585 677 876 769 Sandomiriensi,
904 668 1096 751 adducunt
1122 699 1199 751 eam
1226 678 1425 753 cmmhones
1451 679 1488 750 iu
1513 664 1728 773 hur'rerima
1801 724 1804 729 -

166 794 362 891 ‘scolastico
388 797 569 869 locandum
597 804 633 870 et
658 799 758 871 valor
785 800 859 871 eius
886 800 1091 871 aestimatur
1117 799 1162 871 ad
1188 821 1249 872 sex
1275 820 1418 871 marcas.
1445 799 1533 871 Item
1555 778 1726 879 Wmae

136 927 138 930 ’
164 906 248 986 hon
275 920 375 1007 suut,
401 919 485 988 item
511 918 731 991 hortulaniae
757 940 826 990 uon
854 924 954 1009 sunt,
987 920 1071 990 item
1097 919 1278 1008 praedium
1304 919 1435 991 nullum
1462 919 1579 991 estin
1605 919 1726 992 eadem

67 1063 69 1067 >
180 1034 271 1105 villa.
1542 1039 1547 1044 ’

281 1150 542 1248 Summanu,
579 1159 663 1229 villa
688 1159 753 1230 sub
787 1159 953 1247 parochia
983 1159 1148 1230 ecclesiae
1170 1157 1239 1231 sde
1263 1154 1606 1233 Goworziczow
1643 1160 1721 1250 sita,

183 1276 281 1346 cuius
298 1275 423 1349 haeres
450 1279 570 1349 cadem
588 1277 766 1350 Szusauna
791 1278 832 1349 M
841 1279 1100 1368 agieronis,
1128 1278 1171 1350 de
1190 1279 1295 1351 armis
1320 1279 1471 1370 Rawa,
1497 1280 1534 1350 in
1554 1301 1622 1371 qua
1642 1285 1723 1352 sunt

178 1396 270 1467 lanei
308 1398 559 1489 amathonales,
587 1398 630 1470 de
658 1400 782 1490 quibus
817 1399 1042 1488 manipularis
1078 1398 1211 1469 decima
1246 1405 1282 1470 et
1308 1419 1372 1488 per
1399 1405 1550 1491 quatuor
1584 1401 1725 1491 ierugas

177 1517 353 1606 canapalis
388 1519 536 1590 solvitur
571 1519 771 1590 scolastriae
807 1517 1097 1608 Sandomiriensi,
1125 1525 1161 1589 et
1188 1519 1319 1591 ducunt
1355 1540 1430 1590 eam
1465 1521 1662 1591 cmethoues
1688 1520 1725 1591 iu

175 1637 339 1709 horreum
365 1660 387 1710 a
414 1639 595 1710 scolastico
622 1637 804 1710 locandum
836 1644 872 1709 et
898 1638 997 1709 valor
1023 1639 1097 1710 eius
1124 1640 1330 1710 aestimatur
1357 1639 1401 1710 ad
1428 1639 1607 1711 duodecim
1633 1659 1725 1711 mar·
1797 1672 1801 1679 ¹

176 1777 242 1831 cas.
268 1758 358 1831 Item
385 1764 439 1828 est
456 1758 506 1828 ibi
524 1759 670 1829 taberna
696 1779 765 1830 uua
782 1759 915 1829 habeus
942 1777 1054 1847 agros3
1081 1758 1166 1828 item
1191 1758 1411 1830 hortulauiae
1438 1758 1527 1830 duae
1553 1760 1722 1832 habentes

176 1899 298 1991 agros,
334 1878 417 1948 item
448 1878 628 1967 praedium
663 1899 732 1948 non
755 1884 809 1948 est
845 1877 986 1967 aliquod
1011 1877 1047 1948 iu
1074 1878 1158 1949 villa
1183 1877 1358 1969 praefata,
1394 1879 1455 1951 sed
1482 1881 1558 1969 agri
1594 1879 1726 1953 deserti

175 2005 321 2069 arantur
346 2019 410 2087 per
427 1998 621 2089 haeredem,
648 1997 746 2081 etde
765 1998 922 2069 omnibus
949 1997 1053 2069 datur
1076 1998 1210 2070 decima
1226 1996 1486 2095 inponithaoom
1511 1998 1724 2073 scolastriae.
1748 2072 1758 2082 ,

281 2115 471 2208 Gauszow,
499 2118 582 2189 villa
599 2119 663 2191 suh
681 2119 847 2209 parochia
864 2118 1028 2188 ecclesiae
1046 2118 1089 2188 de
1106 2118 1496 2211 Damuuyeuycze
1523 2121 1600 2210 sita,
1628 2120 1724 2198 cuius

177 2238 301 2310 haeres
328 2236 588 2328 cristinus,
615 2239 741 2310 nobilis
760 2237 802 2310 de
821 2240 926 2310 armis
954 2238 1232 2329 cygnorum,
1259 2239 1295 2310 in
1323 2260 1392 2329 qua
1418 2245 1499 2311 sunt
1523 2241 1616 2312 lanei
1634 2259 1724 2312 cme-
1760 2310 1763 2315 .

175 2358 352 2457 chorales,
379 2357 423 2429 de
450 2359 573 2449 quibus
610 2358 744 2430 decima
775 2358 1003 2449 manipularis
1035 2362 1071 2430 et
1097 2379 1160 2449 per
1188 2365 1338 2448 quatuor
1373 2359 1512 2451 ierugas
1547 2359 1723 2449 canapalis

176 2480 323 2550 solvitur
349 2478 551 2550 scolastriae
578 2477 867 2568 Sandomiriensi,
895 2463 936 2549 et'
957 2478 1087 2549 ducunt
1113 2497 1188 2549 eam
1224 2479 1422 2551 cmethones
1449 2480 1485 2551 iu
1511 2479 1676 2552 horreum
1702 2500 1724 2551 a

174 2599 357 2672 scolastico
383 2599 564 2670 locandum
591 2608 627 2671 et
641 2599 752 2671 salon
778 2598 852 2670 eius
880 2599 1085 2669 aestimatur
1111 2598 1155 2669 ad
1183 2605 1332 2690 quatuor
1365 2618 1509 2670 marcas.
1552 2599 1642 2670 Item
1667 2604 1723 2671 ta·

176 2721 285 2791 berna
303 2772 443 2808 ......
471 2720 554 2789 item
580 2720 757 2793 hortulani
776 2773 916 2809 ......
944 2720 1027 2789 item
1055 2718 1234 2809 praedium
1248 2773 1362 2789 .....

279 2838 380 2911 Nota.
407 2838 519 2929 Super
545 2839 677 2912 duabus
713 2839 854 2910 decimis
889 2839 1162 2927 manipularibus
1198 2839 1398 2910 scolastriae
1433 2838 1740 2913 Sandomiriensis-

177 2959 363 3051 occupatis⁴
377 2979 440 3048 per
467 2956 702 3035 Gnezuensam
739 2958 1051 3049 archiepiscopum,
1086 2958 1248 3030 videlicet
1274 2960 1310 3029 iu
1337 2956 1547 3031 Gelszow
1580 2966 1616 3030 et
1651 2959 1722 3032 So-

174 3056 321 3170 lyed'z,
347 3077 498 3150 habetur
524 3080 655 3171 optima
681 3078 857 3151 definitiva
884 3080 1057 3150 sententia
1083 3077 1287 3168 Nicolai,
1314 3078 1435 3149 decani
1452 3077 1721 3169 Oppatoviensis

151 3186 297 3271 'iudicis
333 3200 533 3289 apostolici,
568 3200 642 3272 lata
677 3221 741 3290 pro
767 3205 868 3289 parte
900 3198 996 3270 Petri
1031 3197 1258 3269 Vilhelmi
1293 3198 1336 3270 de
1371 3197 1599 3290 Okalyna,
1638 3206 1721 3272 tunc

168 3312 347 3390 'amamini
373 3318 679 3410 Sandomiriensis‚
708 3328 743 3390 et
770 3325 892 3390 contra
918 3319 1099 3391 Nicolaum
1125 3318 1402 3408 Kurowsky,
1437 3325 1523 3391 tuuc
1550 3321 1721 3410 archiepi-

174 3448 314 3529 scopum
338 3434 578 3512 Guemeusem
609 3439 726 3529 llos,
755 3439 810 3509 die
828 3439 948 3510 Lunae
976 3438 1108 3510 decima
1126 3445 1250 3509 octava
1267 3437 1489 3529 Novembris,
1516 3439 1552 3509 iu
1579 3437 1722 3531 Oppa-

95 3566 100 3578 '
172 3558 312 3648 ‚thou3
340 3559 517 3630 abstracta
542 3559 713 3631 uiolenter
738 3579 801 3648 par
828 3558 1123 3648 archiepiscopum
1150 3555 1397 3629 Gnezueusem.

213 3690 245 3725 δ’·
276 3679 560 3770 Koruuscuow,
595 3679 679 3750 villa
704 3680 768 3751 sub
795 3678 960 3770 parochia
985 3678 1150 3749 ecclesiae
1186 3676 1231 3748 de
1255 3678 1544 3749 Dambrowa·
1559 3679 1647 3769 sita,
1683 3679 1720 3751 iu

174 3819 242 3890 qua
268 3806 351 3871 sunt
377 3800 468 3870 lanei
495 3801 744 3890 cmethonales,
772 3800 815 3870 de
842 3799 967 3888 quibus
1002 3798 1226 3888 manipularis
1261 3797 1393 3868 decima
1419 3788 1460 3868 et¹
1480 3817 1545 3887 per
1571 3803 1720 3891 quatuor

172 3920 311 4010 ierugas
346 3920 520 4009 oanapalis
553 3920 699 3991 solvitur
734 3920 934 3990 scolastriae
968 3918 1255 4010 Sandomiriensi,
1290 3924 1327 3989 et
1353 3918 1551 3990 cmethones
1588 3918 1718 3993 ducunt

173 4059 249 4111 eam
276 4040 313 4111 iu
339 4041 503 4112 horreum
530 4061 551 4110 a
577 4041 757 4112 scolastico
783 4039 966 4111 locandum
984 4045 1020 4109 et
1037 4038 1136 4110 valor
1162 4039 1367 4111 aestimatur
1393 4038 1470 4111 eius
1497 4038 1542 4111 ad
1569 4040 1720 4132 quinque
1758 4035 1762 4039 ’

171 4181 315 4281 marcas.
339 4161 428 4232 Item
454 4162 577 4233 haeres
603 4161 708 4234 villae
732 4161 952 4234 Imramus
979 4160 1065 4230 alias
1093 4158 1282 4249 Przech,
1311 4159 1355 4231 de
1380 4161 1486 4231 armis
1630 4162 1718 4237 Item

53 4346 60 4367 ,
87 4284 113 4343 ’.
172 4274 399 4353 essiabema
425 4303 494 4352 una
521 4282 587 4371 ibi,
614 4282 747 4353 habeus
772 4278 905 4371 agros(
926 4281 1011 4351 item
1037 4280 1255 4351 hortulaniae
1282 4281 1370 4352 duae
1397 4281 1567 4354 habentes
1594 4303 1717 4373 agros,

172 4401 215 4473 de
242 4401 365 4493 quibus
379 4403 549 4492 'omnihus
577 4401 723 4474 solvitur
741 4401 874 4473 decima
899 4401 1123 4491 manipularis
1142 4401 1178 4471 iu
1193 4397 1408 4494 qoaithwom,
1436 4402 1520 4473 ilem
1538 4401 1717 4493 praedium

171 4528 225 4593 est
250 4521 299 4593 ihi
322 4522 483 4613 unicum,
511 4523 553 4593 de
580 4523 677 4593 cuius
704 4523 797 4612 agris
825 4521 973 4592 solvitur
1009 4520 1141 4593 decima
1166 4521 1391 4612 manipularis
1418 4522 1584 4593 ecclesiae
1611 4542 1714 4611 paro-

171 4641 275 4714 chiali
301 4643 337 4712 iu
363 4641 643 4714 Dambroua.
1435 4712 1438 4718 .

272 4760 437 4851 Saulus,
463 4760 549 4832 villa-
572 4763 642 4834 suh
662 4761 829 4855 papochia
846 4761 1010 4833 ecclesiae
1037 4761 1081 4833 de
1102 4761 1447 4852 ‘Skorhouicza
1476 4763 1574 4834 cuius
1592 4761 1717 4856 haares'

169 4880 324 4954 Zauisaa
349 4880 555 4974 Starslry,
584 4881 627 4953 de
654 4878 760 4953 armis
787 4882 1091 4973 Thaurorum‚
1126 4882 1163 4953 in
1190 4903 1259 4973 qua
1285 4888 1369 4954 suut
1393 4883 1487 4954 lanei
1511 4881 1712 4955 cmethona-

170 5001 230 5092 les,
256 5000 301 5072 de
327 5002 451 5092 quihus
477 5001 703 5092 manipularis
729 5001 861 5073 decima
888 5006 923 5072 et
940 5022 1004 5090 per
1026 5008 1177 5092 quatuor
1202 5002 1340 5093 ierugas
1367 5002 1542 5093 cauapalis
1570 5004 1718 5076 solvitur

169 5119 370 5193 scolastriao
397 5121 676 5211 Sandomiriensi,
703 5126 739 5192 et
765 5123 963 5193 emethones
990 5121 1121 5193 ducunt
1147 5142 1223 5193 eam
1250 5123 1287 5193 iu
1312 5122 1476 5194 hunnum
1494 5143 1517 5194 a
1532 5122 1716 5196 scolastico

157 5240 351 5313 locandum
377 5247 415 5314 et
439 5240 539 5314 valor
564 5243 637 5313 eius
665 5240 868 5314 aestimatur
894 5241 938 5312 ad
962 5242 1111 5332 quinque
1138 5261 1271 5313 marcas
1298 5247 1334 5312 et
1360 5243 1517 5317 variatur
1543 5244 1618 5316 eius
1635 5265 1715 5337 pcr-

169 5362 293 5452 captim
319 5380 400 5433 uam
425 5360 714 5434 Sandomiriensis
741 5360 940 5450 praebenda
965 5360 1215 5433 Grczonowslra
1241 5362 1389 5453 percipit
1415 5382 1491 5435 eam
1517 5363 1561 5436 de
1597 5419 1712 5439 .....
