4050 6054
265 419 336 492 138

364 623 631 719 0661666166,
658 631 739 702 villa
765 632 828 704 sub
854 629 1019 724 parocbia
1045 627 1209 703 ecclesiae
1236 626 1279 702 de
1305 615 1549 721 Droginy'a
1583 627 1672 720 sita,
1708 626 1806 702 cuius

261 744 429 817 1666161166
451 747 665 841 leonardus,
691 751 892 843 Stanislaus,
919 753 1113 842 1611611166,-
1134 752 1283 824 Thomas
1309 751 1446 842 fratros,
1472 752 1607 824 nobiles
1634 751 1803 823 dedomo

260 917 428 936 .......
453 868 494 939 In
521 890 589 961 qua
614 878 695 943 sunt
719 894 842 945 novem
868 874 960 945 lanei
988 872 1235 974 cmethouales,
1263 873 1305 943 de
1333 873 1459 962 quibus
1486 873 1644 944 omnibus
1672 871 1833 972 decima

260 987 483 1078 116616116116
510 991 655 1064 solvitur
680 994 829 1065 vicariae
855 992 1032 1085 praefatae
1067 1001 1103 1065 et
1129 1015 1192 1084 661
1219 995 1417 1065 emethnnes
1454 993 1605 1084 propriis
1641 992 1802 1065 curribus

230 1072 400 1179 'mour
431 1111 468 1182 iu
502 1113 662 1186 borreum
690 1136 711 1186 a
736 1115 866 1187 vicario
898 1115 1110 1205 eligendum,
1147 1122 1184 1186 et
1210 1115 1349 1186 solvunt
1385 1114 1554 1187 decimam
1580 1114 1706 1204 canapi
1740 1133 1808 1203 per

261 1234 410 1315 6661161
434 1231 569 1324 ierngas
599 1241 633 1306 et
659 1237 862 1311 aestimantur
889 1236 987 1308 valor
1013 1237 1087 1306 eius
1114 1235 1160 1306 ad
1187 1242 1319 1325 septem
1346 1254 1489 1307 marcas.
1516 1234 1605 1305 Item
1623 1235 1803 1323 6666111111,

260 1348 352 1436 quod
377 1351 498 1441 haeres
524 1354 626 1426 villae
651 1355 848 1455 praefatae,
884 1377 945 1428 sex
972 1357 1081 1446 laneis
1108 1355 1597 1445 cmetbonalibuadepnsitis,
1633 1355 1805 1426 convertit

260 1467 338 1539 iilos
363 1472 399 1542 16
425 1495 526 1564 agros
552 1474 746 1567 praedinlos
762 1483 800 1550 ct
817 1478 965 1548 decimat
991 1478 1034 1548 de
1061 1477 1130 1548 illis
1157 1477 1305 1567 plebano
1332 1479 1369 1548 in
1394 1477 1635 1567 Druginya
1660 1496 1724 1566 per
1749 1475 1805 1545 in-

259 1589 398 1683 iuriam,
426 1617 493 1667 non
519 1599 599 1670 sunt
625 1598 681 1670 ibi·
700 1598 866 1671 tabernae
894 1618 1005 1689 neque
1032 1599 1263 1670 hortulaniae.

330 1840 570 1948 Praebenda
604 1852 648 1927 at
679 1847 955 1926 canonicatus
988 1841 1292 1926 Onacouiensls
1325 1845 1364 1924 tn
1397 1844 1532 1924 cboro
1565 1845 1738 1923 sinistro

787 1985 995 2064 nominata
1031 1984 1264 2063 monetalis.

357 2202 559 2278 Praebenda
584 2211 621 2277 et
646 2205 869 2277 canonicatus
897 2203 1135 2276 cracoviensis
1162 2205 1354 2293 monetalis,
1381 2223 1484 2293 quam
1503 2223 1593 2275 nunc
1615 2208 1713 2275 tenet
1730 2222 1804 2274 ma·

255 2321 364 2413 gister
388 2325 564 2398 lohannes
591 2325 882 2397 Stbanlrouis
909 2325 952 2395 de
978 2325 1246 2397 Vratislariensi
1272 2326 1414 2396 civitate
1442 2330 1555 2395 ortum
1575 2324 1712 2414 ducens,
1731 2342 1804 2394 me-

255 2424 388 2515 dicinae
415 2446 544 2536 doctor,
571 2468 640 2517 non
667 2447 774 2517 babet
792 2467 856 2536 pro
875 2446 955 2517 dote
974 2466 1037 2516 sua
1055 2450 1116 2516 aut
1142 2445 1247 2516 fundo
1275 2445 1408 2535 aliquas
1436 2445 1546 2534 villas,
1572 2464 1636 2516 nec
1654 2444 1804 2516 decimat

254 2565 484 2655 manipulares
511 2573 572 2637 aut
599 2565 804 2656 pecuniolae,
831 2587 942 2656 neque
970 2565 1103 2656 aliquos
1131 2566 1217 2636 alios
1244 2567 1409 2637 introitus
1437 2571 1473 2637 et
1499 2571 1703 2655 proventus,
1739 2564 1802 2636 sed

253 2686 503 2758 tantummodo*
518 2688 624 2759 babet
650 2688 871 2777 quotidianas
906 2686 1112 2758 refectiones
1139 2695 1175 2758 et
1201 2686 1464 2759 distributiones
1495 2686 1738 2776 praesentibus
1765 2682 1801 2755 in

254 2807 398 2878 ecclesia
423 2808 500 2878 dari
526 2808 663 2898 solitas,
699 2829 743 2879 ex
770 2809 940 2879 communi
975 2829 1095 2878 mensa
1122 2808 1323 2898 capitulari,
1360 2808 1427 2910 sibi
1462 2808 1561 2878 iuxta
1592 2813 1696 2896 atque
1723 2805 1803 2876 aliis

254 2928 419 3019 praelatis
446 2928 731 3001 Cracoviensibus
758 2930 1016 3019 provenientes3
1042 2928 1154 2999 fertur
1181 2934 1306 3019 autern,
1334 2935 1370 2999 et
1388 2941 1496 3018 usque
1514 2927 1560 3000 ad
1577 2932 1698 2999 666116
1714 2932 1802 2997 tem-

254 3070 341 3139 pora
366 3050 535 3121 relatione
561 3051 697 3140 vulgari
733 3050 918 3121 memoriae
953 3050 1128 3141 proditum
1164 3056 1236 3139 est,
1273 3049 1364 3139 quod
1397 3049 1577 3139 praedicta
1602 3046 1803 3139 praebenda

255 3170 387 3242 decima
412 3162 594 3261 monetali,
621 3169 657 3241 id
684 3178 738 3242 est
763 3192 805 3242 ex
832 3175 972 3242 moneta
1007 3175 1043 3241 et
1068 3171 1208 3242 cusiene
1235 3171 1454 3241 numismatis
1480 3170 1699 3265 presentans,
1725 3174 1804 3240 erat

253 3291 374 3363 1161616
409 3296 446 3362 61
481 3291 625 3382 singulis
662 3292 864 3381 septimanis
900 3291 1045 3363 cedebat
1079 3292 1243 3362 canonico
1280 3290 1459 3381 praefatae
1485 3289 1705 3381 praebendae
1731 3308 1803 3360 una

251 3433 386 3503 marca;
421 3413 573 3484 habebat
608 3408 700 3484 enim
736 3412 918 3502 episcopus
945 3411 1183 3484 Oracoviensis
1218 3433 1282 3502 pro
1308 3417 1465 3502 tempore
1486 3409 1803 3502 dns-‘parcipienui

251 3534 400 3606 decimas
428 3533 520 3624 salis,
547 3533 688 3623 plumbi,
716 3534 816 3623 aeria,
843 3533 968 3604 lazurii
994 3539 1029 3605 et
1056 3533 1206 3634 omnium
1238 3534 1449 3604 minerarum
1474 3529 1802 3604 1661666666-

250 3656 402 3752 cor'rensi
418 3655 720 3745 consurgentium,
748 3655 902 3727 babebat
928 3662 964 3725 et
990 3654 1044 3725 ius
1071 3654 1284 3744 percipiendi
1304 3654 1469 3725 decimam
1487 3653 1635 3725 inomni
1653 3659 1802 3742 1666616,

249 3777 292 3848 de
319 3789 386 3868 quo
413 3777 588 3849 habentur
613 3775 751 3847 litterae
776 3775 973 3847 autenticae
999 3795 1120 3865 regum
1138 3781 1174 3845 61
1190 3775 1384 3865 principum
1409 3775 1446 3845 in
1473 3774 1608 3845 aerario
1635 3769 1802 3844 ecclesiae

250 3896 508 3986 Cracoriensis,
538 3892 605 3968 'sed
639 3916 805 3986 processu
840 3897 1007 3985 temporis
1042 3895 1195 3966 decimae
1231 3895 1428 3966 huiusmodi
1463 3915 1526 3985 661
1554 3894 1800 3983 negligentiam

250 4016 450 4105 pontificum
477 4022 513 4087 et
539 4016 849 4087 ecclesiasticarum
875 4036 1103 4105 personarum
1119 4014 1260 4085 suerunt
1279 4017 1475 4104 abrogatae.
1501 4014 1557 4086 Ex
1576 4013 1801 4105 quolccidit,

251 4136 343 4225 quod
369 4143 406 4205 et
432 4135 611 4224 praedicta
636 4136 835 4224 praebenda
863 4157 926 4206 sua
957 4135 1090 4206 decima
1116 4135 1298 4226 monetali,
1337 4157 1439 4226 quam
1466 4135 1647 4225 episcopus
1674 4132 1801 4206 01666·

250 4256 378 4327 viensis
405 4256 441 4326 in
468 4239 544 4326 eam
571 4256 774 4345 contulerat,
800 4255 867 4326 fuit
894 4257 1052 4347 spoliata,
1079 4263 1115 4327 et
1143 4257 1187 4327 ad
1213 4257 1419 4327 tenuitatem
1446 4277 1532 4346 eam,
1559 4256 1595 4327 in
1622 4276 1691 4347 qna
1708 4275 1800 4327 nuuc

249 4381 314 4467 est,
340 4376 490 4447 redacta.
516 4374 633 4446 Habet
660 4377 774 4465 etiam,
801 4377 998 4466 habereque
1025 4350 1129 4449 debet
1150 4382 1187 4447 et
1207 4377 1385 4448 consuevit
1410 4375 1598 4474 praefatus
1614 4375 1799 4447 canonicus

248 4496 469 4588 praebendae
487 4495 686 4585 praedictae
713 4496 840 4589 villam¹
857 4498 1172 4586 praestimonialem
1192 4497 1427 4587 capitularem,
1446 4517 1488 4567 ex
1511 4496 1632 4569 ordine
1649 4502 1686 4567 et
1703 4485 1800 4582 senio

248 4618 348 4690 illum
374 4617 665 4717 contingentem.¹

284 4829 286 4832 y
351 4738 440 4809 Item
468 4735 626 4826 praefata
652 4737 850 4827 praebenda
885 4738 991 4811 babet
1017 4739 1183 4809 vicariam
1209 4743 1411 4828 perpetuam
1438 4738 1474 4809 in
1502 4736 1647 4809 ecclesia
1672 4733 1799 4808 Gracc·

248 4860 367 4949 viensi,
396 4879 498 4948 quam
525 4878 616 4928 nunc
641 4862 738 4929 tenet
753 4857 955 4939 ‚Stanislaus
983 4859 1025 4931 de
1044 4857 1398 4951 Przyewo'rsko,
1423 4859 1511 4929 baec
1537 4859 1667 4930 1166116
1693 4857 1797 4928 ctiam

247 4999 311 5069 pro
339 5000 403 5051 sua
428 4980 654 5070 proprietate,
681 4979 783 5052 titulo
806 4980 942 5057 etdote
969 5001 1038 5052 non
1066 4981 1172 5052 babet
1199 4981 1333 5070 aliquas
1359 4978 1511 5052 decimas
1538 4986 1600 5052 aut
1626 4978 1800 5068 introitus,
1842 4988 1847 4995 “

247 5097 309 5171 sed
334 5105 451 5172 tamen
478 5101 601 5192 habat,
636 5080 835 5192 116161661ῐὲ
870 5101 974 5173 debet
1008 5107 1044 5172 et
1081 5102 1260 5172 consuevit
1285 5107 1436 5191 quatuor
1462 5120 1595 5177 marcas
1617 5100 1797 5191 pecuniae

247 5219 388 5309 usualis,
416 5240 502 5310 quas
520 5222 587 5293 sibi
604 5226 744 5293 tenetur
762 5221 862 5293 annis
881 5221 1026 5312 siugrdis
1041 5221 1237 5320 canonicus
1265 5243 1348 5293 suus
1374 5221 1592 5313 praebendae
1620 5219 1797 5311 praefatae

245 5341 429 5413 monetalis
455 5361 519 5432 pro
545 5347 701 5435 tempore
728 5343 872 5435 solvere,
899 5338 1076 5435 tamquam
1100 5342 1160 5435 illi,
1188 5344 1245 5433 qui
1273 5364 1337 5435 616
1365 5363 1406 5416 66
1433 5340 1581 5415 labores'
1599 5343 1798 5421 diurnoset
