4050 6054
284 455 356 525 196

285 659 489 731 aestimatur
515 657 589 727 eius
616 655 760 727 611166
786 674 929 724 marcas.
956 653 1043 723 Item
1070 652 1249 742 praedium
1277 672 1346 723 666
1374 653 1480 723 estin
1499 652 1632 724 661616
1664 651 1775 741 villa,
1805 670 1877 723 non

285 786 366 852 sunt
392 780 571 866 tabernae,
599 796 663 847 666
688 776 917 846 116116166166.

387 900 623 986 8661161666,
659 897 742 968 villa
769 897 832 966 sub
859 896 1025 985 parochia
1052 894 1094 965 de
1121 893 1286 984 bluyno
1314 894 1400 983 sita,
1435 894 1533 965 cuius
1567 895 1802 985 proprietas
1830 893 1876 965 61

284 1020 540 1092 661611166161661
568 1017 733 1088 Ρ6166166
760 1038 880 1106 regem
906 1017 1067 1105 pertinet,
1096 1015 1130 1084 in
1159 1036 1228 1103 qua
1254 1020 1335 1085 sunt
1354 1069 1361 1083 .
1381 1070 1389 1083 .
1408 1069 1442 1084 ..
1469 1015 1563 1085 lanei
1591 1015 1875 1103 emethonales,

285 1142 328 1212 de
356 1141 481 1231 quibus
508 1138 667 1209 omnibns
703 1138 835 1208 (16611116
869 1136 1095 1225 manipularis
1123 1142 1158 1205 et
1185 1136 1360 1225 canapalis
1396 1136 1542 1217 solvitur
1570 1142 1610 1207 et
1644 1136 1875 1207 conducitur

284 1283 347 1352 per
374 1268 523 1351 quatuor
550 1260 687 1348 ierugas
723 1279 786 1346 pro
813 1256 1013 1345 praebenda
1047 1257 1160 1345 prima
1186 1256 1218 1325 S.
1247 1254 1407 1345 Georgii,
1443 1262 1479 1326 61
1505 1256 1736 1329 aestimatur
1767 1258 1872 1329 valor

284 1384 359 1453 6166
385 1381 429 1451 61
457 1388 530 1451 1166
557 1401 701 1450 marcas.
728 1379 816 1449 Item
843 1377 1024 1467 praedium
1050 1400 1120 1447 11611
1139 1377 1247 1447 estin
1266 1377 1386 1448 661661
1413 1377 1505 1467 villa,
1532 1400 1603 1449 non
1625 1384 1723 1451 sunt
1742 1378 1871 1451 taber-

285 1522 360 1592 nae,
385 1520 450 1572 nec
476 1500 705 1571 hortulaniae.
1656 1578 1665 1597 ,

388 1621 539 1709 1116166,
566 1620 658 1707 villa,
684 1619 816 1689 habens
842 1619 878 1688 in
906 1639 944 1689 se
971 1618 1150 1689 ecclesiam
1178 1618 1412 1707 parochialem
1438 1617 1601 1709 ligneam,
1633 1619 1748 1693 cuius
1778 1620 1865 1693 hacss

283 1763 340 1813 res
366 1741 518 1813 lacobus
544 1740 738 1830 hinynsk
746 1763 788 1830 y,
814 1739 940 1809 nobilis
968 1739 1011 1808 de
1038 1739 1139 1809 domo
1167 1736 1354 1828 Gelyta,
1381 1739 1417 1808 in
1445 1759 1513 1829 qna
1540 1744 1625 1810 sunt
1646 1794 1862 1812 ........

284 1864 376 1934 16661
402 1860 645 1949 emethonales,
673 1860 715 1931 de
743 1881 889 1949 quorum
917 1860 1102 1950 aliquibus,
1130 1859 1249 1949 paucis
1275 1865 1401 1947 tamen,
1428 1860 1575 1930 solvitur
1603 1859 1757 1933 decima
1786 1884 1860 1935 ma·

283 1983 450 2073 nipularis
477 2003 541 2072 pro
569 1981 715 2052 66616616
742 1981 777 2050 iu
804 1979 842 2049 hl
854 2004 874 2049 11
885 2003 907 2070 y
917 2002 991 2068 1103
1018 1980 1059 2051 do
1087 1980 1210 2050 maiori
1237 2001 1320 2050 uero
1347 1987 1447 2070 parte
1475 2001 1662 2071 agrorum,
1691 1982 1788 2055 item
1814 1983 1860 2055 16

284 2110 432 2194 quatuor
459 2103 614 2174 tabernis
641 2102 852 2174 habentibus
879 2122 1000 2191 agros,
1035 2101 1181 2171 solvitur
1208 2107 1245 2171 et
1272 2101 1476 2171 conducitur
1502 2122 1568 2190 pro
1594 2103 1719 2191 prima
1748 2125 1856 2195 prae·

283 2225 397 2297 116616
422 2224 456 2295 S.
483 2222 625 2313 Georgii
653 2229 724 2292 tam
752 2221 979 2311 mardpnlaris
1007 2243 1109 2311 quam
1136 2222 1323 2311 canapalis,
1351 2229 1387 2292 et
1406 2221 1503 2293 valor
1529 2223 1604 2293 eius
1633 2223 1857 2299 aestimatur

285 2346 329 2416 ad
357 2346 508 2436 quinque
535 2364 679 2414 marcas.
705 2344 794 2413 Item
821 2349 876 2412 661
901 2343 950 2412 ibi
977 2342 1157 2432 praedium
1189 2341 1339 2411 militare
1368 2343 1504 2414 unicum
1531 2349 1567 2414 et
1593 2344 1740 2435 aliquot
1767 2346 1854 2419 hor·

283 2466 453 2554 tumulae,
490 2466 533 2535 de
569 2465 694 2554 quibus
733 2463 890 2534 omnibus
927 2463 1131 2533 conducitur
1166 2462 1300 2534 decima
1335 2463 1560 2554 manipularis
1597 2466 1778 2539 ecclesiae
1813 2468 1852 2539 in

285 2586 421 2677 hlnyu
433 2608 463 2655 6.

386 2706 547 2793 1611116,
588 2704 671 2775 villa
710 2705 774 2775 sub
814 2704 980 2793 parochia
1020 2703 1061 2773 de
1103 2703 1299 2793 Bedlno,
1340 2706 1436 2775 66166
1476 2706 1599 2777 haeres
1634 2708 1850 2785 Dominicns

285 2827 492 2897 hillinus
519 2826 562 2896 de
588 2824 720 2896 familia
746 2823 1166 2915 Grnymalitarum,
1192 2825 1228 2894 in
1256 2847 1324 2914 qua
1351 2832 1455 2897 suut.
1474 2882 1481 2895 .
1500 2880 1535 2897 ..
1561 2827 1656 2899 lanei
1684 2832 1848 2905 611161116-

286 2948 401 3036 66166,
440 2947 483 3017 16
521 2947 645 3035 qnibns
682 2947 838 3017 ornuibus
875 2945 1022 3016 soluitur
1057 2951 1093 3016 et
1129 2945 1334 3016 conducitur
1370 2946 1502 3017 decima
1537 2948 1774 3039 manipularis
1810 2958 1848 3027 61

286 3069 470 3158 canapalis,
497 3073 534 3139 et
561 3046 658 3138 valor
694 3069 769 3138 eins
795 3068 1000 3138 aestimatur
1026 3067 1071 3138 ad
1098 3067 1183 3139 duas
1210 3089 1353 3138 marcas.
1398 3069 1486 3139 ltem
1517 3069 1720 3163 praedium,
1758 3072 1846 3149 item

286 3190 464 3277 tabernae,
491 3190 574 3275 item
601 3188 827 3259 hortulaniae.

392 3310 567 3399 Sunium,
603 3310 687 3380 uilla
717 3310 781 3380 suh
811 3309 976 3399 parochia
1016 3309 1059 3379 de
1085 3308 1311 3399 Zau’pschina
1344 3310 1373 3379 P
1382 3311 1590 3401 ylczicza
1617 3312 1710 3405 6116,
1744 3316 1845 3389 66166

288 3485 403 3500 .....
429 3430 887 3522 liobyelshy......‚
914 3430 950 3500 111
978 3451 1046 3520 qua
1073 3437 1153 3500 66111
1180 3430 1432 3500 lanei......
1460 3426 1716 3525 6166111666166,
1754 3436 1841 3509 item

286 3573 354 3622 666
379 3551 527 3621 taberna
554 3553 685 3622 habens
711 3572 824 3641 agros,
852 3552 894 3620 16
922 3552 1046 3640 (1611166
1074 3552 1232 3621 erunibus
1259 3552 1406 3622 solvitur
1429 3557 1464 3623 et
1482 3553 1687 3624 conducitur
1704 3555 1841 3629 decima

284 3672 510 3761 manipularis
529 3677 565 3742 61
583 3672 759 3761 canapalis
787 3693 849 3760 pro
868 3672 981 3760 prima
1007 3671 1207 3761 praebenda
1225 3672 1258 3741 S.
1278 3670 1431 3761 Georgii,
1459 3678 1494 3744 et
1512 3674 1612 3745 valor
1630 3676 1840 3751 aestimatur

284 3791 428 3863 eiusad
458 3799 529 3863 tres
556 3814 699 3863 marcas.
732 3792 818 3862 ltem
845 3792 1025 3881 praedium
1052 3799 1107 3862 est
1134 3792 1181 3862 ibi
1209 3814 1314 3863 unum
1342 3793 1511 3883 militare,
1546 3794 1589 3865 16
1616 3796 1715 3869 66166
1742 3799 1838 3891 agris

283 3912 431 3984 solvitur
458 3912 591 3983 decima
617 3912 783 3985 ecclesiae
811 3913 847 3982 in
874 3912 1134 4003 l'ilczycza.

677 4174 872 4256 Secunda
906 4175 1147 4280 praebenda
1180 4174 1222 4254 8.
1255 4175 1439 4280 Georgii.

390 4396 549 4469 Secunda
586 4399 787 4488 praebenda
823 4400 857 4468 S.
885 4396 1043 4499 Georgii,
1079 4404 1118 4468 ut
1147 4398 1179 4466 111
1208 4398 1446 4487 superioribus
1481 4402 1743 4495 praemisimuS,
1778 4428 1838 4499 per

283 4519 478 4591 Johanuom
498 4519 759 4590 Grothonis
786 4520 984 4608 episcopum
1003 4517 1273 4606 Gracorieusem,
1293 4519 1443 4590 nobilem
1464 4521 1506 4591 dc
1524 4522 1631 4594 armis
1648 4500 1688 4597 61
1705 4523 1837 4601 familia

283 4640 433 4729 llawa,
470 4641 592 4711 dotata
627 4647 681 4712 est
717 4639 759 4710 (16
797 4661 965 4711 661166666
1001 4646 1037 4709 61
1069 4637 1318 4708 ratihabitione
1354 4642 1496 4729 capituli
1524 4640 1777 4741 cracoviensis,
1803 4656 1839 4721 61

284 4761 418 4832 decima
444 4761 480 4831 in
507 4761 590 4835 villa
615 4761 873 4852 Lyesczina
899 4782 962 4849 pro
982 4761 1063 4831 dote
1089 4758 1139 4829 illi
1167 4759 1351 4849 assignata,
1378 4762 1475 4834 cuius
1502 4763 1768 4854 iuspatronatus
1794 4770 1838 4843 61

285 4881 542 4953 661611166116661
561 4902 677 4971 regem
696 4880 861 4953 Poloniae
889 4881 1051 4970 pertinet3
1079 4900 1154 4950 eam
1173 4900 1264 4949 nunc
1282 4884 1379 4950 tenet
1396 4880 1575 4954 lohannes
1601 4884 1839 4985 Woyschyk

285 5000 328 5072 de
355 5000 551 5093 Woycza
585 5008 702 5073 666166
729 5000 987 5090 Gracoriensis,
1023 4999 1149 5071 nobilis
1185 4998 1228 5068 16
1256 4999 1361 5070 616116
1388 5000 1599 5096 Poualya
1637 5028 1702 5083 seu
1727 5012 1838 5107 Ogo-

285 5143 460 5212 66666,
487 5122 585 5193 66166
613 5122 825 5212 infrascripti
852 5127 934 5194 sunt
960 5126 1159 5212 proventus

389 5243 619 5333 Lrnscmmi,
655 5243 738 5314 villa
764 5244 828 5314 sub
856 5243 1021 5334 parochia
1057 5247 1222 5325 ecclesiae
1258 5244 1300 5316 (16
1337 5248 1575 5325 Trzczana
1611 5257 1701 5349 sita,
1738 5262 1838 5335 cuius

283 5362 407 5435 haeres
433 5364 674 5439 serenissimus
702 5364 866 5437 l'oloniae
893 5386 965 5458 rex,
992 5368 1028 5439 in
1056 5392 1123 5462 qua
1151 5381 1232 5447 sunt
1260 5374 1619 5467 1611616166111666166,
1648 5377 1839 5475 dequibus
