4050 6054
1699 483 1749 555 99

199 669 379 774 proprios,
415 703 458 756 ex
486 685 611 774 quibus
638 683 742 759 datur
768 684 902 758 decima
937 684 1163 777 manipularis
1190 685 1338 778 plebano
1377 687 1505 760 ibidem
1533 689 1570 760 iu
1597 689 1758 773 Radri-

199 824 233 875 m
273 825 360 877 cze.
1172 870 1175 880 ,
1460 873 1461 877 Ν

242 824 265 964 ·y
302 926 391 997 Item
409 926 608 1016 praebenda
625 925 782 1017 praefata
799 927 906 999 lrabet
924 934 1082 1018 quartam
1102 928 1269 1000 decimam
1287 929 1420 1001 invilla
1438 928 1509 1000 Ma
1522 953 1610 1021 gna
1627 931 1758 1005 Prae-

151 1094 154 1099 <
200 1067 454 1139 mypczany,
483 1068 571 1138 quac
598 1053 652 1119 ost
678 1049 882 1120 monasterii
909 1054 944 1120 et
970 1050 1284 1121 sanctimonialium
1314 1050 1356 1121 dc
1384 1049 1757 1153 Stbnnynntblry,

199 1171 234 1240 in
263 1190 331 1259 qua
355 1168 453 1241 nulla
480 1175 534 1254 est
561 1169 674 1258 corin,
707 1190 771 1241 nec
797 1170 903 1260 aliqui
939 1171 1029 1242 lanei
1060 1170 1274 1262 praedialeS,
1310 1171 1371 1243 sed
1398 1173 1637 1245 tantummodo
1667 1174 1758 1283 lanei

94 1324 96 1330 ⁸
200 1289 431 1362 cmetbonales
469 1289 680 1382 quindecim,
719 1296 755 1361 et
791 1290 879 1361 dune
913 1292 1081 1362 tabernae
1107 1298 1144 1362 et
1170 1313 1275 1363 unum
1311 1292 1562 1384 molendinum,
1598 1295 1758 1385 proprios

200 1430 303 1500 agros
329 1410 518 1499 babentes3
545 1409 607 1488 sed
633 1411 810 1502 perceptio
836 1412 939 1482 buius
966 1411 1118 1483 decimae
1150 1411 1406 1485 diversificatur
1432 1405 1625 1485 inter'tres
1652 1436 1753 1506 prae-
1878 1454 1892 1476 e

200 1531 332 1602 bendus
359 1530 623 1623 Graoovienses,
658 1532 821 1604 videlicet
854 1531 890 1602 iu
918 1533 1151 1622 praebendam
1178 1533 1493 1624 Wyanczlrowska,
1530 1541 1571 1606 et
1591 1536 1627 1606 in
1654 1557 1758 1626 prae·

200 1651 348 1725 modam
383 1652 589 1743 Zyrawskn,
636 1658 672 1724 et
707 1654 743 1724 in
780 1652 1012 1743 praebendam
1048 1653 1340 1743 Bossntbowslra3
1385 1655 1525 1726 biennio
1561 1661 1677 1727 autem
1695 1676 1755 1729 nex
1870 1719 1873 1721 s

138 1813 149 1835 -,
201 1773 334 1845 duobus
362 1774 492 1864 campis
519 1775 672 1864 pertinet
698 1773 810 1845 maior
835 1782 921 1863 pars
942 1774 1116 1864 decimae,
1152 1776 1187 1845 in
1214 1775 1319 1846 tertio
1347 1794 1429 1846 uero
1457 1776 1540 1846 anni
1567 1777 1603 1847 in
1630 1778 1756 1849 minori

114 1944 121 1952 =
201 1907 331 1984 canipo,
358 1894 472 1965 minor
497 1915 580 1984 pars
608 1899 742 1984 spectat
776 1893 929 1964 decimae
956 1895 1000 1965 ad
1027 1894 1258 1984 praebendam
1286 1894 1603 1986 Wyanczlrouska,
1631 1901 1667 1968 et
1692 1896 1756 1970 du-

202 2015 306 2085 citur·
319 2034 384 2104 pro
411 2014 571 2086 omnibus
599 2015 773 2086 canonicis
799 2034 866 2104 pen
880 2015 1079 2086 emethones
1106 2016 1142 2085 in
1160 2014 1343 2104 horreum,
1370 2021 1407 2087 et
1425 2017 1630 2088 aestimatur
1658 2018 1759 2100 valor,

202 2134 354 2207 decimae
381 2133 557 2227 praefatae
583 2156 648 2224 pro
675 2135 873 2225 praebenda
899 2134 1223 2227 Wyanczlrowsku,
1242 2135 1382 2207 biennio
1400 2135 1444 2208 nd
1461 2136 1580 2208 decem
1599 2144 1659 2209 aut
1676 2145 1755 2212 octo

202 2260 353 2346 malcas,
391 2256 496 2326 tertio
531 2246 614 2327 vero
651 2276 740 2326 anno
768 2256 812 2326 ad
839 2261 912 2327 tres
947 2274 1091 2327 marens.
1137 2253 1247 2328 Solvit
1280 2256 1386 2328 etiam
1422 2257 1588 2362 decimam
1625 2261 1758 2350 canapi

204 2397 335 2467 canapo
363 2396 460 2467 puro,
488 2381 523 2447 et
549 2377 616 2447 sita
643 2380 698 2447 est
725 2378 760 2446 in
787 2376 953 2467 parocbia
979 2377 1145 2448 ecclesiae
1172 2369 1221 2448 de'
1241 2377 1519 2469 Zelenycze,
1546 2384 1582 2449 et
1609 2379 1756 2451 solvitur

201 2476 335 2617 (ψει
361 2497 483 2587 canapi
509 2495 972 2587 perquatuoriuncturos,
1000 2504 1037 2568 et
1062 2497 1137 2568 sola
1163 2497 1363 2587 praebenda
1389 2498 1759 2606 Bossutbonaka

202 2614 370 2692 decimam
396 2618 519 2708 canapi
544 2638 607 2708 per
634 2638 742 2688 annos
769 2618 924 2708 singulos
951 2618 1118 2708 percipit3
1145 2618 1228 2689 item
1255 2640 1323 2689 non
1351 2623 1433 2689 suut
1459 2618 1509 2691 ibi
1526 2619 1756 2692 hortulaniae.

219 2758 225 2785 ··
305 2738 393 2813 Item
430 2738 628 2842 praebenda
662 2737 841 2837 praedicta
875 2739 982 2817 babet
1018 2741 1173 2829 quintam
1210 2738 1377 2810 decimum
1404 2739 1439 2810 in
1467 2739 1551 2810 villa
1585 2738 1757 2832 Wolya,

202 2861 270 2931 sita
296 2859 332 2930 in
359 2859 525 2950 parocbia
551 2842 989 2958 Wrotfdpmowycse,
1026 2860 1123 2931 cuius
1150 2860 1345 2950 proprietas
1370 2860 1524 2948 pertinet
1542 2859 1585 2930 ad
1606 2860 1756 2932 nobilem

202 2980 396 3085 Jobannem
424 2979 639 3081 Thu-rsky
666 2980 709 3052 de
736 2980 837 3052 domo
865 2976 1149 3072 Grylfonnm.
1189 2981 1229 3050 lu
1257 3000 1326 3071 qua
1352 2986 1434 3052 aunt
1460 3001 1521 3052 sex
1547 2981 1638 3051 lanei
1667 3001 1757 3053 cmc·

155 3112 160 3121 '
201 3100 360 3174 tbonales
387 3084 675 3173 ebunanberna
692 3105 728 3173 et
745 3101 835 3172 dnae
849 3099 1081 3191 -hortulaniue,
1100 3102 1269 3197 babentes
1287 3121 1391 3191 agros
1409 3102 1587 3192 proprios:
1612 3102 1758 3175 diverti·

58 3203 60 3207 ’
133 3260 136 3265 ·
202 3220 328 3327 {icatur
354 3223 460 3293 etiam
486 3223 664 3314 perceptio
691 3222 844 3295 decimae
870 3222 1092 3312 praedicatae
1109 3224 1146 3293 iu
1164 3223 1250 3294 duas
1268 3223 1483 3313 praebendas
1501 3221 1789 3312 Gracovienses,

204 3340 369 3416 videlicet
392 3344 487 3415 iuter
512 3343 744 3434 praebendam
772 3342 1070 3435 ll'yanczlrowsna
1086 3347 1123 3415 et
1145 3330 1363 3436 Zyrauska,
1389 3349 1426 3413 et
1452 3364 1520 3413 uno
1539 3326 1646 3414 anno*
1659 3363 1760 3432 prae·

205 3465 320 3539 benda
345 3464 645 3558 Wyanczkowslra
680 3464 829 3555 percipit
865 3465 981 3534 omnia
1006 3463 1179 3555 hyemalia
1206 3465 1249 3535 de
1284 3463 1430 3554 singulis
1465 3463 1569 3552 agris,
1606 3461 1757 3535 secundo

203 3606 286 3682 nero
313 3572 418 3658 anund*
431 3585 547 3657 omnia
573 3587 677 3657 etiam
705 3584 886 3656 aestivalia
912 3584 956 3654 de
983 3584 1141 3655 omnibns
1168 3584 1279 3674 agris,
1306 3584 1411 3655 tertio
1440 3603 1522 3654 vero
1550 3604 1640 3654 amm
1668 3583 1760 3654 nibil

203 3706 371 3798 percipit;
407 3706 536 3778 ducunt
551 3705 729 3778 decimam
762 3705 961 3775 cmetbones
989 3705 1024 3773 in
1051 3704 1233 3793 borreum,
1252 3708 1304 3774 'et
1330 3703 1484 3774 solvunt·
1504 3702 1671 3774 decimam
1700 3723 1781 3774 ca-.

203 3829 283 3919 napi
310 3827 344 3927 ei
371 3828 553 3916 canonico,
590 3826 633 3898 ad
661 3844 761 3917 quem
788 3826 940 3916 pertinet
971 3825 1148 3915 perceptio
1175 3824 1411 3915 hyemalium3
1438 3824 1474 3894 lu
1501 3824 1592 3895 bunc
1619 3822 1757 3895 modum

204 3952 240 4021 et
266 3948 465 4040 praebenda
500 3948 690 4040 Zyrauslra
724 3946 874 4037 percipit
909 3946 1076 4018 decimam
1112 3945 1339 4036 praedictum,
1375 3966 1443 4016 uno
1470 3944 1632 4015 videlicet
1667 3965 1757 4015 anno

204 4070 404 4160 aestivalia,
431 4070 543 4141 altero
569 4067 742 4160 hyemalia
768 4073 804 4138 et
829 4067 935 4139 tertio
963 4066 1086 4139 omnia.
1114 4065 1329 4138 Aestimatnr
1344 4052 1446 4145 solor
1472 4065 1670 4156 praedictae
1698 4063 1758 4136 de·

205 4192 329 4280 cimae,
357 4191 494 4281 quando
522 4191 648 4262 cedunt
673 4188 864 4280 hyemalia,
893 4189 937 4259 ad
956 4193 1105 4279 quatuor
1130 4206 1283 4277 marcas,
1311 4186 1448 4276 quando
1468 4208 1550 4258 vero
1569 4185 1761 4277 aestivalia,

84 4319 89 4326 '
154 4292 160 4307 ’
205 4312 250 4383 ad
276 4312 363 4384 duas
390 4331 534 4383 marcos.
575 4309 642 4382 Est
668 4310 771 4381 etiam
798 4310 847 4380 ibi
874 4309 990 4400 curia,
1024 4309 1157 4381 babens
1184 4329 1286 4398 agros
1322 4306 1760 4398 praediales,.de'quibus

205 4432 309 4507 datur
334 4433 468 4506 decima
502 4431 728 4522 manipularis
761 4450 824 4521 pro
851 4404 997 4503 ecdesm
1023 4435 1061 4502 et
1077 4430 1234 4525 ,plebano
1261 4429 1297 4499 in
1324 4428 1758 4519 Wroczymouycze.

308 4552 397 4626 ltcm
423 4553 622 4645 praebenda
648 4552 827 4643 praedicta
852 4551 957 4653 bearet
984 4508 1312 4637 sertfflrdecimam
1338 4549 1587 4639 manipularem
1614 4548 1649 4618 in
1676 4547 1761 4618 villa

205 4675 381 4767 Korky3
411 4674 491 4746 sub
526 4672 692 4765 parocbia
725 4664 1003 4747 Scarbimidensi
1039 4672 1126 4762 sita,
1163 4671 1260 4743 cuius
1291 4669 1488 4760 proprietas
1528 4668 1681 4772 pertinet
1713 4666 1758 4738 ad

206 4797 369 4869 nobilem
384 4795 594 4870 stanislaum
620 4795 663 4867 de
682 4782 1021 4897 Kinroswanky,
1040 4792 1203 4865 dedomo
1222 4790 1408 4875 eblandita
1432 4790 1608 4876 Itosae,
1626 4789 1662 4858 in
1691 4808 1761 4879 qua

206 4924 288 4990 suot
315 4919 465 5010 quinque
491 4915 862 5006 laneicmetbonales,
897 4919 935 4987 et
960 4918 1080 4988 sertus
1110 4915 1233 4986 laneus
1246 4913 1390 5003 eampi,
1423 4912 1486 5003 qui
1512 4915 1658 4982 vocatur
1683 4909 1760 4981 Za-

206 5038 257 5110 kr
269 5061 358 5111 zow
371 5041 450 5111 slre
470 5039 621 5130 polyc:
640 5037 895 5110 diversificatur
912 5037 1027 5109 etiam.
1036 5037 1215 5127 perceptio
1231 5024 1432 5125 praedictae
1450 5031 1603 5103 decimae
1621 5031 1658 5102 in
1671 5031 1760 5105 duas

205 5141 425 5251 praebendas
452 5158 729 5250 (lracovienses,u
746 5159 910 5232 videlicet
935 5160 971 5230 in
998 5154 1297 5249 Wyaucakowska
1322 5161 1359 5225 st
1384 5153 1696 5264 Raemyanouskn,
1723 5159 1761 5226 et

207 5281 523 5357 immansionbrios
551 5268 816 5371 Crotonienses,
847 5286 883 5354 et
908 5298 977 5353 nno
1004 5298 1108 5351 anno‘
1121 5276 1271 5370 percipit
1296 5296 1366 5347 una
1391 5295 1473 5366 pars
1499 5273 1680 5365 hyemalia,
1707 5294 1762 5348 ae·
1859 5359 1868 5371 ,

209 5388 557 5505 cobnoffaenivuras
574 5403 756 5482 ettertin·
769 5401 1078 5500 parum-aucun
1100 5394 1307 5479 mallones
1332 5396 1562 5477 uatum-iu
1588 5395 1763 5499 hunnum,
