4050 6054
1626 421 1699 493 507

254 608 633 713 Sogrornnnowroza,
663 613 755 703 villa,
784 615 880 686 cuins
907 619 1108 689 cmethones
1135 620 1199 692 sub
1227 620 1373 693 ecclesia
1399 618 1589 713 parochiali
1615 625 1699 698 Ku-
1759 595 1762 601 ἱ

148 716 311 840 npucze'
327 730 387 802 siti
421 735 520 822 sunt,
558 733 656 804 curia
690 738 806 821 aulem
841 736 1001 814 militaris
1035 724 1138 810 unica
1174 740 1238 811 sub
1272 742 1436 831 parochia
1471 744 1635 816 ecclesiae
1662 746 1699 816 in

32 896 40 902 -
149 849 348 942 Slawno,
385 852 420 921 in
458 873 526 942 qua
563 860 644 925 sunt
678 875 739 925 son
772 855 863 926 lanei
899 858 1151 948 cmethonales,
1178 859 1261 931 item
1296 868 1445 952 quatuor
1480 860 1700 938 hortulaniae'

148 972 317 1044 habentes
345 993 458 1063 agros,
485 973 528 1044 de
555 975 680 1063 quihus
707 976 866 1071 omnibus
892 978 1040 1050 solvitur
1066 979 1199 1051 decima
1224 981 1449 1071 manipularis
1472 984 1697 1057 cancellariae

147 1092 363 1163 lanciciensi
399 1100 435 1165 ot
461 1094 638 1184 magistris
665 1095 701 1166 in
728 1096 885 1174 ecclesia·
899 1097 933 1169 S.
959 1098 1115 1170 Floriani
1140 1099 1371 1191 beneficiatis,
1400 1107 1437 1173 et
1461 1103 1594 1175 ducunt
1620 1125 1697 1177 eam

148 1214 348 1285 cmethones
375 1215 528 1305 propriis
555 1216 714 1287 curribus
741 1217 777 1287 in
804 1217 968 1289 horreum
995 1238 1017 1288 a
1042 1220 1218 1310 magistris
1245 1220 1446 1313 locandum,
1473 1229 1509 1294 et
1534 1225 1696 1296 aestima-

146 1340 206 1405 tur
233 1333 307 1405 eins
341 1333 440 1405 valor
466 1336 510 1408 ad
538 1336 689 1427 quinqua
714 1357 860 1409 marcas.
899 1339 988 1410 Itom
1015 1338 1182 1410 decimam
1209 1341 1331 1432 canapi
1358 1342 1498 1413 solvunt
1523 1364 1586 1433 per
1613 1365 1697 1436 qua·

100 1487 103 1491 v
147 1460 229 1525 tuor
263 1453 421 1544 ierugas,
448 1455 532 1526 item
558 1456 595 1526 in
622 1456 743 1528 eadem
769 1458 852 1530 villa
879 1464 933 1530 cst
959 1459 1121 1550 tahema,
1149 1460 1210 1531 sed
1237 1473 1305 1532 non
1332 1461 1439 1534 habet
1464 1483 1586 1553 agros;
1612 1464 1697 1536 item

147 1573 251 1643 villae
285 1573 463 1663 praefatae
498 1581 553 1647 est
588 1576 709 1649 unicus
744 1578 869 1650 haeres
904 1578 1065 1671 Andreas
1095 1581 1222 1652 nobilis
1249 1580 1291 1651 de
1317 1582 1423 1654 armis
1449 1581 1634 1675 Prosci,
1662 1589 1698 1656 et

148 1693 254 1765 habet
280 1694 419 1766 unicum
445 1696 626 1785 praedium
653 1697 689 1767 in
715 1698 835 1770 eadem
863 1699 954 1791 villa,
982 1701 1025 1773 de
1052 1701 1149 1772 cuius
1167 1701 1261 1791 agris
1280 1701 1385 1773 solvit
1403 1702 1570 1774 decimam
1587 1704 1697 1776 mani·

100 1808 102 1814 ’
146 1813 724 1908 pulareminByalehrzegy.
1466 1849 1467 1852 ¹

258 1933 444 2026 Kourczn,
475 1936 575 2026 villa,
603 1937 735 2009 habens
771 1940 807 2010 tn
843 1961 881 2038 se
917 1940 1097 2011 ecclesiam
1131 1941 1366 2031 parochialem
1396 1942 1563 2033 ligneam,
1600 1944 1696 2017 cuius

145 2054 313 2125 haeredes
339 2054 467 2126 Petms
494 2058 715 2146 praepositus
741 2058 1006 2148 Sandeczensis,
1033 2067 1070 2132 et
1095 2059 1324 2150 Laurentius,
1351 2061 1499 2152 Paulus,
1527 2062 1692 2135 Nicolaus

146 2172 410 2264 Throsczel‚
437 2175 601 2248 Nicolaus
629 2175 829 2270 Goliian,
847 2179 976 2252 Paulus
994 2180 1239 2272 Brzoszky,
1259 2182 1393 2253 nobiles
1412 2182 1455 2253 de
1474 2181 1574 2253 domo
1592 2182 1696 2254 Bun·

12 2348 16 2358 .
145 2314 241 2383 cza,
276 2295 312 2365 in
349 2316 417 2385 qua
452 2303 534 2367 sunt
568 2297 660 2369 lanci
696 2300 946 2390 cmethonales,
974 2300 1017 2371 de
1051 2301 1176 2390 quibus
1204 2302 1362 2373 omnihus
1389 2301 1537 2373 solvitur
1563 2302 1716 2375 decima·

34 2470 38 2484 .
144 2416 370 2505 manipularis
405 2418 631 2489 cancellariae
666 2418 699 2490 S.
725 2420 880 2491 Floriani
915 2412 952 2492 et
987 2421 1165 2511 magistris
1191 2421 1405 2493 beneficiatis
1432 2427 1469 2492 et
1495 2422 1634 2493 ducitur
1660 2423 1696 2492 in

148 2523 312 2623 horreum
339 2558 361 2607 a
387 2538 564 2628 magistris
591 2539 791 2630 locandum,
818 2548 855 2612 et
881 2540 980 2612 valor
1005 2541 1211 2612 aestimatur
1237 2541 1436 2626 eiusad..
1463 2595 1471 2610 .
1496 2541 1586 2612 Item
1604 2540 1697 2613 deoi-

144 2677 202 2728 ma
227 2658 362 2748 canapi,
390 2658 474 2730 item
502 2659 690 2750 tabernae,
717 2661 800 2731 item
827 2661 1064 2751 hortulaniae,
1091 2662 1174 2733 item
1200 2661 1389 2751 praedium.

248 2776 489 2869 Lunrnszow,
516 2780 609 2870 villa,
635 2781 768 2852 hahens
793 2782 831 2851 in
858 2802 895 2852 se
922 2782 1102 2853 ecclesiam
1127 2782 1360 2872 parochialem
1377 2781 1528 2871 ligneam
1546 2780 1694 2854 Sanctae

143 2897 351 2971 Catherinae
379 2904 416 2970 et
441 2898 567 2970 Sancto
594 2899 738 2972 Nicolao
766 2902 934 2991 dicatam,
961 2903 1059 2973 cuius
1075 2903 1282 2993 ¹proprietas
1309 2908 1345 2973 ot
1372 2902 1560 2973 dominium
1585 2902 1695 2992 perti:

144 3025 205 3091 net
238 3020 283 3090 ad
309 3020 536 3111 leronimum,
563 3022 835 3113 Bernardinum,
862 3022 1115 3112 Prandotham,
1141 3021 1355 3112 iohannem,
1382 3022 1696 3112 Bartholomacum,

141 3140 204 3214 Iob
231 3148 267 3213 et
293 3141 499 3231 Martinam,
526 3143 660 3215 nohdcs
686 3143 814 3215 fratres
841 3144 884 3214 de
911 3143 1012 3214 domo
1029 3143 1253 3214 Zamhrza
1280 3139 1445 3232 Glowa,
1464 3142 1551 3212 alias
1569 3141 1692 3233 Wyo·

146 3283 321 3355 nyawa,
357 3263 394 3333 in
431 3284 499 3352 qua
534 3266 617 3335 s‘unt
652 3269 802 3354 quatuor
837 3284 914 3334 cum
949 3263 1063 3334 medio
1099 3262 1192 3333 lanei
1227 3262 1472 3351 cmethonales,
1499 3261 1542 3334 de
1570 3261 1694 3350 quibus
1767 3262 1770 3274 '

143 3385 291 3456 solvitur
326 3383 459 3456 decima
494 3383 719 3473 manipularis
760 3367 986 3454 cancellariae
1013 3383 1230 3476 lanciciensi
1256 3387 1293 3453 et
1318 3382 1496 3471 magistris
1523 3381 1560 3451 in
1587 3381 1695 3476 eccle-

144 3505 196 3576 sia
230 3504 264 3576 S.
290 3504 445 3575 Floriani
480 3504 711 3595 beneficiatis,
739 3510 775 3575 et
811 3504 942 3574 ducunt
977 3522 1052 3585 eam
1088 3502 1287 3573 cmethones
1315 3502 1351 3572 in
1378 3502 1542 3572 horreum
1568 3521 1590 3571 a
1616 3521 1689 3572 ma·

141 3625 261 3716 gistris
296 3625 496 3714 locandum,
524 3631 560 3696 et
595 3625 693 3695 valor
728 3624 933 3696 aestimatur
959 3624 1033 3695 eius
1059 3622 1105 3694 ad
1132 3628 1282 3713 quatuor
1311 3640 1454 3692 marcas.
1480 3620 1567 3692 ltcm
1597 3620 1689 3692 deci·

142 3766 234 3818 mam
269 3747 391 3836 canapi
427 3746 566 3817 solvunt
592 3766 656 3836 por
683 3750 831 3835 quatuor
857 3745 1014 3835 ierugas,
1040 3744 1125 3814 item
1151 3742 1298 3813 taberna
1324 3762 1394 3812 una
1419 3741 1552 3811 hahens
1579 3760 1691 3831 agroS,

142 3869 185 3940 de
221 3867 347 3959 quibus
383 3867 487 3937 solvit
524 3865 690 3938 decimam
725 3864 976 3956 manipularem
1001 3865 1037 3935 iu
1061 3860 1268 3958 ponitlawom
1293 3881 1357 3953 pro
1384 3860 1582 3951 magistris3
1609 3861 1693 3932 item

142 3987 362 4074 hortulaniae
389 3994 470 4059 suut
496 3988 545 4058 ihi
572 3986 670 4078 duae,
697 4008 767 4057 una
784 3985 982 4076 haeredum,
1001 3984 1070 4055 alia
1086 3983 1234 4074 plebani,
1253 3973 1401 4054 sednon
1420 3982 1552 4053 hahent
1570 4000 1693 4071 agros;

122 4109 225 4180 ‘item
251 4108 431 4199 praedium
459 4114 513 4179 est
539 4109 589 4181 ihi
614 4108 762 4198 unicum,
789 4108 832 4179 de
859 4108 956 4179 cuius
983 4106 1077 4197 agris
1104 4104 1262 4176 variatur
1289 4103 1423 4174 decima
1449 4102 1485 4173 in
1512 4107 1586 4173 tres
1612 4121 1693 4192 par-

145 4236 208 4320 tes,
235 4230 278 4302 de
305 4229 383 4301 unis
410 4230 540 4320 campis
567 4229 659 4302 tollit
685 4228 830 4300 ecclesia
856 4229 892 4298 iu
918 4227 1214 4318 Lubycszow,
1241 4225 1284 4295 de
1311 4223 1388 4295 aliis
1415 4243 1534 4294 mensa
1558 4223 1694 4293 archie-

143 4351 328 4441 piscopalis
365 4348 597 4441 Gneznonsis,
625 4351 667 4421 do
704 4349 820 4432 tertiis
855 4347 1120 4437 cancellariatus
1152 4345 1390 4418 Lanciciensis
1416 4344 1452 4415 in
1476 4340 1692 4439 pooitlowcm.

247 4471 595 4562 onnoscnowrncz,
622 4471 705 4542 villa
732 4471 795 4542 suh
823 4469 989 4560 parochia
1015 4467 1180 4539 ecclesiae
1207 4466 1251 4538 de
1277 4466 1587 4556 Lubyesszow
1614 4463 1693 4553 sita,

143 4593 239 4665 cuius
274 4593 470 4685 proprietas
506 4600 543 4665 et
578 4592 766 4672 dominium
799 4590 845 4661 ad
879 4587 1113 4678 Jeronimum,
1144 4587 1417 4677 Bernardinum,
1443 4584 1692 4673 Prandotham,

130 4714 352 4804 ,lohannem
379 4713 701 4803 Bartholomaeum,
728 4692 790 4784 Iob
823 4716 861 4782 et
884 4709 1077 4781 Martinam
1103 4709 1264 4800 pertinet,
1290 4697 1467 4797 praefatos
1492 4705 1630 4793 fratres,
1656 4705 1693 4775 in

143 4857 211 4927 qua
238 4841 320 4908 sunt
346 4835 526 4907 duodecim
552 4835 643 4905 lanei
670 4832 912 4923 cmethonales,
938 4817 981 4903 de
1008 4831 1134 4923 quihus
1152 4830 1301 4902 solvitur
1319 4827 1452 4900 decima
1466 4825 1692 4915 manipularis

141 4956 368 5029 cancellariae
402 4955 620 5028 Lanciciensi
655 4959 690 5026 et
718 4955 894 5045 magistris
921 4953 958 5024 in
984 4951 1131 5025 ecclesia
1156 4949 1190 5023 S.
1216 4949 1371 5021 Floriani
1397 4945 1629 5035 beneficiatis,
1656 4952 1693 5017 et

142 5062 273 5149 ducunt
297 5098 374 5149 eam
401 5080 598 5150 cmethones
624 5076 660 5149 in
687 5077 850 5148 horreum
876 5073 1091 5165 amagnstns
1109 5069 1301 5160 locandum,
1320 5075 1357 5140 et
1373 5068 1471 5140 valor
1489 5067 1566 5138 eius
1584 5066 1690 5137 aesti-

142 5203 259 5269 matur
285 5197 330 5270 ad
356 5253 364 5269 .
392 5248 400 5268 .
427 5251 435 5268 .
462 5198 550 5271 Item
577 5197 710 5270 decima
736 5197 859 5288 canapi
877 5196 1026 5270 solvitur
1043 5213 1106 5284 per
1124 5196 1272 5283 quatuor
1290 5190 1447 5279 ierugm3
1474 5187 1558 5258 item
1574 5186 1692 5258 taber—

142 5339 208 5397 nae
244 5320 332 5402 duae
368 5320 536 5403 habentes
572 5340 693 5423 agros,
720 5319 763 5390 de
800 5319 925 5423 quihus
952 5316 1101 5400 solvitur
1127 5312 1261 5397 delimo
1287 5310 1324 5382 in
1347 5305 1563 5418 qooitltwaro.
1601 5306 1691 5385 Item
