4050 6054
310 437 384 508 532

172 719 180 731 ,
309 641 474 714 Poloniae
501 642 598 711 cocto
624 637 822 710 nobilitavit
848 637 967 725 latere,
995 635 1089 705 illam
1116 636 1224 707 muris
1249 634 1404 705 extruxit
1429 639 1465 704 et
1482 634 1716 707 testudinibus
1734 640 1773 705 et
1790 636 1863 706 cle·

309 761 423 833 nodiis
449 759 634 832 adornavit
659 779 689 829 a.
714 759 757 828 D.
788 758 897 830 1355.
928 755 1091 828 Subiacet
1117 760 1233 827 autem
1259 755 1406 827 ecclesia
1431 754 1590 845 praelata
1616 754 1648 826 S.
1674 754 1863 828 Michaelis

309 881 492 970 collegiata
509 886 580 951 tam
595 880 631 950 in
645 880 888 969 praepositura
905 883 949 948 et.
959 876 1124 966 custodia,
1151 897 1253 966 quam
1271 877 1307 945 in
1325 876 1438 947 tribus
1452 875 1668 966 praebendis,
1682 876 1865 949 collationi

309 1002 613 1092 iurispatronatus,
640 999 852 1073 ordinationi
879 1003 916 1068 et
934 997 1117 1069 cuiuslibet
1143 997 1297 1086 alteriue,
1324 1001 1488 1085 quantum
1506 996 1551 1066 ad
1568 997 1863 1086 praesentandum

309 1121 527 1212 dispositioni
554 1120 707 1210 episcopi
734 1118 971 1191 cracoviensis
999 1138 1061 1188 seu
1083 1117 1368 1187 Vladislaviensis
1395 1137 1459 1205 pro
1486 1120 1651 1207 tempore,
1674 1117 1719 1188 ad
1744 1118 1864 1190 illum-

310 1262 376 1332 que
404 1242 541 1313 unicum
569 1246 605 1311 et
632 1240 743 1311 solum
770 1239 1005 1330 praesentatio
1033 1243 1069 1309 et
1091 1237 1352 1328 iuspatronatus
1378 1239 1652 1328 praepositurae,
1680 1239 1864 1311 custodiae

309 1367 346 1434 et
371 1363 477 1433 trium
504 1360 797 1451 praebendarum,
835 1359 1136 1448 quotiescumque,
1173 1357 1474 1448 quandocumque,
1510 1364 1546 1428 et
1573 1379 1616 1428 ex
1644 1379 1864 1450 quacumque

309 1502 414 1555 eausa
438 1481 658 1570 vacaverint,
692 1479 864 1569 pertinet,
891 1478 935 1550 ad
962 1464 1399 1567 cuius'praesentationem
1435 1484 1471 1549 et
1496 1499 1565 1549 nou
1592 1478 1756 1568 alterius,
1790 1479 1864 1553 loci

309 1602 506 1675 ordinarius
540 1590 779 1673 cracoviensis
813 1619 997 1691 personam
1032 1598 1192 1670 idoneam
1225 1598 1292 1670 sibi
1328 1604 1585 1689 praesentatam
1620 1598 1725 1672 debet
1759 1598 1865 1671 insti-

308 1729 408 1795 tuere
435 1726 470 1794 et
495 1721 698 1813 providere,
725 1726 765 1791 ut
791 1725 906 1791 autem
941 1720 1202 1810 iuspatronatus
1239 1718 1433 1811 praefatum
1469 1720 1630 1811 episcopo
1658 1719 1862 1795 Guiavienai

309 1865 373 1934 pro
400 1847 556 1932 tempore
583 1845 783 1913 servaretur
810 1847 846 1912 et
873 1840 1107 1913 custodiretur
1132 1841 1300 1930 illaesum
1326 1861 1495 1931 nemoque
1522 1840 1608 1913 illud
1635 1841 1781 1913 auderet
1805 1842 1866 1913 in·

310 1963 463 2061 fringere
489 1962 544 2033 vel
571 1966 763 2052 temerare,
790 1960 967 2051 praelatus
994 1960 1251 2032 Gasimirus
1287 1960 1453 2032 Poloniae
1479 1982 1560 2051 ren,
1597 1961 1656 2053 qui
1682 1963 1865 2054 praeposi·

309 2088 423 2156 turam
460 2081 492 2153 S.
518 2082 702 2153 Michaelis
738 2080 931 2172 praefatam
966 2101 1030 2171 pro
1058 2102 1127 2152 una
1153 2081 1324 2153 duntaxat
1359 2081 1551 2153 vacationis
1586 2083 1660 2153 vice
1695 2083 1733 2154 in
1759 2103 1866 2155 suum

309 2201 515 2275 familiarem
541 2223 604 2293 per
630 2202 821 2293 potentiam
848 2201 1052 2292 contulerat,
1079 2201 1176 2272 dedit
1202 2202 1365 2274 ecclesiae
1384 2201 1653 2274 Vladislaviensi
1671 2203 1734 2275 suh
1752 2204 1866 2275 maie-

220 2368 227 2381 ·
309 2323 411 2395 statis
439 2343 522 2393 suae
549 2322 662 2413 sigillo
690 2322 927 2413 privilegium,
964 2322 1241 2412 recognoscendo
1277 2323 1449 2394 universis
1484 2344 1549 2413 pro
1575 2324 1741 2395 memoria
1766 2322 1867 2397 iutu-
1919 2390 1928 2401 .

308 2465 436 2533 rorum,
463 2443 681 2531 collationem
709 2443 971 2533 praepositurae
998 2441 1031 2513 S.
1057 2442 1241 2514 Michaelis
1259 2442 1308 2513 ad·
1323 2445 1521 2534 episcopum
1548 2444 1867 2517 Vladislaviensem

309 2585 373 2655 pro
401 2569 566 2653 tempore,
594 2563 630 2633 in
648 2563 803 2653 qualibet
822 2563 1011 2652 vacatione,
1038 2565 1221 2654 perthiere,
1249 2585 1313 2635 noc
1339 2565 1432 2635 trahi
1451 2563 1578 2636 debere
1601 2565 1637 2635 in
1655 2565 1720 2656 ina,
1737 2586 1867 2657 seque-

309 2685 389 2774 lam,
416 2690 477 2755 aut
504 2683 611 2755 debiti
639 2684 889 2775 necessitatem,
913 2684 942 2755 si
961 2684 1035 2775 ipse
1062 2684 1156 2755 illam
1184 2685 1342 2775 precario
1368 2691 1429 2756 aut
1447 2685 1490 2756 de
1508 2686 1749 2758 benevolentia
1765 2688 1867 2760 ordi·

309 2805 402 2877 narii
428 2825 497 2875 una
523 2805 762 2876 tantummodo
789 2806 864 2876 vice
891 2796 1094 2876 contulerat.
1122 2804 1221 2895 Quod
1247 2807 1467 2898 privilegium
1494 2806 1710 2898 originaliter
1735 2812 1773 2881 et
1794 2828 1866 2901 ego

311 2924 423 2997 fateor
460 2946 513 2996 me
540 2925 678 3015 vidisse,
714 2926 858 3015 legisse,
895 2931 930 2996 et
955 2926 1113 2998 manibus
1140 2932 1331 3018 tractasse,
1366 2933 1421 2999 est
1455 2933 1569 2998 autem
1607 2926 1866 3022 nonnullorum,

312 3046 435 3137 quihus
454 3051 490 3117 ot
508 3067 571 3136 ego
595 3045 777 3136 assentior,
805 3047 961 3136 assertio,
988 3047 1105 3138 opinio
1123 3051 1159 3118 et
1178 3068 1374 3135 consensus,
1393 3048 1484 3138 quod
1502 3047 1524 3120 J
1535 3048 1667 3120 udith
1694 3048 1866 3123 Poloniae

309 3166 440 3256 regina,
468 3187 611 3238 consors
637 3166 896 3257 Yladislai,
934 3167 993 3258 qui
1020 3168 1281 3257 cognominatus
1308 3175 1362 3239 est
1388 3169 1680 3259 Hermanus,‘
1699 3170 1798 3242 ducis
1826 3177 1867 3245 et

311 3287 710 3359 monarchae‘Poloniae
743 3287 899 3379 germani
935 3288 1148 3359 Boleslai
1182 3288 1348 3360 Poloniae
1374 3290 1485 3381 regis,
1521 3291 1580 3380 qui
1614 3290 1866 3365 Beatissimum

311 3407 499 3479 trucidavit
525 3407 616 3479 felici
635 3410 816 3480 occasione
843 3409 1149 3499 Stanislaum,
1176 3410 1413 3482 castellaniam
1439 3411 1482 3482 de
1509 3411 1673 3503 Lagov
1699 3433 1774 3483 cum
1794 3412 1865 3485 vil·

310 3530 373 3618 lis,
401 3529 627 3601 servitutibus
654 3530 857 3601 attributis
893 3531 1055 3621 episcopo
1083 3529 1304 3602 Cracoviensi
1339 3538 1507 3627 perpetuo
1544 3532 1771 3624 conferendo,
1805 3534 1865 3607 ius

310 3669 447 3742 quoque
473 3653 680 3740 patronatus
707 3650 873 3722 ecclesiae
900 3650 933 3722 S.
959 3650 1142 3722 Michaelis
1169 3651 1347 3741 praefatae
1374 3658 1457 3725 tune
1482 3654 1519 3724 in
1546 3654 1693 3726 solidum
1720 3661 1865 3727 etcum

309 3770 431 3842 eadem
457 3770 658 3841 castellania
685 3770 727 3842 de
753 3771 918 3861 Lagovv
945 3793 1008 3862 pro
1035 3772 1125 3842 mira
1150 3773 1225 3843 eius
1251 3780 1288 3843 et
1313 3772 1463 3845 ferventi
1489 3774 1525 3844 in
1552 3773 1666 3846 Deum
1692 3780 1728 3848 et
1753 3775 1866 3849 ecole-

309 3892 379 3962 sias
406 3890 590 3962 devotione
617 3891 745 3994 largita
770 3898 835 3979 est;
862 3897 898 3962 et
924 3893 1081 3982 quamvis
1108 3878 1285 3965 Johannes
1312 3894 1441 3966 Pella
1468 3895 1649 3987 episcopus
1675 3903 1759 3968 tuuc
1775 3892 1865 3969 vta-

309 4010 538 4100 dislaviensis,
565 4011 691 4082 nobilis
719 4010 762 4083 de
788 4012 890 4089 domo
918 4018 954 4083 et
978 4012 1110 4083 familia
1136 4019 1240 4104 caput
1267 4016 1420 4108 tygrium
1445 4015 1692 4108 deferentium,
1718 4038 1864 4109 magno-

308 4152 392 4223 pere
418 4152 495 4202 cum
523 4151 585 4202 suo
613 4132 764 4222 capitulo
792 4132 959 4223 sudasset,
975 4135 1261 4225 praeposituram
1288 4134 1321 4207 S.
1339 4136 1522 4208 Michaelis
1550 4138 1710 4210 ubertate
1736 4139 1865 4212 introi-

308 4258 382 4324 tum
409 4253 483 4324 eius
511 4252 682 4343 inductus,
708 4273 773 4343 pro
799 4253 968 4326 habendis
995 4255 1221 4345 amplioribus
1239 4256 1275 4327 in
1294 4257 1440 4328 ecclesia
1465 4258 1736 4332 Vladislaviensi
1752 4258 1864 4333 relec-

306 4374 478 4463 tionibus,
513 4372 668 4445 extincto
695 4374 770 4447 eius
797 4375 919 4467 titulo,
956 4376 1108 4467 capitulo
1135 4376 1404 4448 Vladislaviensi
1432 4385 1599 4470 perpetuo
1626 4381 1863 4474 incorporare,

309 4495 491 4567 clementia
516 4500 634 4566 tamen
661 4495 793 4586 divina,
829 4501 975 4587 propter
1001 4497 1056 4568 sui
1084 4497 1299 4569 dilectissimi
1325 4501 1489 4591 martvris
1516 4501 1751 4603 Stanislai
1776 4500 1865 4577 Gra·

309 4616 481 4687 coviensis
507 4615 681 4707 pontificis
707 4617 842 4708 merita,
869 4618 950 4707 tale,
975 4625 1115 4710 tamque
1142 4620 1366 4693 memorabile
1394 4627 1430 4692 et
1456 4622 1720 4694 celeberrimum
1746 4606 1863 4697 cleno-

308 4736 403 4810 dium
430 4755 452 4807 a
479 4733 702 4808 Gracoviensi
729 4738 876 4810 ecclesia
901 4745 937 4810 et
964 4739 1133 4831 dioecesi,
1160 4760 1240 4812 aree
1267 4746 1304 4812 et
1330 4718 1556 4816 abachum
1583 4749 1620 4815 et
1645 4745 1863 4835 sequestrari

307 4856 397 4929 mira
423 4877 486 4929 sua
512 4857 732 4949 providentia
757 4859 948 4950 prohibuit;
974 4860 1174 4950 praefatam,
1193 4862 1285 4932 enim
1312 4862 1590 4953 praeposituram
1617 4865 1650 4937 S.
1668 4864 1863 4958 Michaelis,

306 4978 376 5051 iam
402 4999 466 5070 per
492 4977 688 5051 Johanuem
714 4979 757 5051 de
783 4979 1020 5072 linearem,
1047 4981 1145 5054 cuius
1171 4981 1408 5056 immediatum
1435 4985 1683 5076 praepositum,
1709 4987 1770 5078 qui
1799 5006 1864 5059 ex·

308 5103 390 5189 post
415 5100 452 5171 in
471 5099 768 5192 archiepiscopum
786 5101 1049 5194 Leopoliensem
1075 5102 1191 5174 fuerat
1208 5111 1397 5196 promotus,
1424 5105 1588 5179 dedomo
1614 5105 1864 5201 Polulroza,

307 5218 405 5292 clave
432 5219 662 5313 Pyrlroviensi
688 5243 749 5295 seu
776 5222 985 5315 Lagoviensi
1012 5223 1057 5295 ad
1084 5225 1193 5296 vitam
1219 5225 1371 5298 tenenda
1397 5231 1645 5319 contentatum,
1669 5228 1861 5322 resignata,

307 5344 344 5413 et
370 5341 445 5413 eius
471 5341 574 5415 titulo
593 5342 757 5436 extincto,
784 5344 936 5465 capitulo
954 5344 1224 5420 Vladislaviensi
1242 5346 1511 5441 incorporatam,
1537 5344 1664 5424 Pctrua
1682 5348 1862 5444 Boleata,
