4050 6054
1526 435 1530 449 ’
1657 476 1774 549 aar

181 679 415 770 cracomensi,
442 687 478 753 et
494 683 600 753 etiam
627 682 813 772 dequibus
839 683 949 772 agris,
977 681 1037 772 qui
1053 678 1145 775 moy
1171 681 1375 770 apellantur,
1403 703 1488 772 quos
1507 682 1625 753 colunt
1642 703 1731 754 cme-

182 804 324 891 thones,
365 803 424 893 qni
451 803 624 893 quondam
651 809 750 874 eraut
776 803 909 891 curiae,
952 809 988 873 et
1015 801 1112 872 valor
1139 800 1291 872 decimae
1317 802 1521 874 aestimatur
1547 803 1733 892 praedialis

181 923 226 995 ad
250 943 312 995 sex
338 931 473 995 marcas
499 944 576 996 cum
599 923 729 995 eisdem
755 923 859 1014 agris.
1613 944 1617 949 ·

304 1041 419 1114 Onera
453 1043 574 1117 altaris
610 1049 709 1134 sunt,
744 1049 784 1116 nt
820 1043 964 1134 siugulis
999 1041 1224 1135 hebdomadis
1259 1044 1419 1136 legantur
1454 1048 1490 1117 et
1525 1043 1734 1135 impleantur

181 1164 275 1236 circa
300 1164 385 1235 illud
411 1163 545 1237 missae.

669 1427 822 1523 Altera
846 1425 989 1508 Sancti
1024 1427 1243 1508 leonardi.
1328 1441 1336 1456 ·

286 1650 409 1721 Altare
436 1650 468 1720 S.
495 1649 671 1723 Leonardi
697 1649 829 1720 habens
857 1649 1033 1738 propriam
1060 1649 1239 1721 ecclesiam
1267 1650 1340 1720 sive
1366 1650 1511 1739 criptam
1539 1652 1732 1775 subtqpc

48 1812 51 1817 -
183 1772 323 1842 clesiam
350 1770 622 1858 Cracoviensem,
649 1774 686 1839 et
712 1767 814 1839 simul
845 1789 923 1839 cum
937 1742 991 1839 ca
1017 1769 1081 1840 sub
1108 1790 1253 1860 corpore
1275 1770 1454 1841 ecclesiae
1466 1748 1734 1853 muratass'-·'et

183 1891 442 1979 testudinatam,
469 1910 532 1980 per
559 1888 877 1961 Bodzantham
904 1889 947 1960 de
973 1888 996 1960 J
1006 1890 1210 1962 ankowo
1228 1891 1434 1981 episcopum-
1454 1889 1734 1981 cracoviensem,

183 2012 332 2083 nobilem
360 2011 403 2081 de
430 2009 531 2080 domo
558 1989 751 2098 Roszae,
778 2008 824 2079 ad
850 1968 1136 2099 dupplicationem
1155 2016 1191 2081 et
1209 2011 1371 2082 devotam
1389 2011 1591 2082 instantiam
1617 2010 1733 2083 Petri

183 2130 413 2204 vicecnstodis
440 2129 680 2202 Gracoviensis
706 2136 743 2200 et
769 2130 925 2201 canonici
952 2129 985 2201 S.
1013 2130 1160 2220 Aegidii,
1189 2131 1247 2221 qui
1274 2130 1417 2220 speciali
1444 2131 1733 2229 devotionednc-

183 2262 250 2343 tus,
278 2252 471 2323 scoltetiam
497 2253 534 2320 in
560 2251 644 2321 villa
676 2250 864 2341 episcopali
893 2250 1243 2323 Krzeszovicze
1277 2252 1314 2322 in
1342 2252 1437 2323 clave
1464 2238 1733 2340 Gracovicnsia

184 2375 340 2446 Martino
366 2380 403 2443 et
429 2371 564 2444 Joanne
600 2372 756 2443 scoltetis
784 2370 827 2472 de
862 2370 1233 2460 Krzeszowicze,
1267 2392 1331 2460 pro
1364 2371 1564 2461 octuaginta
1600 2377 1733 2462 septem

183 2496 309 2567 marcis
336 2499 497 2584 emptam,
532 2492 691 2583 praefato
718 2492 1018 2587 Bodzanthae
1054 2492 1216 2582 episcopo
1252 2492 1459 2564 restituerat
1485 2513 1515 2562 a
1541 2492 1590 2562 Dr
1613 2493 1732 2582 1364,

182 2615 362 2687 fundatum
388 2619 450 2704 est,
477 2619 514 2684 et
540 2613 673 2684 decima
698 2612 907 2703 manipulari
933 2633 1073 2685 mensae
1107 2612 1315 2703 episcopalis
1339 2613 1378 2683 in
1405 2612 1490 2683 villa
1515 2612 1751 2703 Rzeplin,

183 2742 280 2807 retro
306 2735 469 2825 oppidum
496 2733 630 2804 Skala
657 2734 734 2822 sita,
760 2734 798 2803 in
823 2733 1096 2806 vicissitudinem
1123 2734 1303 2805 scoltetiae
1330 2733 1509 2822 praefatae
1535 2733 1572 2804 in
1597 2733 1733 2805 Krze·
1812 2732 1815 2737 ’

183 2857 404 2941 szovicze
432 2854 475 2926 de
501 2875 670 2926 consensu
698 2853 918 2925 cracoviensi
945 2854 1124 2942 dotatum;
1151 2875 1257 2944 super
1283 2874 1352 2943 qua
1378 2852 1556 2925 dotatione
1582 2854 1618 2926 in
1645 2851 1731 2943 cra7

182 2975 352 3050 coviensis
369 2976 534 3046 ecclesiae
553 2976 689 3046 aerario
709 2976 858 3047 habetur
875 2975 1024 3065 speciale
1051 2975 1272 3075 privilegium
1288 2973 1440 3065 praefati
1467 2974 1732 3048 Bodzanthae

182 3097 335 3189 episcopi
362 3102 401 3168 et
426 3096 570 3187 capituli
597 3095 837 3168 cracoviensis
863 3096 988 3187 sigillis
1006 3096 1261 3197 communitum,
1289 3097 1485 3187 disponens,
1514 3095 1607 3188 quod
1632 3116 1733 3186 prae-

58 3261 61 3265 ·
182 3220 291 3291 fatum
319 3218 431 3289 altare
458 3219 640 3308 episcopus
666 3216 905 3289 cracoviensis
932 3238 996 3308 pro
1015 3223 1181 3308 tempore,
1207 3217 1252 3288 ad
1271 3218 1368 3288 cuins
1394 3218 1627 3307 provisionem
1653 3238 1733 3307 per·

183 3346 289 3430 petuo
315 3339 513 3429 pertinebit,
539 3360 610 3410 non
628 3338 688 3410 alii
706 3339 887 3427 conferret,
914 3336 982 3409 nisi
999 3337 1130 3409 moerin
1154 3338 1376 3409 cracoviensi
1402 3342 1483 3409 actu
1514 3339 1729 3429 presbytero,

184 3462 244 3551 qui
267 3459 355 3532 illud
377 3459 510 3531 duabus
528 3460 644 3531 missis
662 3458 910 3554 defunctorum,
937 3480 1006 3529 una
1023 3479 1088 3548 pro
1106 3460 1222 3529 anima
1239 3459 1541 3530 Bodzanthae
1567 3459 1730 3550 episcopi,

184 3583 297 3653 altera
331 3600 396 3671 pro
423 3581 538 3652 anima
564 3580 699 3652 Petri
733 3578 963 3651 vicecustodis
990 3585 1025 3650 et
1052 3579 1241 3670 dotatoris,
1277 3579 1425 3652 caeteris
1459 3598 1544 3651 vero
1579 3599 1643 3669 pro
1670 3599 1735 3652 sua

183 3702 367 3775 devotione
394 3702 539 3792 singulis
566 3701 792 3773 hebdomadis
818 3700 995 3771 tenebitur
1022 3700 1184 3771 officiare.

287 3823 465 3911 Rznrunv,
492 3822 577 3893 villa
603 3822 666 3893 sub
694 3821 860 3911 parochia
886 3821 1049 3892 ecclesiae
1077 3821 1120 3892 de
1146 3820 1335 3910 Minoga
1362 3821 1449 3910 sita,
1484 3821 1582 3892 cuins
1608 3820 1733 3894 haeres

183 3944 345 4034 Zegotlra
366 3941 606 4033 Nekanda,
634 3943 721 4013 alias
749 3941 951 4032 Trepka,
986 3942 1113 4013 nobilis
1140 3942 1183 4013 de
1210 3942 1312 4014 domo
1340 3940 1671 4032 Bippennium3
1696 3943 1733 4015 in

184 4048 253 4156 qna
279 4070 361 4136 sunt
386 4064 533 4154 triginta
558 4062 650 4134 lanei
677 4064 920 4153 emethonales,
948 4063 991 4134 de
1010 4063 1134 4153 quibus
1152 4063 1311 4135 omnibus
1338 4063 1486 4136 solvitur
1511 4064 1645 4136 decima
1662 4086 1734 4136 rna-

183 4185 353 4275 nipularis
379 4185 482 4255 altari
509 4183 677 4274 praefato,
704 4191 741 4256 et
766 4206 829 4275 per
848 4186 1045 4256 emethones
1072 4185 1224 4275 propriis
1252 4185 1412 4256 curribus
1440 4184 1632 4258 ducitnrin
1650 4188 1732 4258 hor·

183 4326 281 4377 reum
309 4306 353 4377 ab
380 4306 542 4377 altarista
567 4304 759 4395 locandum,
783 4313 823 4378 et
850 4307 990 4378 solvunt
1007 4306 1173 4378 decimam
1192 4308 1314 4396 canapi
1340 4328 1404 4398 per
1423 4314 1574 4398 quatuor
1591 4307 1733 4399 ierugas

183 4433 220 4498 et
246 4426 346 4498 valor
378 4427 531 4499 decimae
566 4427 743 4518 praefatae
780 4428 984 4499 aestimatur
1015 4427 1059 4498 ad
1087 4427 1211 4518 viginti
1246 4448 1390 4500 marcas.
1434 4429 1523 4500 Item
1549 4428 1585 4499 in
1613 4428 1732 4500 eadem

183 4548 267 4619 villa
292 4553 347 4619 est
373 4549 470 4618 curia
494 4549 666 4637 militaris,
693 4549 777 4620 item
804 4556 859 4620 est
885 4570 955 4620 una
979 4549 1144 4638 taberna,
1180 4550 1264 4621 item
1292 4554 1374 4621 sunt
1400 4550 1488 4621 duae
1515 4550 1735 4622 hortulauiae

183 4669 354 4740 habentes
380 4689 492 4758 agros,
520 4689 563 4740 ex
589 4670 732 4758 praedio
759 4670 903 4742 militari
930 4671 980 4741 eis
1007 4671 1215 4759 attributos;
1242 4671 1327 4742 item
1346 4677 1400 4742 est
1417 4672 1584 4743 scoltatus
1601 4670 1734 4743 babens

183 4810 285 4879 egros
312 4781 497 4879 speciales,
525 4790 568 4860 de
596 4791 719 4880 quibus
747 4790 906 4863 omnibus
932 4792 1081 4863 solvitur
1107 4791 1240 4864 decima
1264 4793 1491 4882 manipularis
1517 4792 1667 4883 plebano
1696 4798 1734 4865 et

183 4909 349 4982 ecclesiae
375 4911 412 4980 in
438 4909 634 5001 Minoga
1590 4934 1600 4941 ·

287 5030 376 5103 ltem
403 5029 515 5103 altare
541 5032 735 5122 praefatum
770 5033 802 5105 S.
829 5033 1005 5106 Leonardi
1038 5034 1259 5106 universitati
1290 5035 1500 5107 vicariorum
1527 5034 1735 5108 cramvien-

185 5152 274 5225 sium
300 5150 560 5243 incorporatum
587 5158 642 5225 est
667 5175 730 5244 per
765 5155 1029 5245 Sbigneum,
1066 5158 1207 5226 sanctae
1246 5155 1434 5227 memoriae
1460 5155 1672 5229 cardinalem
1698 5163 1735 5233 at

182 5272 382 5367 episcopum
408 5271 683 5366 cracoviensem,
711 5280 855 5367 propter
880 5274 1109 5352 confessorias
1136 5281 1173 5354 ct
1199 5296 1286 5355 onus
1312 5277 1364 5355 eis
1390 5296 1574 5354 annexum.
