<?xml version="1.0" encoding="UTF-8"?>
<!DOCTYPE html PUBLIC "-//W3C//DTD XHTML 1.0 Transitional//EN"
    "http://www.w3.org/TR/xhtml1/DTD/xhtml1-transitional.dtd">
<html xmlns="http://www.w3.org/1999/xhtml" xml:lang="en" lang="en">
 <head>
  <title>
</title>
<meta http-equiv="Content-Type" content="text/html;charset=utf-8" />
  <meta name='ocr-system' content='tesseract 3.04.00' />
  <meta name='ocr-capabilities' content='ocr_page ocr_carea ocr_par ocr_line ocrx_word'/>
</head>
<body>
  <div class='ocr_page' id='page_1' title='image "./joannisdugoszse00dugoog_0410.png"; bbox 0 0 4050 6054; ppageno 0'>
   <div class='ocr_carea' id='block_1_1' title="bbox 1629 427 1893 506">
    <p class='ocr_par' dir='ltr' id='par_1_1' title="bbox 1629 427 1893 506">
     <span class='ocr_line' id='line_1_1' title="bbox 1629 427 1893 506; baseline 0 -1"><span class='ocrx_word' id='word_1_1' title='bbox 1629 432 1739 506; x_wconf 79' lang='lat'><strong>&#39;381</strong></span> <span class='ocrx_word' id='word_1_2' title='bbox 1886 427 1893 436; x_wconf 76' lang='grc'><em>’</em></span> 
     </span>
    </p>
   </div>
   <div class='ocr_carea' id='block_1_2' title="bbox 194 594 1743 846">
    <p class='ocr_par' dir='ltr' id='par_1_2' title="bbox 194 594 1743 846">
     <span class='ocr_line' id='line_1_2' title="bbox 195 594 1743 731; baseline 0.006 -27"><span class='ocrx_word' id='word_1_3' title='bbox 195 648 271 704; x_wconf 90' lang='lat' dir='ltr'><strong>eam</strong></span> <span class='ocrx_word' id='word_1_4' title='bbox 296 633 479 724; x_wconf 85' lang='lat' dir='ltr'><strong>episcopus</strong></span> <span class='ocrx_word' id='word_1_5' title='bbox 506 620 755 708; x_wconf 70' lang='lat' dir='ltr'><strong>maranensis.</strong></span> <span class='ocrx_word' id='word_1_6' title='bbox 776 633 878 708; x_wconf 75' lang='lat' dir='ltr'><strong>&#39;lieni</strong></span> <span class='ocrx_word' id='word_1_7' title='bbox 904 636 1072 710; x_wconf 85' lang='lat' dir='ltr'><strong>tabernae</strong></span> <span class='ocrx_word' id='word_1_8' title='bbox 1099 691 1106 708; x_wconf 91' lang='lat'><strong><em>.</em></strong></span> <span class='ocrx_word' id='word_1_9' title='bbox 1134 690 1141 708; x_wconf 91' lang='lat'>.</span> <span class='ocrx_word' id='word_1_10' title='bbox 1169 687 1196 729; x_wconf 78' lang='lat'><strong>.,</strong></span> <span class='ocrx_word' id='word_1_11' title='bbox 1222 638 1307 712; x_wconf 86' lang='lat' dir='ltr'><strong>item</strong></span> <span class='ocrx_word' id='word_1_12' title='bbox 1332 594 1509 712; x_wconf 84' lang='lat' dir='ltr'><strong>hortulani</strong></span> <span class='ocrx_word' id='word_1_13' title='bbox 1536 692 1543 710; x_wconf 90' lang='lat'>.</span> <span class='ocrx_word' id='word_1_14' title='bbox 1571 646 1586 708; x_wconf 87' lang='lat'><strong>.&#39;</strong></span> <span class='ocrx_word' id='word_1_15' title='bbox 1606 691 1632 731; x_wconf 88' lang='lat'><strong>.,</strong></span> <span class='ocrx_word' id='word_1_16' title='bbox 1658 637 1743 713; x_wconf 85' lang='lat' dir='ltr'><strong>item</strong></span> 
     </span>
     <span class='ocr_line' id='line_1_3' title="bbox 194 752 443 846; baseline -0.008 -21"><span class='ocrx_word' id='word_1_17' title='bbox 194 752 373 846; x_wconf 89' lang='lat' dir='ltr'><strong>praedia.</strong></span> <span class='ocrx_word' id='word_1_18' title='bbox 400 807 408 824; x_wconf 88' lang='lat'><strong>.</strong></span> <span class='ocrx_word' id='word_1_19' title='bbox 435 808 443 823; x_wconf 91' lang='lat'><strong>.</strong></span> 
     </span>
    </p>
   </div>
   <div class='ocr_carea' id='block_1_3' title="bbox 197 1033 1742 1313">
    <p class='ocr_par' dir='ltr' id='par_1_3' title="bbox 197 1033 1742 1313">
     <span class='ocr_line' id='line_1_4' title="bbox 197 1033 1742 1197; baseline 0.008 -29"><span class='ocrx_word' id='word_1_20' title='bbox 197 1084 322 1168; x_wconf 81' lang='lat' dir='ltr'><strong>cirea</strong></span> <span class='ocrx_word' id='word_1_21' title='bbox 356 1087 562 1194; x_wconf 84' lang='lat' dir='ltr'><strong>0poczno</strong></span> <span class='ocrx_word' id='word_1_22' title='bbox 607 1090 799 1172; x_wconf 86' lang='lat' dir='ltr'><strong>decimae</strong></span> <span class='ocrx_word' id='word_1_23' title='bbox 841 1093 1123 1197; x_wconf 74' lang='lat' dir='ltr'><strong>manipulares</strong></span> <span class='ocrx_word' id='word_1_24' title='bbox 1165 1091 1451 1175; x_wconf 82' lang='lat' dir='ltr'><strong>Oanoniuatua</strong></span> <span class='ocrx_word' id='word_1_25' title='bbox 1487 1033 1742 1179; x_wconf 72' lang='lat' dir='ltr'><strong>sandomir!-</strong></span> 
     </span>
     <span class='ocr_line' id='line_1_5' title="bbox 739 1230 1202 1313; baseline 0.002 -2"><span class='ocrx_word' id='word_1_26' title='bbox 739 1232 856 1311; x_wconf 81' lang='lat' dir='ltr'><strong>emla</strong></span> <span class='ocrx_word' id='word_1_27' title='bbox 887 1230 1202 1313; x_wconf 78' lang='lat' dir='ltr'><strong>lasazlrowalra.</strong></span> 
     </span>
    </p>
   </div>
   <div class='ocr_carea' id='block_1_4' title="bbox 301 1483 1745 1579">
    <p class='ocr_par' dir='ltr' id='par_1_4' title="bbox 301 1483 1745 1579">
     <span class='ocr_line' id='line_1_6' title="bbox 301 1483 1745 1579; baseline 0.006 -24"><span class='ocrx_word' id='word_1_28' title='bbox 301 1483 638 1575; x_wconf 74' lang='lat' dir='ltr'><strong>Jnuuscnowuczn,</strong></span> <span class='ocrx_word' id='word_1_29' title='bbox 664 1486 748 1557; x_wconf 87' lang='lat' dir='ltr'><strong>villa</strong></span> <span class='ocrx_word' id='word_1_30' title='bbox 774 1487 838 1558; x_wconf 91' lang='lat' dir='ltr'><strong>sub</strong></span> <span class='ocrx_word' id='word_1_31' title='bbox 864 1487 1030 1578; x_wconf 89' lang='lat' dir='ltr'><strong>parochia</strong></span> <span class='ocrx_word' id='word_1_32' title='bbox 1056 1488 1100 1559; x_wconf 94' lang='lat' dir='ltr'><strong>de</strong></span> <span class='ocrx_word' id='word_1_33' title='bbox 1126 1486 1369 1579; x_wconf 88' lang='lat' dir='ltr'><strong>Oppoczno</strong></span> <span class='ocrx_word' id='word_1_34' title='bbox 1396 1490 1471 1579; x_wconf 87' lang='lat' dir='ltr'><strong>sita,</strong></span> <span class='ocrx_word' id='word_1_35' title='bbox 1498 1490 1595 1561; x_wconf 88' lang='lat' dir='ltr'><strong>cuius</strong></span> <span class='ocrx_word' id='word_1_36' title='bbox 1621 1490 1745 1564; x_wconf 79' lang='lat' dir='ltr'>haeres</span> 
     </span>
    </p>
   </div>
   <div class='ocr_carea' id='block_1_5' title="bbox 47 1604 1745 1702">
    <p class='ocr_par' dir='ltr' id='par_1_5' title="bbox 47 1604 1745 1702">
     <span class='ocr_line' id='line_1_7' title="bbox 47 1604 1745 1702; baseline 0.004 -25"><span class='ocrx_word' id='word_1_37' title='bbox 47 1680 51 1685; x_wconf 67' lang='grc'>,</span> <span class='ocrx_word' id='word_1_38' title='bbox 196 1611 232 1677; x_wconf 89' lang='lat' dir='ltr'><strong>et</strong></span> <span class='ocrx_word' id='word_1_39' title='bbox 267 1604 426 1676; x_wconf 89' lang='lat' dir='ltr'><strong>dominus</strong></span> <span class='ocrx_word' id='word_1_40' title='bbox 459 1607 698 1679; x_wconf 89' lang='lat' dir='ltr'><strong>serenissimus</strong></span> <span class='ocrx_word' id='word_1_41' title='bbox 734 1606 899 1681; x_wconf 85' lang='lat' dir='ltr'><strong>Poloniae</strong></span> <span class='ocrx_word' id='word_1_42' title='bbox 928 1628 1009 1698; x_wconf 81' lang='lat' dir='ltr'><strong>rex,</strong></span> <span class='ocrx_word' id='word_1_43' title='bbox 1036 1610 1073 1678; x_wconf 93' lang='lat' dir='ltr'><strong>in</strong></span> <span class='ocrx_word' id='word_1_44' title='bbox 1100 1630 1169 1699; x_wconf 89' lang='lat' dir='ltr'><strong>qua</strong></span> <span class='ocrx_word' id='word_1_45' title='bbox 1194 1616 1276 1681; x_wconf 90' lang='lat' dir='ltr'><strong>sunt</strong></span> <span class='ocrx_word' id='word_1_46' title='bbox 1302 1610 1394 1681; x_wconf 89' lang='lat' dir='ltr'><strong>lanei</strong></span> <span class='ocrx_word' id='word_1_47' title='bbox 1421 1611 1674 1702; x_wconf 86' lang='lat' dir='ltr'><strong>cmethonales‚</strong></span> <span class='ocrx_word' id='word_1_48' title='bbox 1702 1611 1745 1683; x_wconf 91' lang='lat' dir='ltr'><strong>de</strong></span> 
     </span>
    </p>
   </div>
   <div class='ocr_carea' id='block_1_6' title="bbox 108 1702 1865 4358">
    <p class='ocr_par' dir='ltr' id='par_1_6' title="bbox 196 1702 1865 2424">
     <span class='ocr_line' id='line_1_8' title="bbox 198 1702 1865 1824; baseline 0.004 -26"><span class='ocrx_word' id='word_1_49' title='bbox 198 1726 322 1816; x_wconf 87' lang='lat' dir='ltr'><strong>quibus</strong></span> <span class='ocrx_word' id='word_1_50' title='bbox 359 1702 506 1797; x_wconf 89' lang='lat' dir='ltr'><strong>solvitur</strong></span> <span class='ocrx_word' id='word_1_51' title='bbox 542 1727 673 1799; x_wconf 89' lang='lat' dir='ltr'><strong>decima</strong></span> <span class='ocrx_word' id='word_1_52' title='bbox 699 1726 924 1819; x_wconf 69' lang='lat' dir='ltr'><strong>manipularis</strong></span> <span class='ocrx_word' id='word_1_53' title='bbox 952 1735 987 1800; x_wconf 90' lang='lat' dir='ltr'><strong>et</strong></span> <span class='ocrx_word' id='word_1_54' title='bbox 1013 1750 1076 1820; x_wconf 92' lang='lat' dir='ltr'><strong>per</strong></span> <span class='ocrx_word' id='word_1_55' title='bbox 1103 1735 1252 1821; x_wconf 89' lang='lat' dir='ltr'><strong>quatuor</strong></span> <span class='ocrx_word' id='word_1_56' title='bbox 1277 1731 1416 1821; x_wconf 83' lang='lat' dir='ltr'><strong>ierugas</strong></span> <span class='ocrx_word' id='word_1_57' title='bbox 1443 1732 1617 1822; x_wconf 84' lang='lat' dir='ltr'><strong>campalis</strong></span> <span class='ocrx_word' id='word_1_58' title='bbox 1644 1751 1746 1824; x_wconf 92' lang='lat' dir='ltr'><strong>prae-</strong></span> <span class='ocrx_word' id='word_1_59' title='bbox 1864 1745 1865 1748; x_wconf 75' lang='grc'>’</span> 
     </span>
     <span class='ocr_line' id='line_1_9' title="bbox 198 1844 1746 1940; baseline 0.005 -23"><span class='ocrx_word' id='word_1_60' title='bbox 198 1847 330 1918; x_wconf 89' lang='lat' dir='ltr'><strong>bendae</strong></span> <span class='ocrx_word' id='word_1_61' title='bbox 361 1844 675 1940; x_wconf 86' lang='lat' dir='ltr'><strong>Krzczonowskey,</strong></span> <span class='ocrx_word' id='word_1_62' title='bbox 703 1856 739 1921; x_wconf 90' lang='lat' dir='ltr'><strong>et</strong></span> <span class='ocrx_word' id='word_1_63' title='bbox 770 1844 901 1921; x_wconf 86' lang='lat' dir='ltr'><strong>ducunt</strong></span> <span class='ocrx_word' id='word_1_64' title='bbox 932 1865 1009 1921; x_wconf 88' lang='lat' dir='ltr'><strong>eam</strong></span> <span class='ocrx_word' id='word_1_65' title='bbox 1041 1850 1238 1923; x_wconf 86' lang='lat' dir='ltr'><strong>emethones</strong></span> <span class='ocrx_word' id='word_1_66' title='bbox 1269 1852 1306 1922; x_wconf 91' lang='lat' dir='ltr'><strong>in</strong></span> <span class='ocrx_word' id='word_1_67' title='bbox 1337 1852 1500 1924; x_wconf 89' lang='lat' dir='ltr'><strong>horreum</strong></span> <span class='ocrx_word' id='word_1_68' title='bbox 1531 1874 1553 1923; x_wconf 92' lang='lat' dir='ltr'><strong>a</strong></span> <span class='ocrx_word' id='word_1_69' title='bbox 1584 1854 1746 1925; x_wconf 89' lang='lat' dir='ltr'><strong>canonico</strong></span> 
     </span>
     <span class='ocr_line' id='line_1_10' title="bbox 198 1967 1746 2064; baseline 0.005 -26"><span class='ocrx_word' id='word_1_70' title='bbox 198 1967 381 2039; x_wconf 89' lang='lat' dir='ltr'><strong>locandum</strong></span> <span class='ocrx_word' id='word_1_71' title='bbox 415 1973 452 2039; x_wconf 86' lang='lat' dir='ltr'><strong>at</strong></span> <span class='ocrx_word' id='word_1_72' title='bbox 487 1969 586 2042; x_wconf 85' lang='lat' dir='ltr'><strong>valor</strong></span> <span class='ocrx_word' id='word_1_73' title='bbox 620 1970 695 2041; x_wconf 91' lang='lat' dir='ltr'><strong>eius</strong></span> <span class='ocrx_word' id='word_1_74' title='bbox 710 1971 936 2055; x_wconf 71' lang='lat' dir='ltr'><strong>,aestimatur</strong></span> <span class='ocrx_word' id='word_1_75' title='bbox 967 1970 1012 2042; x_wconf 91' lang='lat' dir='ltr'><strong>ad</strong></span> <span class='ocrx_word' id='word_1_76' title='bbox 1038 1977 1206 2062; x_wconf 88' lang='lat' dir='ltr'><strong>quatuor,</strong></span> <span class='ocrx_word' id='word_1_77' title='bbox 1233 1973 1407 2044; x_wconf 88' lang='lat' dir='ltr'><strong>interdum</strong></span> <span class='ocrx_word' id='word_1_78' title='bbox 1433 1972 1478 2043; x_wconf 89' lang='lat' dir='ltr'><strong>ad</strong></span> <span class='ocrx_word' id='word_1_79' title='bbox 1506 1974 1656 2064; x_wconf 90' lang='lat' dir='ltr'><strong>quinque</strong></span> <span class='ocrx_word' id='word_1_80' title='bbox 1682 1979 1746 2046; x_wconf 90' lang='lat' dir='ltr'><strong>aut</strong></span> 
     </span>
     <span class='ocr_line' id='line_1_11' title="bbox 197 2090 1748 2182; baseline 0.005 -23"><span class='ocrx_word' id='word_1_81' title='bbox 197 2109 259 2160; x_wconf 81' lang='lat' dir='ltr'><strong>sex</strong></span> <span class='ocrx_word' id='word_1_82' title='bbox 284 2109 428 2160; x_wconf 90' lang='lat' dir='ltr'><strong>marcas.</strong></span> <span class='ocrx_word' id='word_1_83' title='bbox 455 2090 543 2161; x_wconf 84' lang='lat' dir='ltr'><strong>Item</strong></span> <span class='ocrx_word' id='word_1_84' title='bbox 569 2092 736 2162; x_wconf 87' lang='lat' dir='ltr'><strong>tabernae</strong></span> <span class='ocrx_word' id='word_1_85' title='bbox 762 2092 799 2161; x_wconf 89' lang='lat' dir='ltr'><strong>in</strong></span> <span class='ocrx_word' id='word_1_86' title='bbox 825 2091 908 2163; x_wconf 83' lang='lat' dir='ltr'><strong>villa</strong></span> <span class='ocrx_word' id='word_1_87' title='bbox 934 2090 1130 2164; x_wconf 89' lang='lat' dir='ltr'><strong>huiusmodi</strong></span> <span class='ocrx_word' id='word_1_88' title='bbox 1148 2113 1217 2164; x_wconf 93' lang='lat' dir='ltr'><strong>non</strong></span> <span class='ocrx_word' id='word_1_89' title='bbox 1235 2098 1335 2182; x_wconf 81' lang='lat' dir='ltr'><strong>sunt3</strong></span> <span class='ocrx_word' id='word_1_90' title='bbox 1362 2093 1446 2165; x_wconf 90' lang='lat' dir='ltr'><strong>item</strong></span> <span class='ocrx_word' id='word_1_91' title='bbox 1470 2094 1648 2166; x_wconf 87' lang='lat' dir='ltr'><strong>hortulani</strong></span> <span class='ocrx_word' id='word_1_92' title='bbox 1666 2099 1748 2166; x_wconf 86' lang='lat' dir='ltr'><strong>sunt</strong></span> 
     </span>
     <span class='ocr_line' id='line_1_12' title="bbox 196 2209 1746 2305; baseline 0.004 -25"><span class='ocrx_word' id='word_1_93' title='bbox 196 2210 233 2281; x_wconf 94' lang='lat' dir='ltr'><strong>in</strong></span> <span class='ocrx_word' id='word_1_94' title='bbox 259 2209 344 2281; x_wconf 92' lang='lat' dir='ltr'><strong>villa</strong></span> <span class='ocrx_word' id='word_1_95' title='bbox 369 2209 533 2302; x_wconf 73' lang='lat' dir='ltr'><strong>praefata7</strong></span> <span class='ocrx_word' id='word_1_96' title='bbox 561 2210 623 2282; x_wconf 92' lang='lat' dir='ltr'><strong>sed</strong></span> <span class='ocrx_word' id='word_1_97' title='bbox 649 2234 718 2283; x_wconf 94' lang='lat' dir='ltr'><strong>non</strong></span> <span class='ocrx_word' id='word_1_98' title='bbox 744 2212 876 2283; x_wconf 91' lang='lat' dir='ltr'><strong>babent</strong></span> <span class='ocrx_word' id='word_1_99' title='bbox 902 2233 1024 2303; x_wconf 86' lang='lat' dir='ltr'><strong>agros,</strong></span> <span class='ocrx_word' id='word_1_100' title='bbox 1051 2214 1135 2285; x_wconf 89' lang='lat' dir='ltr'><strong>item</strong></span> <span class='ocrx_word' id='word_1_101' title='bbox 1161 2214 1342 2304; x_wconf 86' lang='lat' dir='ltr'><strong>praedium</strong></span> <span class='ocrx_word' id='word_1_102' title='bbox 1368 2216 1507 2285; x_wconf 87' lang='lat' dir='ltr'><strong>unicum</strong></span> <span class='ocrx_word' id='word_1_103' title='bbox 1532 2216 1676 2305; x_wconf 81' lang='lat' dir='ltr'><strong>regium,</strong></span> <span class='ocrx_word' id='word_1_104' title='bbox 1703 2214 1746 2286; x_wconf 91' lang='lat' dir='ltr'><strong>de</strong></span> 
     </span>
     <span class='ocr_line' id='line_1_13' title="bbox 198 2327 1638 2424; baseline 0 -19"><span class='ocrx_word' id='word_1_105' title='bbox 198 2352 265 2423; x_wconf 92' lang='lat' dir='ltr'><strong>quo</strong></span> <span class='ocrx_word' id='word_1_106' title='bbox 293 2327 677 2422; x_wconf 85' lang='lat' dir='ltr'><strong>decimamanipularis</strong></span> <span class='ocrx_word' id='word_1_107' title='bbox 704 2332 807 2403; x_wconf 86' lang='lat' dir='ltr'><strong>datur</strong></span> <span class='ocrx_word' id='word_1_108' title='bbox 834 2332 999 2404; x_wconf 88' lang='lat' dir='ltr'><strong>ecclesiae</strong></span> <span class='ocrx_word' id='word_1_109' title='bbox 1024 2333 1216 2424; x_wconf 85' lang='lat' dir='ltr'><strong>parochiali</strong></span> <span class='ocrx_word' id='word_1_110' title='bbox 1242 2334 1278 2403; x_wconf 91' lang='lat' dir='ltr'><strong>in</strong></span> <span class='ocrx_word' id='word_1_111' title='bbox 1304 2334 1638 2406; x_wconf 85' lang='lat' dir='ltr'><strong>Brudzowicze.</strong></span> 
     </span>
    </p>

    <p class='ocr_par' dir='ltr' id='par_1_7' title="bbox 196 2452 1749 3128">
     <span class='ocr_line' id='line_1_14' title="bbox 300 2452 1747 2546; baseline 0.003 -23"><span class='ocrx_word' id='word_1_112' title='bbox 300 2452 561 2542; x_wconf 73' lang='lat' dir='ltr'><strong>Damasum,</strong></span> <span class='ocrx_word' id='word_1_113' title='bbox 588 2453 671 2524; x_wconf 89' lang='lat' dir='ltr'><strong>villa</strong></span> <span class='ocrx_word' id='word_1_114' title='bbox 698 2452 762 2524; x_wconf 91' lang='lat' dir='ltr'><strong>sub</strong></span> <span class='ocrx_word' id='word_1_115' title='bbox 780 2453 947 2545; x_wconf 91' lang='lat' dir='ltr'><strong>parochia</strong></span> <span class='ocrx_word' id='word_1_116' title='bbox 965 2453 1130 2526; x_wconf 89' lang='lat' dir='ltr'><strong>ecclesiae</strong></span> <span class='ocrx_word' id='word_1_117' title='bbox 1144 2454 1187 2525; x_wconf 93' lang='lat' dir='ltr'><strong>de</strong></span> <span class='ocrx_word' id='word_1_118' title='bbox 1206 2453 1383 2527; x_wconf 87' lang='lat' dir='ltr'><strong>Skorko</strong></span> <span class='ocrx_word' id='word_1_119' title='bbox 1395 2456 1528 2526; x_wconf 89' lang='lat' dir='ltr'><strong>wicze</strong></span> <span class='ocrx_word' id='word_1_120' title='bbox 1554 2455 1631 2546; x_wconf 89' lang='lat' dir='ltr'><strong>sita,</strong></span> <span class='ocrx_word' id='word_1_121' title='bbox 1650 2456 1747 2527; x_wconf 90' lang='lat' dir='ltr'><strong>cuius</strong></span> 
     </span>
     <span class='ocr_line' id='line_1_15' title="bbox 198 2572 1747 2666; baseline 0.001 -21"><span class='ocrx_word' id='word_1_122' title='bbox 198 2576 322 2646; x_wconf 85' lang='lat' dir='ltr'><strong>haeres</strong></span> <span class='ocrx_word' id='word_1_123' title='bbox 347 2573 558 2644; x_wconf 87' lang='lat' dir='ltr'><strong>Zawisza</strong></span> <span class='ocrx_word' id='word_1_124' title='bbox 585 2572 628 2644; x_wconf 90' lang='lat' dir='ltr'><strong>de</strong></span> <span class='ocrx_word' id='word_1_125' title='bbox 655 2573 760 2644; x_wconf 90' lang='lat' dir='ltr'><strong>armis</strong></span> <span class='ocrx_word' id='word_1_126' title='bbox 787 2572 930 2664; x_wconf 88' lang='lat' dir='ltr'><strong>Owad‚</strong></span> <span class='ocrx_word' id='word_1_127' title='bbox 956 2575 993 2644; x_wconf 94' lang='lat' dir='ltr'><strong>in</strong></span> <span class='ocrx_word' id='word_1_128' title='bbox 1021 2595 1089 2665; x_wconf 89' lang='lat' dir='ltr'><strong>qua</strong></span> <span class='ocrx_word' id='word_1_129' title='bbox 1115 2580 1197 2645; x_wconf 88' lang='lat' dir='ltr'><strong>sunt</strong></span> <span class='ocrx_word' id='word_1_130' title='bbox 1222 2574 1314 2646; x_wconf 91' lang='lat' dir='ltr'><strong>lanei</strong></span> <span class='ocrx_word' id='word_1_131' title='bbox 1340 2575 1584 2666; x_wconf 85' lang='lat' dir='ltr'><strong>emethonales,</strong></span> <span class='ocrx_word' id='word_1_132' title='bbox 1611 2576 1654 2647; x_wconf 90' lang='lat' dir='ltr'><strong>de</strong></span> <span class='ocrx_word' id='word_1_133' title='bbox 1672 2576 1747 2666; x_wconf 90' lang='lat' dir='ltr'><strong>qui·</strong></span> 
     </span>
     <span class='ocr_line' id='line_1_16' title="bbox 196 2693 1746 2788; baseline -0.001 -21"><span class='ocrx_word' id='word_1_134' title='bbox 196 2696 262 2767; x_wconf 91' lang='lat' dir='ltr'><strong>bus</strong></span> <span class='ocrx_word' id='word_1_135' title='bbox 297 2694 444 2766; x_wconf 83' lang='lat' dir='ltr'><strong>solvitur</strong></span> <span class='ocrx_word' id='word_1_136' title='bbox 482 2693 614 2764; x_wconf 91' lang='lat' dir='ltr'><strong>decima</strong></span> <span class='ocrx_word' id='word_1_137' title='bbox 648 2694 873 2784; x_wconf 89' lang='lat' dir='ltr'><strong>manipularis</strong></span> <span class='ocrx_word' id='word_1_138' title='bbox 909 2698 945 2764; x_wconf 89' lang='lat' dir='ltr'><strong>et</strong></span> <span class='ocrx_word' id='word_1_139' title='bbox 979 2694 1154 2784; x_wconf 89' lang='lat' dir='ltr'><strong>canapalis</strong></span> <span class='ocrx_word' id='word_1_140' title='bbox 1190 2694 1408 2784; x_wconf 84' lang='lat' dir='ltr'><strong>praebendae</strong></span> <span class='ocrx_word' id='word_1_141' title='bbox 1444 2694 1746 2788; x_wconf 84' lang='lat' dir='ltr'><strong>Krzconowskiey,</strong></span> 
     </span>
     <span class='ocr_line' id='line_1_17' title="bbox 200 2814 1749 2918; baseline 0 -31"><span class='ocrx_word' id='word_1_142' title='bbox 200 2815 296 2887; x_wconf 88' lang='lat' dir='ltr'><strong>cuius</strong></span> <span class='ocrx_word' id='word_1_143' title='bbox 323 2815 420 2887; x_wconf 85' lang='lat' dir='ltr'><strong>valor</strong></span> <span class='ocrx_word' id='word_1_144' title='bbox 447 2814 652 2886; x_wconf 89' lang='lat' dir='ltr'><strong>aestimatur</strong></span> <span class='ocrx_word' id='word_1_145' title='bbox 678 2815 723 2886; x_wconf 91' lang='lat' dir='ltr'><strong>ad</strong></span> <span class='ocrx_word' id='word_1_146' title='bbox 752 2834 856 2886; x_wconf 89' lang='lat' dir='ltr'><strong>unam</strong></span> <span class='ocrx_word' id='word_1_147' title='bbox 889 2834 1105 2905; x_wconf 82' lang='lat' dir='ltr'><strong>sexagenam.</strong></span> <span class='ocrx_word' id='word_1_148' title='bbox 1123 2910 1128 2918; x_wconf 91' lang='lat'>.</span> <span class='ocrx_word' id='word_1_149' title='bbox 1145 2815 1234 2887; x_wconf 91' lang='lat' dir='ltr'><strong>Item</strong></span> <span class='ocrx_word' id='word_1_150' title='bbox 1266 2816 1447 2905; x_wconf 85' lang='lat' dir='ltr'><strong>tabernae,</strong></span> <span class='ocrx_word' id='word_1_151' title='bbox 1477 2816 1561 2887; x_wconf 88' lang='lat' dir='ltr'><strong>item</strong></span> <span class='ocrx_word' id='word_1_152' title='bbox 1592 2816 1749 2888; x_wconf 87' lang='lat' dir='ltr'><strong>hortula-</strong></span> 
     </span>
     <span class='ocr_line' id='line_1_18' title="bbox 199 2934 1748 3027; baseline 0.001 -20"><span class='ocrx_word' id='word_1_153' title='bbox 199 2937 288 3026; x_wconf 88' lang='lat' dir='ltr'><strong>niae,</strong></span> <span class='ocrx_word' id='word_1_154' title='bbox 314 2937 398 3009; x_wconf 91' lang='lat' dir='ltr'><strong>item</strong></span> <span class='ocrx_word' id='word_1_155' title='bbox 425 2934 605 3027; x_wconf 91' lang='lat' dir='ltr'><strong>praedium</strong></span> <span class='ocrx_word' id='word_1_156' title='bbox 630 2956 747 3025; x_wconf 86' lang='lat' dir='ltr'><strong>unum,</strong></span> <span class='ocrx_word' id='word_1_157' title='bbox 774 2934 817 3008; x_wconf 95' lang='lat' dir='ltr'><strong>de</strong></span> <span class='ocrx_word' id='word_1_158' title='bbox 845 2955 912 3026; x_wconf 89' lang='lat' dir='ltr'><strong>quo</strong></span> <span class='ocrx_word' id='word_1_159' title='bbox 940 2935 1130 3007; x_wconf 81' lang='lat' dir='ltr'><strong>decimatur</strong></span> <span class='ocrx_word' id='word_1_160' title='bbox 1157 2936 1322 3009; x_wconf 88' lang='lat' dir='ltr'><strong>ecclesiae</strong></span> <span class='ocrx_word' id='word_1_161' title='bbox 1349 2936 1540 3027; x_wconf 84' lang='lat' dir='ltr'><strong>parochiali</strong></span> <span class='ocrx_word' id='word_1_162' title='bbox 1570 2937 1606 3008; x_wconf 93' lang='lat' dir='ltr'><strong>in</strong></span> <span class='ocrx_word' id='word_1_163' title='bbox 1629 2935 1748 3009; x_wconf 87' lang='lat' dir='ltr'><strong>Skor-</strong></span> 
     </span>
     <span class='ocr_line' id='line_1_19' title="bbox 197 3057 410 3128; baseline -0.005 -1"><span class='ocrx_word' id='word_1_164' title='bbox 197 3057 410 3128; x_wconf 79' lang='lat' dir='ltr'><strong>kowicze.</strong></span> 
     </span>
    </p>

    <p class='ocr_par' dir='ltr' id='par_1_8' title="bbox 197 3176 1750 3511">
     <span class='ocr_line' id='line_1_20' title="bbox 300 3176 1750 3269; baseline 0.001 -20"><span class='ocrx_word' id='word_1_165' title='bbox 300 3177 471 3268; x_wconf 74' lang='lat' dir='ltr'><strong>Snnwuo,</strong></span> <span class='ocrx_word' id='word_1_166' title='bbox 498 3177 581 3248; x_wconf 87' lang='lat' dir='ltr'><strong>villa</strong></span> <span class='ocrx_word' id='word_1_167' title='bbox 606 3176 739 3249; x_wconf 88' lang='lat' dir='ltr'><strong>habens</strong></span> <span class='ocrx_word' id='word_1_168' title='bbox 765 3177 801 3248; x_wconf 92' lang='lat' dir='ltr'><strong>in</strong></span> <span class='ocrx_word' id='word_1_169' title='bbox 828 3198 865 3250; x_wconf 91' lang='lat' dir='ltr'><strong>se</strong></span> <span class='ocrx_word' id='word_1_170' title='bbox 883 3178 1115 3269; x_wconf 89' lang='lat' dir='ltr'><strong>parochialem</strong></span> <span class='ocrx_word' id='word_1_171' title='bbox 1134 3177 1324 3268; x_wconf 85' lang='lat' dir='ltr'><strong>ecclesiam,</strong></span> <span class='ocrx_word' id='word_1_172' title='bbox 1343 3179 1439 3252; x_wconf 88' lang='lat' dir='ltr'><strong>cuius</strong></span> <span class='ocrx_word' id='word_1_173' title='bbox 1456 3179 1625 3251; x_wconf 90' lang='lat' dir='ltr'><strong>haeredes</strong></span> <span class='ocrx_word' id='word_1_174' title='bbox 1642 3178 1750 3251; x_wconf 88' lang='lat' dir='ltr'><strong>Joan-</strong></span> 
     </span>
     <span class='ocr_line' id='line_1_21' title="bbox 197 3296 1750 3395; baseline 0 -24"><span class='ocrx_word' id='word_1_175' title='bbox 197 3318 274 3389; x_wconf 87' lang='lat' dir='ltr'><strong>nes,</strong></span> <span class='ocrx_word' id='word_1_176' title='bbox 300 3297 463 3395; x_wconf 85' lang='lat' dir='ltr'><strong>Nicolaps</strong></span> <span class='ocrx_word' id='word_1_177' title='bbox 490 3304 527 3370; x_wconf 89' lang='lat' dir='ltr'><strong>et</strong></span> <span class='ocrx_word' id='word_1_178' title='bbox 553 3297 680 3370; x_wconf 89' lang='lat' dir='ltr'><strong>Petrus</strong></span> <span class='ocrx_word' id='word_1_179' title='bbox 705 3296 852 3388; x_wconf 86' lang='lat' dir='ltr'><strong>fratres,</strong></span> <span class='ocrx_word' id='word_1_180' title='bbox 880 3297 923 3369; x_wconf 92' lang='lat' dir='ltr'><strong>de</strong></span> <span class='ocrx_word' id='word_1_181' title='bbox 950 3298 1068 3375; x_wconf 59' lang='lat' dir='ltr'><strong>armis,</strong></span> <span class='ocrx_word' id='word_1_182' title='bbox 1081 3297 1366 3388; x_wconf 87' lang='lat' dir='ltr'><strong>Drzewicza‚</strong></span> <span class='ocrx_word' id='word_1_183' title='bbox 1393 3301 1429 3370; x_wconf 89' lang='lat' dir='ltr'><strong>in</strong></span> <span class='ocrx_word' id='word_1_184' title='bbox 1457 3320 1525 3389; x_wconf 91' lang='lat' dir='ltr'><strong>qua</strong></span> <span class='ocrx_word' id='word_1_185' title='bbox 1550 3305 1632 3371; x_wconf 90' lang='lat' dir='ltr'><strong>sunt</strong></span> <span class='ocrx_word' id='word_1_186' title='bbox 1658 3299 1750 3371; x_wconf 89' lang='lat' dir='ltr'><strong>lanei</strong></span> 
     </span>
     <span class='ocr_line' id='line_1_22' title="bbox 198 3418 1749 3511; baseline 0 -20"><span class='ocrx_word' id='word_1_187' title='bbox 198 3419 448 3510; x_wconf 89' lang='lat' dir='ltr'><strong>cmethonales,</strong></span> <span class='ocrx_word' id='word_1_188' title='bbox 476 3419 518 3491; x_wconf 92' lang='lat' dir='ltr'><strong>de</strong></span> <span class='ocrx_word' id='word_1_189' title='bbox 546 3419 670 3510; x_wconf 88' lang='lat' dir='ltr'><strong>quibus</strong></span> <span class='ocrx_word' id='word_1_190' title='bbox 697 3418 845 3491; x_wconf 86' lang='lat' dir='ltr'><strong>solvitur</strong></span> <span class='ocrx_word' id='word_1_191' title='bbox 871 3418 1003 3490; x_wconf 88' lang='lat' dir='ltr'><strong>decima</strong></span> <span class='ocrx_word' id='word_1_192' title='bbox 1028 3419 1256 3510; x_wconf 88' lang='lat' dir='ltr'><strong>manipularis</strong></span> <span class='ocrx_word' id='word_1_193' title='bbox 1283 3425 1319 3490; x_wconf 89' lang='lat' dir='ltr'><strong>et</strong></span> <span class='ocrx_word' id='word_1_194' title='bbox 1346 3439 1409 3509; x_wconf 91' lang='lat' dir='ltr'><strong>per</strong></span> <span class='ocrx_word' id='word_1_195' title='bbox 1436 3424 1584 3510; x_wconf 90' lang='lat' dir='ltr'><strong>quatuor</strong></span> <span class='ocrx_word' id='word_1_196' title='bbox 1610 3420 1749 3511; x_wconf 85' lang='lat' dir='ltr'><strong>ierugas</strong></span> 
     </span>
    </p>

    <p class='ocr_par' dir='ltr' id='par_1_9' title="bbox 108 3538 1751 4220">
     <span class='ocr_line' id='line_1_23' title="bbox 198 3538 1749 3633; baseline -0.002 -19"><span class='ocrx_word' id='word_1_197' title='bbox 198 3541 371 3633; x_wconf 85' lang='lat' dir='ltr'><strong>canapalis</strong></span> <span class='ocrx_word' id='word_1_198' title='bbox 409 3540 626 3632; x_wconf 87' lang='lat' dir='ltr'><strong>praebendae</strong></span> <span class='ocrx_word' id='word_1_199' title='bbox 667 3538 975 3630; x_wconf 81' lang='lat' dir='ltr'><strong>Krzconowskiey,</strong></span> <span class='ocrx_word' id='word_1_200' title='bbox 1011 3545 1048 3610; x_wconf 89' lang='lat' dir='ltr'><strong>et</strong></span> <span class='ocrx_word' id='word_1_201' title='bbox 1088 3539 1219 3612; x_wconf 86' lang='lat' dir='ltr'><strong>ducunt</strong></span> <span class='ocrx_word' id='word_1_202' title='bbox 1252 3560 1328 3611; x_wconf 91' lang='lat' dir='ltr'><strong>eam</strong></span> <span class='ocrx_word' id='word_1_203' title='bbox 1364 3541 1562 3613; x_wconf 87' lang='lat' dir='ltr'><strong>emethones</strong></span> <span class='ocrx_word' id='word_1_204' title='bbox 1599 3540 1636 3612; x_wconf 92' lang='lat' dir='ltr'><strong>in</strong></span> <span class='ocrx_word' id='word_1_205' title='bbox 1666 3541 1749 3612; x_wconf 90' lang='lat' dir='ltr'><strong>hor-</strong></span> 
     </span>
     <span class='ocr_line' id='line_1_24' title="bbox 166 3635 1746 3744; baseline -0.002 -9"><span class='ocrx_word' id='word_1_206' title='bbox 166 3635 295 3735; x_wconf 52' lang='lat' dir='ltr'><strong>⁸reum</strong></span> <span class='ocrx_word' id='word_1_207' title='bbox 322 3683 344 3734; x_wconf 93' lang='lat' dir='ltr'><strong>a</strong></span> <span class='ocrx_word' id='word_1_208' title='bbox 369 3661 535 3734; x_wconf 86' lang='lat' dir='ltr'><strong>canonico</strong></span> <span class='ocrx_word' id='word_1_209' title='bbox 568 3662 750 3744; x_wconf 88' lang='lat' dir='ltr'><strong>locandum</strong></span> <span class='ocrx_word' id='word_1_210' title='bbox 785 3667 822 3733; x_wconf 90' lang='lat' dir='ltr'><strong>et</strong></span> <span class='ocrx_word' id='word_1_211' title='bbox 853 3660 951 3732; x_wconf 88' lang='lat' dir='ltr'><strong>valor</strong></span> <span class='ocrx_word' id='word_1_212' title='bbox 977 3661 1051 3732; x_wconf 87' lang='lat' dir='ltr'><strong>eius</strong></span> <span class='ocrx_word' id='word_1_213' title='bbox 1079 3662 1283 3733; x_wconf 90' lang='lat' dir='ltr'><strong>aestimatur</strong></span> <span class='ocrx_word' id='word_1_214' title='bbox 1309 3660 1355 3732; x_wconf 94' lang='lat' dir='ltr'><strong>ad</strong></span> <span class='ocrx_word' id='word_1_215' title='bbox 1379 3666 1453 3733; x_wconf 87' lang='lat' dir='ltr'><strong>tres</strong></span> <span class='ocrx_word' id='word_1_216' title='bbox 1479 3680 1623 3734; x_wconf 87' lang='lat' dir='ltr'><strong>marcas.</strong></span> <span class='ocrx_word' id='word_1_217' title='bbox 1657 3661 1746 3733; x_wconf 87' lang='lat' dir='ltr'><strong>Item</strong></span> 
     </span>
     <span class='ocr_line' id='line_1_25' title="bbox 197 3780 1750 3874; baseline -0.002 -18"><span class='ocrx_word' id='word_1_218' title='bbox 197 3785 373 3856; x_wconf 87' lang='lat' dir='ltr'><strong>tabemae</strong></span> <span class='ocrx_word' id='word_1_219' title='bbox 389 3788 460 3854; x_wconf 87' lang='lat' dir='ltr'><strong>tres</strong></span> <span class='ocrx_word' id='word_1_220' title='bbox 486 3782 655 3855; x_wconf 87' lang='lat' dir='ltr'><strong>habentes</strong></span> <span class='ocrx_word' id='word_1_221' title='bbox 682 3800 785 3874; x_wconf 79' lang='lat' dir='ltr'><strong>agros</strong></span> <span class='ocrx_word' id='word_1_222' title='bbox 812 3802 855 3853; x_wconf 81' lang='lat' dir='ltr'><strong>ex</strong></span> <span class='ocrx_word' id='word_1_223' title='bbox 882 3781 978 3853; x_wconf 91' lang='lat' dir='ltr'><strong>curia</strong></span> <span class='ocrx_word' id='word_1_224' title='bbox 1003 3781 1170 3871; x_wconf 83' lang='lat' dir='ltr'><strong>largitos,</strong></span> <span class='ocrx_word' id='word_1_225' title='bbox 1198 3781 1240 3852; x_wconf 94' lang='lat' dir='ltr'><strong>de</strong></span> <span class='ocrx_word' id='word_1_226' title='bbox 1268 3780 1392 3872; x_wconf 87' lang='lat' dir='ltr'><strong>quibus</strong></span> <span class='ocrx_word' id='word_1_227' title='bbox 1416 3781 1555 3854; x_wconf 82' lang='lat' dir='ltr'><strong>solvunt</strong></span> <span class='ocrx_word' id='word_1_228' title='bbox 1583 3781 1750 3853; x_wconf 89' lang='lat' dir='ltr'><strong>decimam</strong></span> 
     </span>
     <span class='ocr_line' id='line_1_26' title="bbox 197 3901 1751 3999; baseline -0.003 -22"><span class='ocrx_word' id='word_1_229' title='bbox 197 3904 447 3997; x_wconf 90' lang='lat' dir='ltr'><strong>manipularem</strong></span> <span class='ocrx_word' id='word_1_230' title='bbox 483 3904 647 3977; x_wconf 89' lang='lat' dir='ltr'><strong>ecclesiae</strong></span> <span class='ocrx_word' id='word_1_231' title='bbox 683 3905 719 3976; x_wconf 90' lang='lat' dir='ltr'><strong>in</strong></span> <span class='ocrx_word' id='word_1_232' title='bbox 754 3902 951 3994; x_wconf 84' lang='lat' dir='ltr'><strong>Slawno,</strong></span> <span class='ocrx_word' id='word_1_233' title='bbox 979 3904 1063 3975; x_wconf 88' lang='lat' dir='ltr'><strong>item</strong></span> <span class='ocrx_word' id='word_1_234' title='bbox 1097 3901 1275 3976; x_wconf 88' lang='lat' dir='ltr'><strong>hortulani</strong></span> <span class='ocrx_word' id='word_1_235' title='bbox 1312 3907 1411 3992; x_wconf 88' lang='lat' dir='ltr'><strong>sunt,</strong></span> <span class='ocrx_word' id='word_1_236' title='bbox 1438 3903 1499 3974; x_wconf 88' lang='lat' dir='ltr'><strong>sed</strong></span> <span class='ocrx_word' id='word_1_237' title='bbox 1526 3923 1594 3974; x_wconf 92' lang='lat' dir='ltr'><strong>non</strong></span> <span class='ocrx_word' id='word_1_238' title='bbox 1620 3903 1751 3999; x_wconf 88' lang='lat' dir='ltr'><strong>habent</strong></span> 
     </span>
     <span class='ocr_line' id='line_1_27' title="bbox 108 4022 1749 4119; baseline -0.001 -22"><span class='ocrx_word' id='word_1_239' title='bbox 108 4028 112 4032; x_wconf 79' lang='grc'><strong>’</strong></span> <span class='ocrx_word' id='word_1_240' title='bbox 198 4046 312 4119; x_wconf 83' lang='lat' dir='ltr'><strong>agros,</strong></span> <span class='ocrx_word' id='word_1_241' title='bbox 338 4026 422 4098; x_wconf 86' lang='lat' dir='ltr'><strong>item</strong></span> <span class='ocrx_word' id='word_1_242' title='bbox 447 4025 629 4117; x_wconf 89' lang='lat' dir='ltr'><strong>praedium</strong></span> <span class='ocrx_word' id='word_1_243' title='bbox 655 4025 791 4116; x_wconf 86' lang='lat' dir='ltr'><strong>duplex,</strong></span> <span class='ocrx_word' id='word_1_244' title='bbox 819 4030 855 4096; x_wconf 91' lang='lat' dir='ltr'><strong>et</strong></span> <span class='ocrx_word' id='word_1_245' title='bbox 882 4024 925 4097; x_wconf 94' lang='lat' dir='ltr'><strong>de</strong></span> <span class='ocrx_word' id='word_1_246' title='bbox 948 4023 1103 4115; x_wconf 89' lang='lat' dir='ltr'><strong>quolibet</strong></span> <span class='ocrx_word' id='word_1_247' title='bbox 1120 4022 1224 4096; x_wconf 90' lang='lat' dir='ltr'><strong>datur</strong></span> <span class='ocrx_word' id='word_1_248' title='bbox 1242 4022 1376 4096; x_wconf 91' lang='lat' dir='ltr'><strong>decima</strong></span> <span class='ocrx_word' id='word_1_249' title='bbox 1393 4024 1620 4115; x_wconf 90' lang='lat' dir='ltr'><strong>manipularis</strong></span> <span class='ocrx_word' id='word_1_250' title='bbox 1640 4024 1749 4096; x_wconf 89' lang='lat' dir='ltr'><strong>eccle·</strong></span> 
     </span>
     <span class='ocr_line' id='line_1_28' title="bbox 198 4133 1384 4220; baseline -0.006 -1"><span class='ocrx_word' id='word_1_251' title='bbox 198 4148 269 4220; x_wconf 91' lang='lat' dir='ltr'><strong>siae</strong></span> <span class='ocrx_word' id='word_1_252' title='bbox 295 4147 332 4218; x_wconf 90' lang='lat' dir='ltr'><strong>in</strong></span> <span class='ocrx_word' id='word_1_253' title='bbox 359 4146 547 4220; x_wconf 85' lang='lat' dir='ltr'><strong>Slawno.</strong></span> <span class='ocrx_word' id='word_1_254' title='bbox 814 4138 826 4155; x_wconf 85' lang='lat'><em>&#39;</em></span> <span class='ocrx_word' id='word_1_255' title='bbox 1376 4133 1384 4148; x_wconf 83' lang='grc'><strong><em>’</em></strong></span> 
     </span>
    </p>

    <p class='ocr_par' dir='ltr' id='par_1_10' title="bbox 302 4264 1751 4358">
     <span class='ocr_line' id='line_1_29' title="bbox 302 4264 1751 4358; baseline -0.001 -18"><span class='ocrx_word' id='word_1_256' title='bbox 302 4266 588 4358; x_wconf 78' lang='lat' dir='ltr'><strong>Gaoszowuczn,</strong></span> <span class='ocrx_word' id='word_1_257' title='bbox 616 4267 699 4339; x_wconf 87' lang='lat' dir='ltr'><strong>villa</strong></span> <span class='ocrx_word' id='word_1_258' title='bbox 725 4267 790 4339; x_wconf 90' lang='lat' dir='ltr'><strong>sub</strong></span> <span class='ocrx_word' id='word_1_259' title='bbox 817 4265 983 4358; x_wconf 88' lang='lat' dir='ltr'><strong>parochia</strong></span> <span class='ocrx_word' id='word_1_260' title='bbox 1009 4264 1175 4338; x_wconf 90' lang='lat' dir='ltr'><strong>ecclesiae</strong></span> <span class='ocrx_word' id='word_1_261' title='bbox 1193 4265 1236 4337; x_wconf 93' lang='lat' dir='ltr'><strong>de</strong></span> <span class='ocrx_word' id='word_1_262' title='bbox 1254 4264 1427 4338; x_wconf 84' lang='lat' dir='ltr'><strong>Slawno</strong></span> <span class='ocrx_word' id='word_1_263' title='bbox 1456 4267 1533 4356; x_wconf 85' lang='lat' dir='ltr'><strong>sita,</strong></span> <span class='ocrx_word' id='word_1_264' title='bbox 1553 4266 1650 4338; x_wconf 87' lang='lat' dir='ltr'><strong>cuius</strong></span> <span class='ocrx_word' id='word_1_265' title='bbox 1668 4268 1751 4339; x_wconf 91' lang='lat' dir='ltr'><strong>hae·</strong></span> 
     </span>
    </p>
   </div>
   <div class='ocr_carea' id='block_1_7' title="bbox 48 4384 1751 4478">
    <p class='ocr_par' dir='ltr' id='par_1_11' title="bbox 48 4384 1751 4478">
     <span class='ocr_line' id='line_1_30' title="bbox 48 4384 1751 4478; baseline -0.003 -16"><span class='ocrx_word' id='word_1_266' title='bbox 48 4428 50 4430; x_wconf 95' lang='lat'>·</span> <span class='ocrx_word' id='word_1_267' title='bbox 198 4411 254 4462; x_wconf 89' lang='lat' dir='ltr'><strong>res</strong></span> <span class='ocrx_word' id='word_1_268' title='bbox 288 4389 415 4462; x_wconf 88' lang='lat' dir='ltr'><strong>Petrus</strong></span> <span class='ocrx_word' id='word_1_269' title='bbox 451 4387 805 4461; x_wconf 84' lang='lat' dir='ltr'><strong>Kothuszowski</strong></span> <span class='ocrx_word' id='word_1_270' title='bbox 842 4385 1151 4478; x_wconf 86' lang='lat' dir='ltr'><strong>Groszowsky</strong></span> <span class='ocrx_word' id='word_1_271' title='bbox 1185 4386 1228 4458; x_wconf 94' lang='lat' dir='ltr'><strong>de</strong></span> <span class='ocrx_word' id='word_1_272' title='bbox 1256 4387 1361 4458; x_wconf 86' lang='lat' dir='ltr'><strong>armis</strong></span> <span class='ocrx_word' id='word_1_273' title='bbox 1388 4384 1689 4477; x_wconf 81' lang='lat' dir='ltr'><strong>Serpentum,</strong></span> <span class='ocrx_word' id='word_1_274' title='bbox 1715 4388 1751 4458; x_wconf 92' lang='lat' dir='ltr'><strong>in</strong></span> 
     </span>
    </p>
   </div>
   <div class='ocr_carea' id='block_1_8' title="bbox 101 4506 1754 4825">
    <p class='ocr_par' dir='ltr' id='par_1_12' title="bbox 101 4506 1754 4825">
     <span class='ocr_line' id='line_1_31' title="bbox 101 4506 1754 4602; baseline -0.002 -19"><span class='ocrx_word' id='word_1_275' title='bbox 101 4537 103 4541; x_wconf 48' lang='lat'><em>⁷</em></span> <span class='ocrx_word' id='word_1_276' title='bbox 200 4532 268 4602; x_wconf 89' lang='lat' dir='ltr'><strong>qua</strong></span> <span class='ocrx_word' id='word_1_277' title='bbox 308 4516 390 4582; x_wconf 88' lang='lat' dir='ltr'><strong>sunt</strong></span> <span class='ocrx_word' id='word_1_278' title='bbox 432 4508 525 4581; x_wconf 91' lang='lat' dir='ltr'><strong>lanei</strong></span> <span class='ocrx_word' id='word_1_279' title='bbox 565 4509 815 4599; x_wconf 87' lang='lat' dir='ltr'><strong>cmethonales‚</strong></span> <span class='ocrx_word' id='word_1_280' title='bbox 851 4508 894 4580; x_wconf 86' lang='lat' dir='ltr'><strong>da</strong></span> <span class='ocrx_word' id='word_1_281' title='bbox 935 4507 1060 4598; x_wconf 87' lang='lat' dir='ltr'><strong>quibus</strong></span> <span class='ocrx_word' id='word_1_282' title='bbox 1102 4506 1250 4581; x_wconf 89' lang='lat' dir='ltr'><strong>solvitur</strong></span> <span class='ocrx_word' id='word_1_283' title='bbox 1284 4507 1418 4580; x_wconf 90' lang='lat' dir='ltr'><strong>decima</strong></span> <span class='ocrx_word' id='word_1_284' title='bbox 1454 4507 1681 4599; x_wconf 87' lang='lat' dir='ltr'><strong>manipularis</strong></span> <span class='ocrx_word' id='word_1_285' title='bbox 1717 4513 1754 4579; x_wconf 86' lang='lat' dir='ltr'><strong>et</strong></span> 
     </span>
     <span class='ocr_line' id='line_1_32' title="bbox 201 4626 1754 4722; baseline -0.002 -19"><span class='ocrx_word' id='word_1_286' title='bbox 201 4652 264 4722; x_wconf 93' lang='lat' dir='ltr'><strong>per</strong></span> <span class='ocrx_word' id='word_1_287' title='bbox 301 4635 451 4722; x_wconf 89' lang='lat' dir='ltr'><strong>quatuor</strong></span> <span class='ocrx_word' id='word_1_288' title='bbox 486 4631 625 4720; x_wconf 85' lang='lat' dir='ltr'><strong>iemgas</strong></span> <span class='ocrx_word' id='word_1_289' title='bbox 661 4629 835 4721; x_wconf 89' lang='lat' dir='ltr'><strong>canapalis</strong></span> <span class='ocrx_word' id='word_1_290' title='bbox 868 4628 1087 4721; x_wconf 87' lang='lat' dir='ltr'><strong>praebendae</strong></span> <span class='ocrx_word' id='word_1_291' title='bbox 1113 4626 1430 4720; x_wconf 82' lang='lat' dir='ltr'><strong>Krzczonowskey,</strong></span> <span class='ocrx_word' id='word_1_292' title='bbox 1458 4634 1494 4700; x_wconf 89' lang='lat' dir='ltr'><strong>et</strong></span> <span class='ocrx_word' id='word_1_293' title='bbox 1520 4628 1652 4702; x_wconf 86' lang='lat' dir='ltr'><strong>ducunt</strong></span> <span class='ocrx_word' id='word_1_294' title='bbox 1678 4648 1754 4700; x_wconf 90' lang='lat' dir='ltr'><strong>eam</strong></span> 
     </span>
     <span class='ocr_line' id='line_1_33' title="bbox 198 4747 1753 4825; baseline -0.003 0"><span class='ocrx_word' id='word_1_295' title='bbox 198 4752 396 4825; x_wconf 84' lang='lat' dir='ltr'><strong>emethones</strong></span> <span class='ocrx_word' id='word_1_296' title='bbox 431 4752 467 4822; x_wconf 93' lang='lat' dir='ltr'><strong>in</strong></span> <span class='ocrx_word' id='word_1_297' title='bbox 501 4753 667 4823; x_wconf 89' lang='lat' dir='ltr'><strong>horreum</strong></span> <span class='ocrx_word' id='word_1_298' title='bbox 702 4770 724 4821; x_wconf 88' lang='lat' dir='ltr'><strong>a</strong></span> <span class='ocrx_word' id='word_1_299' title='bbox 758 4751 922 4823; x_wconf 89' lang='lat' dir='ltr'><strong>canonico</strong></span> <span class='ocrx_word' id='word_1_300' title='bbox 957 4747 1138 4822; x_wconf 89' lang='lat' dir='ltr'><strong>locandum</strong></span> <span class='ocrx_word' id='word_1_301' title='bbox 1174 4754 1210 4821; x_wconf 89' lang='lat' dir='ltr'><strong>et</strong></span> <span class='ocrx_word' id='word_1_302' title='bbox 1244 4749 1342 4822; x_wconf 88' lang='lat' dir='ltr'><strong>valor</strong></span> <span class='ocrx_word' id='word_1_303' title='bbox 1375 4749 1580 4820; x_wconf 88' lang='lat' dir='ltr'><strong>aestimatur</strong></span> <span class='ocrx_word' id='word_1_304' title='bbox 1606 4749 1681 4821; x_wconf 90' lang='lat' dir='ltr'><strong>eius</strong></span> <span class='ocrx_word' id='word_1_305' title='bbox 1707 4748 1753 4820; x_wconf 89' lang='lat' dir='ltr'><strong>ad</strong></span> 
     </span>
    </p>
   </div>
   <div class='ocr_carea' id='block_1_9' title="bbox 59 4859 1752 4964">
    <p class='ocr_par' dir='ltr' id='par_1_13' title="bbox 59 4859 1752 4964">
     <span class='ocr_line' id='line_1_34' title="bbox 59 4859 1752 4964; baseline -0.002 -19"><span class='ocrx_word' id='word_1_306' title='bbox 59 4903 62 4918; x_wconf 77' lang='lat'><em>,</em></span> <span class='ocrx_word' id='word_1_307' title='bbox 198 4874 295 4963; x_wconf 87' lang='lat' dir='ltr'><strong>duas,</strong></span> <span class='ocrx_word' id='word_1_308' title='bbox 323 4859 509 4964; x_wconf 86' lang='lat' dir='ltr'><strong>aliquando</strong></span> <span class='ocrx_word' id='word_1_309' title='bbox 537 4871 582 4945; x_wconf 90' lang='lat' dir='ltr'><strong>ad</strong></span> <span class='ocrx_word' id='word_1_310' title='bbox 609 4877 758 4963; x_wconf 86' lang='lat' dir='ltr'><strong>quatuor</strong></span> <span class='ocrx_word' id='word_1_311' title='bbox 784 4890 928 4944; x_wconf 85' lang='lat' dir='ltr'><strong>marcas.</strong></span> <span class='ocrx_word' id='word_1_312' title='bbox 942 4859 948 4866; x_wconf 73' lang='grc'>’</span> <span class='ocrx_word' id='word_1_313' title='bbox 964 4870 1053 4944; x_wconf 89' lang='lat' dir='ltr'><strong>Item</strong></span> <span class='ocrx_word' id='word_1_314' title='bbox 1079 4869 1248 4944; x_wconf 87' lang='lat' dir='ltr'><strong>tabernae</strong></span> <span class='ocrx_word' id='word_1_315' title='bbox 1274 4891 1344 4943; x_wconf 92' lang='lat' dir='ltr'><strong>non</strong></span> <span class='ocrx_word' id='word_1_316' title='bbox 1371 4874 1453 4943; x_wconf 89' lang='lat' dir='ltr'><strong>sunt</strong></span> <span class='ocrx_word' id='word_1_317' title='bbox 1479 4869 1516 4940; x_wconf 94' lang='lat' dir='ltr'><strong>in</strong></span> <span class='ocrx_word' id='word_1_318' title='bbox 1541 4869 1626 4942; x_wconf 80' lang='lat' dir='ltr'><strong>villa</strong></span> <span class='ocrx_word' id='word_1_319' title='bbox 1651 4890 1752 4960; x_wconf 90' lang='lat' dir='ltr'><strong>prae·</strong></span> 
     </span>
    </p>
   </div>
   <div class='ocr_carea' id='block_1_10' title="bbox 184 4972 1823 5327">
    <p class='ocr_par' dir='ltr' id='par_1_14' title="bbox 184 4972 1823 5327">
     <span class='ocr_line' id='line_1_35' title="bbox 184 4972 1754 5104; baseline -0.001 -40"><span class='ocrx_word' id='word_1_320' title='bbox 184 4992 290 5084; x_wconf 45' lang='grc'><strong>111111</strong></span> <span class='ocrx_word' id='word_1_321' title='bbox 317 4995 401 5065; x_wconf 88' lang='lat' dir='ltr'><strong>item</strong></span> <span class='ocrx_word' id='word_1_322' title='bbox 436 4992 616 5066; x_wconf 91' lang='lat' dir='ltr'><strong>hortulani</strong></span> <span class='ocrx_word' id='word_1_323' title='bbox 651 4996 748 5083; x_wconf 85' lang='lat' dir='ltr'><strong>sunt,</strong></span> <span class='ocrx_word' id='word_1_324' title='bbox 776 4972 837 5063; x_wconf 89' lang='lat' dir='ltr'><strong>sed</strong></span> <span class='ocrx_word' id='word_1_325' title='bbox 872 5012 941 5064; x_wconf 93' lang='lat' dir='ltr'><strong>non</strong></span> <span class='ocrx_word' id='word_1_326' title='bbox 979 4991 1111 5065; x_wconf 90' lang='lat' dir='ltr'><strong>habent</strong></span> <span class='ocrx_word' id='word_1_327' title='bbox 1145 5010 1265 5083; x_wconf 79' lang='lat' dir='ltr'><strong>agros,</strong></span> <span class='ocrx_word' id='word_1_328' title='bbox 1292 4991 1376 5062; x_wconf 88' lang='lat' dir='ltr'><strong>item</strong></span> <span class='ocrx_word' id='word_1_329' title='bbox 1411 4988 1590 5104; x_wconf 87' lang='lat' dir='ltr'><strong>praedium</strong></span> <span class='ocrx_word' id='word_1_330' title='bbox 1615 4991 1754 5063; x_wconf 90' lang='lat' dir='ltr'><strong>unicum</strong></span> 
     </span>
     <span class='ocr_line' id='line_1_36' title="bbox 199 5105 1823 5223; baseline 0 -39"><span class='ocrx_word' id='word_1_331' title='bbox 199 5114 360 5206; x_wconf 85' lang='lat' dir='ltr'><strong>militare,</strong></span> <span class='ocrx_word' id='word_1_332' title='bbox 387 5115 431 5189; x_wconf 94' lang='lat' dir='ltr'><strong>de</strong></span> <span class='ocrx_word' id='word_1_333' title='bbox 458 5136 526 5207; x_wconf 89' lang='lat' dir='ltr'><strong>quo</strong></span> <span class='ocrx_word' id='word_1_334' title='bbox 547 5113 688 5187; x_wconf 87' lang='lat' dir='ltr'><strong>decima</strong></span> <span class='ocrx_word' id='word_1_335' title='bbox 712 5111 940 5204; x_wconf 89' lang='lat' dir='ltr'><strong>manipularis</strong></span> <span class='ocrx_word' id='word_1_336' title='bbox 967 5112 1115 5186; x_wconf 82' lang='lat' dir='ltr'><strong>solvitur</strong></span> <span class='ocrx_word' id='word_1_337' title='bbox 1140 5111 1305 5223; x_wconf 72' lang='lat' dir='ltr'><strong>eeclesiae</strong></span> <span class='ocrx_word' id='word_1_338' title='bbox 1320 5110 1513 5204; x_wconf 82' lang='lat' dir='ltr'><strong>parochiali</strong></span> <span class='ocrx_word' id='word_1_339' title='bbox 1527 5105 1753 5215; x_wconf 72' lang='grc'><strong>11811111.</strong></span> <span class='ocrx_word' id='word_1_340' title='bbox 1817 5142 1823 5149; x_wconf 52' lang='grc'><strong>’</strong></span> 
     </span>
     <span class='ocr_line' id='line_1_37' title="bbox 302 5228 1632 5327; baseline 0.002 -23"><span class='ocrx_word' id='word_1_341' title='bbox 302 5234 546 5327; x_wconf 76' lang='grc'><strong>1111111111,</strong></span> <span class='ocrx_word' id='word_1_342' title='bbox 573 5233 657 5307; x_wconf 87' lang='lat' dir='ltr'><strong>villa</strong></span> <span class='ocrx_word' id='word_1_343' title='bbox 684 5234 749 5309; x_wconf 89' lang='lat' dir='ltr'><strong>sub</strong></span> <span class='ocrx_word' id='word_1_344' title='bbox 774 5233 946 5326; x_wconf 88' lang='lat' dir='ltr'><strong>parochia.</strong></span> <span class='ocrx_word' id='word_1_345' title='bbox 967 5232 1145 5307; x_wconf 69' lang='lat' dir='ltr'><strong>aeduin·</strong></span> <span class='ocrx_word' id='word_1_346' title='bbox 1158 5228 1192 5296; x_wconf 65' lang='grc' dir='ltr'><strong>ἃ·</strong></span> <span class='ocrx_word' id='word_1_347' title='bbox 1496 5250 1521 5288; x_wconf 69' lang='lat' dir='ltr'><strong>s.</strong></span> <span class='ocrx_word' id='word_1_348' title='bbox 1542 5230 1632 5296; x_wconf 63' lang='lat' dir='ltr'><strong>mim</strong></span> 
     </span>
    </p>
   </div>
   <div class='ocr_carea' id='block_1_11' title="bbox 59 5344 1008 5454">
    <p class='ocr_par' dir='ltr' id='par_1_15' title="bbox 59 5344 1008 5454">
     <span class='ocr_line' id='line_1_38' title="bbox 59 5344 1008 5454; baseline 0.001 -22"><span class='ocrx_word' id='word_1_349' title='bbox 59 5403 73 5450; x_wconf 86' lang='lat'><strong>·.</strong></span> <span class='ocrx_word' id='word_1_350' title='bbox 197 5355 304 5432; x_wconf 89' lang='lat' dir='ltr'><strong>redes</strong></span> <span class='ocrx_word' id='word_1_351' title='bbox 330 5355 479 5451; x_wconf 88' lang='lat' dir='ltr'><strong>praefati</strong></span> <span class='ocrx_word' id='word_1_352' title='bbox 505 5352 887 5454; x_wconf 64' lang='lat' dir='ltr'><strong>immacuculatus</strong></span> <span class='ocrx_word' id='word_1_353' title='bbox 913 5344 1008 5435; x_wconf 70' lang='lat' dir='ltr'><strong>ab</strong></span> 
     </span>
    </p>
   </div>
   <div class='ocr_carea' id='block_1_12' title="bbox 0 0 2035 6052">
    <p class='ocr_par' dir='ltr' id='par_1_16' title="bbox 0 0 2035 6052">
     <span class='ocr_line' id='line_1_39' title="bbox 0 0 2035 6052; baseline 0 0"><span class='ocrx_word' id='word_1_354' title='bbox 0 0 2035 6052; x_wconf 95' lang='lat' dir='ltr'><strong> </strong></span> 
     </span>
    </p>
   </div>
  </div>
 </body>
</html>
