4050 6054
1710 438 1783 508 285

242 651 475 738 Lanciciensi,
511 656 546 720 et
574 649 770 723 conducunt
805 668 882 719 eam
907 648 1058 738 propriis
1092 646 1250 717 curribus
1278 646 1314 715 iu
1340 645 1504 714 horreum
1540 665 1561 713 a
1588 643 1786 733 praeposito

245 758 491 843 roardum'et
517 769 616 840 valor
642 768 793 839 decimae
820 768 1024 841 aestimatur
1051 768 1095 837 ad
1122 765 1301 836 duodecim
1327 784 1470 836 mareas.

348 891 602 977 Rnrnuuuull,
629 889 712 957 villa
746 886 993 978 capitularis
983 909 1024 957 m·
1045 888 1121 956 iure
1147 885 1310 956 Polonico
1336 886 1451 955 locata
1477 887 1513 955 et
1538 884 1602 955 sub
1629 885 1795 973 parochia

244 1009 419 1101 ecclesiae
436 1010 479 1081 de
505 1008 786 1080 Pabianicze
814 1009 899 1097 sita,
924 1006 961 1077 in
979 1027 1048 1099 qua
1067 1012 1148 1077 sunt
1166 1004 1345 1076 duodecim
1363 1005 1454 1074 lanei
1480 1004 1731 1093 cmethonales,
1758 1010 1794 1075 et

142 1151 146 1161 ’
245 1106 393 1235 qrp'iibet
417 1128 461 1225 de
478 1130 578 1200 laneo
597 1149 661 1217 pro
680 1149 783 1198 censu
810 1149 923 1198 annuo
951 1127 1055 1198 solvit
1039 1127 1172 1216 tcapit
1157 1126 1230 1196 tulo
1257 1123 1426 1214 profesto
1454 1122 1487 1194 S.
1503 1122 1651 1194 Martini
1668 1124 1792 1214 viginti

245 1253 377 1322 scottos
404 1253 440 1319 et
466 1253 541 1318 tres
567 1269 725 1337 grossos,
752 1247 836 1317 item
863 1247 950 1317 duos
977 1266 1142 1334 capones,
1169 1247 1252 1316 item
1280 1245 1427 1334 triginta
1452 1265 1532 1331 ova;
1559 1266 1627 1315 non
1655 1245 1794 1315 solvunt

244 1369 413 1456 triticum,
441 1388 552 1456 neque
579 1384 742 1503 armam,
778 1386 888 1455 neque
916 1386 1055 1436 censum
1081 1365 1256 1453 foeni3t
1227 1366 1312 1434 item
1338 1386 1407 1436 non
1433 1368 1597 1435 tenentur
1624 1363 1666 1435 de
1692 1364 1793 1435 laneo

244 1488 425 1561 duodecim
447 1507 569 1557 currus
591 1454 764 1577 lignorum
783 1507 847 1575 pro
866 1486 962 1556 curia
988 1486 1024 1555 in
1043 1485 1326 1556 Pabianieze
1353 1483 1599 1574 adducere,t
1570 1485 1654 1555 item
1672 1490 1793 1555 tenen-

245 1608 340 1707 tur
330 1629 366 1680 m
393 1607 535 1698 praedio
562 1594 803 1679 Pabianicdrsi
830 1627 932 1696 agros
959 1625 1018 1675 eos
1051 1607 1290 1695 contingentes
1318 1625 1418 1675 arare
1429 1606 1640 1695 ,arpicare‚
1668 1626 1795 1695 serere,

245 1696 396 1849 ῥᾴωο,
424 1731 460 1798 et
486 1728 618 1798 acervis
646 1727 802 1817 disposit
793 1748 823 1796 rs
868 1727 904 1796 in
931 1727 1094 1797 horreum
1131 1725 1398 1813 conduceret
1369 1726 1454 1796 item
1492 1731 1656 1797 tenentur
1690 1746 1795 1797 unum

244 1826 385 1941 pratum
411 1870 474 1938 pro
493 1849 591 1918 curia
606 1847 818 1935 f,alcastrare
845 1853 919 1917 rast
920 1867 1009 1936 rare,
1037 1847 1198 1936 colligere
1226 1852 1261 1916 et
1279 1845 1546 1934 conducere3t
1518 1847 1602 1917 item
1620 1847 1656 1916 in
1675 1844 1795 1918 eadem

179 1955 185 1966 ’
245 1968 331 2040 villa
356 1990 425 2040 non
451 1974 506 2040 est
490 1968 671 2056 t,hortus
698 1968 780 2039 item
807 1989 875 2038 non
894 1968 983 2037 est
974 1988 1010 2037 m
1029 1967 1149 2037 eadem
1175 1967 1259 2036 villa
1285 1966 1464 2051 scultetus,
1492 1987 1603 2056 neque
1629 1966 1796 2038 molendi-

247 2098 346 2177 num,
372 2089 621 2160 etcmethones
648 2089 684 2158 in
702 2086 907 2158 molendinis
934 2087 1077 2176 capituli
1103 2088 1251 2172 molunt,
1278 2087 1362 2158 item
1389 2109 1457 2158 non
1476 2087 1615 2158 solvunt
1641 2085 1796 2187 olyedne,

246 2210 332 2282 item
346 2214 511 2281 tenentur
528 2209 565 2278 in
583 2210 783 2279 venationes
802 2208 892 2279 retia
908 2214 945 2279 et
962 2209 1157 2279 necessaria
1175 2209 1210 2278 in
1228 2207 1477 2298 Pyotrkow
1495 2207 1635 2296 ducere,
1662 2207 1793 2279 curiam

248 2334 285 2402 et
301 2330 423 2401 hortos
441 2329 571 2420 sepire,
599 2349 743 2418 aggeres
762 2326 959 2417 reformare,
987 2328 1124 2399 stabula
1142 2329 1257 2399 curiae
1276 2332 1412 2418 tegere,
1439 2332 1475 2398 et
1493 2327 1657 2399 ducturas
1676 2349 1697 2398 a
1714 2327 1797 2398 villa

248 2449 286 2523 in
312 2449 429 2520 uillam
457 2455 493 2520 et
519 2450 555 2519 in
581 2447 658 2519 fora
684 2448 808 2519 facere.

276 2644 284 2655 ,
353 2569 442 2640 Item
468 2569 551 2640 villa
568 2567 727 2659 praefata
753 2569 857 2639 solvit
874 2563 1046 2640 'decimam
1064 2569 1312 2658 manipularem
1331 2568 1588 2658 archiepiscopo
1607 2573 1644 2639 et
1661 2588 1799 2640 mensae

249 2709 333 2761 suae
352 2687 561 2779 Gneznensi‚
587 2695 624 2760 et
641 2689 836 2760 conducunt
861 2689 955 2759 illam
974 2689 1125 2779 propriis
1143 2689 1302 2759 curribus
1328 2689 1364 2758 in
1381 2689 1545 2761 horreum
1571 2710 1592 2758 a
1609 2687 1799 2760 factoribus

249 2808 500 2899 archiepiscopi
533 2807 733 2897 locandum,
768 2812 805 2878 et
830 2809 970 2880 solvunt
1005 2808 1171 2879 decimam
1209 2809 1332 2898 canapi
1367 2829 1430 2898 per
1457 2807 1543 2880 duas
1568 2807 1726 2899 ierugas,
1763 2815 1799 2880 et

249 2928 348 3000 valor
375 2926 527 3001 decimae
561 2927 767 2999 aestimatur
801 2927 846 2999 ad
871 2927 1052 3000 duodecim
1078 2948 1232 3016 marcas;
1267 2928 1351 2999 item
1378 2932 1433 2999 est
1466 2926 1516 2999 ibi
1541 2949 1633 3001 unus
1662 2928 1799 3003 cmetho

251 3045 527 3140 Gregorius,
554 3048 686 3119 habens
712 3047 902 3136 mellificis,
929 3049 1064 3120 ratione
1093 3070 1239 3138 quorum
1266 3049 1371 3120 solvit
1397 3047 1576 3120 fertonem.

251 3184 254 3191 ’
356 3168 575 3257 Rourczun,
610 3168 693 3238 villa
720 3168 921 3258 capitularis
948 3170 984 3238 in
1012 3170 1087 3241 iure
1114 3169 1278 3242 Polonico
1313 3163 1450 3258 locata,'
1482 3175 1518 3241 et
1544 3170 1609 3241 sub
1635 3170 1801 3260 parochia

254 3288 418 3390 ecclesiae
445 3288 488 3360 de
505 3287 647 3380 Lyodza
673 3289 754 3376 sita,
782 3289 817 3359 in
837 3309 905 3378 qua
931 3293 1011 3360 sunt
1039 3290 1188 3380 quinque
1215 3289 1306 3360 lanei
1334 3289 1576 3380 emethonales,
1603 3295 1641 3363 et
1657 3290 1802 3380 quilibet

251 3408 356 3481 solvit
373 3408 525 3499 capitulo
551 3408 594 3480 de
611 3409 711 3479 laneo
738 3429 802 3499 pro
821 3429 925 3480 censu
944 3429 1057 3480 annuo
1084 3410 1121 3479 in
1138 3409 1227 3481 festo
1254 3409 1287 3480 S.
1304 3398 1451 3481 Martini
1473 3408 1622 3481 mediam
1638 3429 1801 3501 marcam,

251 3534 288 3600 et
304 3529 441 3600 notario
468 3528 617 3602 medium
638 3550 797 3619 grossum
823 3550 886 3619 pro
906 3535 989 3600 nota
1012 3551 1081 3601 non
1099 3530 1252 3619 solvunt,
1279 3531 1363 3600 item
1381 3529 1468 3600 duos
1487 3548 1635 3620 capones
1652 3529 1801 3620 solvunt,

252 3648 336 3721 item
370 3648 517 3739 triginta
552 3669 617 3719 ova
644 3649 800 3737 solruut3
836 3651 918 3719 item
950 3671 1018 3720 non
1055 3650 1194 3720 solvunt
1220 3654 1370 3739 quatuor
1405 3649 1528 3721 choros
1554 3647 1682 3741 tritici,
1718 3648 1801 3721 item

253 3788 365 3859 neque
393 3773 541 3858 quatuor
568 3769 691 3841 choros
718 3789 866 3858 avenae,
901 3770 984 3841 item
1011 3790 1075 3842 nec
1101 3769 1188 3841 duos
1214 3791 1354 3859 grossos
1381 3791 1444 3860 pro
1472 3789 1579 3840 censu
1603 3769 1715 3861 foeni,
1743 3771 1802 3861 qui

180 3910 187 3924 ·
257 3892 401 3959 vocatur
417 3909 560 3982 azymae
564 3913 577 3972 ‚·
604 3889 687 3959 item
706 3887 852 3978 quilibet
869 3888 912 3960 de
929 3890 1030 3961 laneo
1049 3910 1117 3961 non
1135 3894 1275 3961 tenetur
1293 3888 1472 3962 duodecim
1490 3909 1613 3961 currus
1630 3889 1803 3981 lignorum

252 4027 317 4096 pro
333 4007 429 4078 curia
446 4009 482 4077 in
500 4006 773 4079 Pabianicze
791 4007 971 4098 adducere,
989 4011 1073 4080 item
1092 4031 1162 4080 non
1176 4015 1340 4082 tenentur
1357 4010 1393 4080 in
1406 4010 1550 4101 praedio
1563 4010 1804 4084 Pabianicensi

253 4146 357 4217 agros
375 4147 434 4200 eos
452 4127 701 4218 contingentes,
719 4129 778 4218 qui
791 4125 942 4225 icorzyoi
958 4130 1187 4220 appellantur,
1206 4150 1322 4221 arare,
1340 4131 1512 4222 amicare,
1530 4152 1656 4224 serere,
1674 4137 1804 4206 metere

252 4250 290 4316 et
307 4246 440 4318 acervis
459 4245 636 4337 dispositis
654 4246 864 4337 conducere,
882 4271 951 4320 non
975 4255 1139 4322 tenentur
1156 4249 1309 4341 solvere,
1327 4248 1413 4321 item
1429 4271 1499 4323 nou
1516 4256 1681 4325 tenentur
1697 4275 1803 4326 unum

252 4370 391 4454 pratum
415 4387 480 4456 pro
499 4367 596 4438 curia
612 4365 832 4457 falcastrare,
860 4374 1032 4459 rastrare,
1059 4370 1221 4460 colligere
1247 4374 1284 4441 et
1301 4369 1502 4442 conducere.
1540 4371 1629 4443 Item
1654 4392 1724 4444 non
1750 4379 1805 4445 est

252 4484 290 4555 in
315 4484 437 4557 eadem
471 4485 556 4558 villa
585 4487 770 4578 scoltetus,
805 4508 916 4578 neque
951 4490 1202 4580 molendinum,
1239 4496 1275 4561 et
1300 4491 1499 4563 emethones
1535 4491 1572 4562 in
1598 4492 1804 4565 molendinis

255 4603 397 4695 capituli
421 4604 571 4694 molunt,
597 4606 681 4678 item
706 4628 776 4678 non
795 4607 933 4680 solvunt
959 4606 1122 4704 obyedno,
1149 4611 1232 4682 item
1249 4615 1413 4682 tenentur
1439 4611 1529 4683 retia
1546 4611 1583 4683 in
1600 4613 1803 4699 uenationes

252 4727 292 4794 et
306 4726 503 4797 macaria
528 4725 564 4794 in
581 4724 832 4817 Pyotrkow
858 4726 993 4818 ducere,
1021 4731 1152 4801 curiam
1178 4736 1216 4802 et
1233 4730 1354 4804 hortos
1373 4731 1497 4821 sepire,
1524 4749 1670 4824 aggeres
1695 4733 1804 4804 refor-

254 4860 359 4932 mare,
386 4843 524 4916 stabula
542 4845 657 4916 curiae
684 4850 812 4936 tegere,
839 4853 876 4918 et
892 4847 1056 4921 ducturas
1074 4871 1096 4923 a
1112 4851 1196 4922 villa
1222 4852 1259 4923 in
1276 4824 1396 4922 villam
1422 4855 1458 4923 et
1474 4848 1606 4924 infore
1628 4850 1753 4925 faeere.

358 4961 446 5034 Item
463 4963 548 5034 villa
572 4963 730 5054 praefata
756 4967 860 5037 solvit
877 4966 1046 5040 decimam
1059 4971 1310 5060 manipularem
1327 4970 1585 5063 archiepiscopo
1612 4977 1650 5044 et
1666 4993 1806 5046 mensae

193 5167 200 5177 ι
255 5101 338 5153 suae
374 5078 588 5174 Gneznensi,
624 5090 660 5155 et
695 5084 891 5158 conducunt
926 5088 1021 5173 illmu
1057 5089 1256 5162 emethones
1289 5092 1327 5164 in
1361 5092 1524 5164 horreum
1558 5111 1581 5164 a
1615 5090 1805 5167 factoribus

255 5201 505 5296 archiepiscopi
521 5204 718 5294 locandum,
745 5213 781 5276 et
799 5207 938 5278 solvunt
955 5206 1121 5280 decimam
1140 5208 1262 5300 canapi
1287 5228 1352 5301 per
1369 5210 1455 5284 duas
1472 5212 1626 5305 ierugas,
1652 5219 1690 5285 et
1704 5214 1804 5288 valor

255 5320 406 5398 decimae
423 5324 627 5404 aestimatur
643 5324 687 5398 ad
706 5331 855 5421 quatuor
872 5337 1020 5424 marcas,
1046 5327 1130 5406 item
1147 5329 1352 5412 haudmar
1370 5330 1432 5410 dat
1449 5333 1639 5407 octodecim
1655 5354 1806 5429 grossos.
