4050 6054
1703 452 1777 527 263

228 658 377 748 percipit
403 657 569 747 plebanus
604 659 640 729 in
668 658 1107 749 Wyanczslawicze,
1144 660 1348 730 aestimatur
1383 659 1428 730 ad
1455 660 1606 750 quinque
1632 680 1777 733 marcas.

228 778 318 850 Item
344 781 441 851 curia
466 780 636 869 militaris,
663 786 699 851 et
725 800 844 851 omnes
871 782 1049 852 hortulani
1076 781 1151 851 iure
1178 781 1377 870 parochiali,
1403 782 1581 870 pertinent
1607 781 1653 853 ad
1670 782 1780 854 ecole-

229 901 316 971 aiam
342 902 378 971 in
405 900 451 969 W
459 900 842 991 yauczslawicze3
881 902 1081 973 cmetbones
1117 922 1200 974 vero
1237 922 1355 973 omnes
1381 906 1418 972 et
1443 903 1648 974 tabemotor
1672 904 1781 992 perti·

226 1018 1174 1112 nentadecclesiaminGostczyavillaepraeiatae
1193 1021 1779 1114 WyanczslawskaWolya

226 1246 461 1352 collegium
493 1251 882 1330 mansionariorum.
904 1249 1091 1331 carebat
1108 1252 1237 1379 annio
1266 1251 1454 1355 plurimis
1469 1248 1775 1334 cracoviensis

188 1456 193 1464 ,
295 1388 481 1511 ecclesia
514 1389 892 1491 mansionariorum
923 1389 1106 1494 collegio
1138 1393 1183 1469 et
1214 1389 1309 1468 colo
1342 1389 1633 1495 praelatorum
1666 1397 1711 1471 ot

628 1529 932 1608 canonicorum
965 1533 1164 1609 contenta
1200 1549 1388 1629 numero,

225 1734 284 1837 qui
309 1767 374 1837 per
399 1748 546 1819 vicarios
574 1770 655 1819 suos
682 1756 851 1839 perpetua
886 1749 967 1821 dote
993 1749 1193 1838 institutos,
1230 1748 1343 1820 officia
1377 1749 1571 1838 psallebant
1605 1741 1720 1822 nocte
1740 1757 1778 1823 et

223 1868 376 1939 interdiu
403 1869 439 1939 in
466 1870 543 1959 ipsa
569 1870 714 1940 ecclesia
750 1870 879 1961 divina,
904 1890 947 1940 ea
967 1869 1214 1958 tantummodo,
1242 1890 1331 1959 quae
1358 1870 1402 1940 ab
1420 1870 1565 1941 ecclesia
1589 1870 1778 1943 universali

223 2008 287 2078 pro
322 1992 645 2061 commemoratione
689 1990 891 2080 quotidiana
926 1998 1008 2061 sunt
1041 1991 1214 2061 instituta
1250 1989 1408 2061 Officium
1443 1990 1601 2061 dominae
1635 1997 1777 2064 nostrae
1818 1994 1821 2006 '

223 2108 379 2200 Virginis
409 2109 543 2181 Mariae
578 2111 818 2201 negligebant,
854 2111 946 2200 quod
986 2112 1021 2181 in
1049 2118 1154 2182 cantu
1188 2110 1313 2181 saltem
1347 2131 1458 2201 neque
1493 2113 1530 2181 in
1556 2109 1776 2185 Oraooviensi

221 2231 383 2320 ecclesia,
418 2253 530 2322 neque
558 2233 594 2303 in
621 2232 895 2321 metropolitana
921 2230 1133 2320 Gneznensi‚
1170 2252 1281 2321 noque
1308 2233 1344 2301 in
1370 2231 1487 2321 aliqua
1521 2232 1775 2307 cathedralium

219 2347 468 2423 Polonicalium
498 2353 720 2423 ecclesiarum
748 2360 809 2423 aut
839 2352 1066 2441 audiebatur,
1094 2359 1156 2423 aut
1182 2352 1409 2441 noscebatur,
1445 2372 1575 2442 oraque
1605 2352 1774 2427 Dammae

100 2510 103 2515 ·
218 2454 552 2563 nostraeVirginis
586 2473 790 2544 benedictae
833 2474 938 2543 horas
975 2473 1195 2543 iubilantium
1232 2464 1269 2542 et
1297 2472 1492 2543 canentium
1518 2471 1636 2543 clausa
1663 2480 1774 2562 erant,

219 2599 480 2684 praeterquam,
516 2594 609 2683 quod
636 2595 756 2664 vicarii
787 2576 1036 2665 cracovienses
1072 2593 1178 2664 horas
1206 2593 1300 2682 ipsas
1335 2592 1468 2663 nonin
1495 2597 1662 2664 cautuet
1690 2613 1773 2665 voce

220 2732 355 2804 sonora,
381 2712 443 2785 sed
468 2715 534 2784 sub
560 2714 717 2785 lectionis
744 2735 840 2785 more
867 2720 1054 2804 torrenter,
1083 2714 1180 2785 iuxta
1202 2734 1243 2784 oc
1260 2714 1427 2784 hactenus
1453 2712 1593 2804 faciunt,
1619 2734 1772 2803 pronun·
1899 2786 1910 2804 ‚

220 2834 369 2926 ciabont,
394 2835 601 2924 duravitque
628 2835 825 2906 huiusmodi
851 2842 992 2905 nostrae
1019 2835 1188 2906 Dominae
1217 2841 1254 2905 et
1280 2842 1352 2904 tam
1380 2833 1550 2922 coelestis,
1577 2855 1680 2925 quam
1697 2840 1769 2906 ter-

218 2974 324 3026 renae
348 2955 584 3045 Imperatricis
611 2957 646 3024 in
674 2955 896 3026 Cracoviensi
932 2955 1099 3026 cathedra
1132 2954 1362 3045 negligentia,
1389 2954 1433 3025 ab
1460 2955 1536 3025 eins
1567 2953 1771 3027 fundatione

220 3072 264 3173 et·
281 3076 480 3165 primordio,
507 3096 615 3165 usque
644 3076 688 3147 ad
715 3075 953 3166 pontificatum
988 3075 1240 3146 Zawiscbii
1268 3075 1311 3146 de
1337 3054 1673 3166 Kurosua‘nky,
1708 3096 1772 3147 no-

218 3194 298 3267 bilis
326 3196 368 3266 de
395 3196 497 3267 domo
524 3197 717 3286 Rossae,
745 3198 859 3287 quiin
876 3216 1020 3268 numero
1046 3195 1247 3286 pontificum
1265 3194 1545 3268 cracoviensium
1572 3196 1769 3285 trigesimus

225 3317 410 3407 secundus,
446 3316 610 3388 Floriano
638 3318 681 3388 de
707 3317 959 3388 Mokrzsko
987 3338 1016 3386 a.
1043 3317 1084 3387 D.
1116 3317 1224 3387 1378.
1251 3316 1455 3406 succedens,
1490 3317 1580 3388 hunc
1606 3317 1769 3389 ruborem
1870 3371 1881 3403 ,

216 3436 410 3528 neglectum
437 3445 541 3528 atoue
577 3438 800 3528 ignominiam
826 3438 870 3509 ab
897 3437 1043 3508 ccclesia
1070 3435 1290 3508 Cracoriensi
1324 3438 1456 3527 primus
1483 3437 1638 3526 detersit,
1665 3437 1768 3508 colle·

215 3559 341 3649 gioque
358 3559 671 3629 mansionariorum
690 3564 725 3628 et
742 3558 884 3647 speciali
911 3558 1043 3646 capella
1070 3558 1180 3646 ipsam
1207 3558 1386 3627 ecclesiam
1414 3556 1674 3629 Cracoriensem
1693 3559 1765 3649 pri·

215 3679 535 3769 musinsigniendo
559 3679 684 3750 extulit
713 3686 749 3749 et
766 3678 973 3765 nobilitavit,
999 3676 1148 3748 fundans
1167 3677 1209 3747 de
1227 3697 1397 3748 consensu
1414 3677 1558 3766 capituli
1583 3677 1766 3769 collegium

214 3801 526 3872 mansionariorum
553 3801 597 3872 de
624 3806 702 3870 octo
729 3798 896 3897 personis,
934 3798 1097 3869 videlicet
1123 3818 1191 3868 uno
1218 3806 1455 3888 praecentore,
1481 3818 1541 3869 sex
1568 3800 1765 3873 mansiona-

66 3963 74 3973 ·
175 3904 178 3919 '
215 3918 278 3991 riis
305 3929 342 3992 et
367 3943 437 3992 uno
465 3922 599 4010 clerico,
626 3925 731 4010 atque
758 3920 842 3990 illud
870 3920 1012 3990 decimis
1039 3919 1312 4008 manipularibus
1338 3940 1475 3990 mensae
1502 3919 1708 4010 episcopalis
1734 3942 1764 3993 a

212 4040 254 4112 D.
285 4040 392 4113 loro.
420 4041 631 4112 sufficienter
658 4041 780 4112 dotans
799 4048 834 4111 et
851 4041 1047 4129 instituens,
1075 4040 1161 4110 nulli
1187 4040 1290 4110 alteri
1308 4040 1546 4130 principaliter
1572 4042 1633 4130 rei,
1661 4062 1764 4132 quam

122 4236 130 4250 ,
211 4161 324 4234 officio
349 4162 519 4233 Dominae
546 4167 687 4233 nostrae
714 4163 750 4263 in
777 4168 882 4232 cantu
907 4168 944 4232 et
970 4181 1055 4232 voce
1083 4181 1210 4232 sonora
1235 4162 1272 4233 in
1290 4161 1511 4233 cracoviensi
1537 4163 1683 4234 ecclesia
1708 4163 1762 4234 iu-

208 4274 392 4374 ragnum
415 4283 453 4353 in
467 4283 576 4354 boris
603 4289 639 4354 et
664 4283 779 4353 missis
806 4283 977 4372 explendo
995 4281 1179 4371 diligenter
1205 4288 1241 4351 et
1267 4303 1343 4353 cum
1357 4282 1588 4354 sollicitudine
1614 4291 1756 4358 vacatu-

208 4400 422 4495 riri,’‘v‘olens
457 4412 561 4494 atque
596 4404 793 4493 docemens,
819 4410 859 4474 ut
886 4403 1109 4475 mansionarii
1143 4403 1339 4475 huiusmodi
1374 4404 1445 4475 sint
1481 4404 1754 4503 sacerdotem

188 4520 369 4597 -cor'rtinue
397 4526 600 4614 residentes,
627 4524 802 4595 manuales
828 4531 865 4595 et
890 4525 1110 4614 temporales
1136 4524 1268 4595 nullum
1294 4524 1497 4597 beneficium
1514 4526 1582 4598 hab
1690 4524 1699 4541 ⁶
1764 4582 1769 4591 .

206 4666 274 4717 non
300 4647 460 4736 perpetui
478 4646 522 4717 ad
540 4652 662 4716 nutum
689 4665 829 4716 suorum
856 4647 1082 4734 superiorum,
1108 4646 1252 4735 praevia
1277 4651 1393 4717 tamen
1419 4664 1526 4719 causa
1549 4646 1658 4727 ratio,
1713 4632 1763 4735 ἦ·

205 4767 424 4839 remoribiles
451 4768 495 4839 ab
521 4767 839 4855 administratione3
873 4765 1052 4837 conferens
1088 4767 1138 4838 eis
1165 4766 1315 4837 decimas
1351 4766 1583 4858 manipulares
1608 4786 1750 4841 mensae

206 4884 592 4979 epiicopalisinvillis:
621 4886 1035 4976 Grodtlrkowicze,
1063 4886 1334 4978 Getbczyna
1360 4886 1535 4980 Wolya,
1561 4889 1758 4962 Lauczo-

205 5006 605 5100 nicae,Gruszow,
630 5008 1454 5098 Blandowka‚Sanspow,Poramblra
1489 5007 1756 5102 Jaszkonis,

205 5126 634 5220 Sozelrarzouicze,
671 5131 1130 5221 Nyewyatrowycze,
1156 5130 1465 5221 Zyolenycze,
1494 5128 1756 5206 Smarzszo·

205 5253 364 5342 wicre3
402 5255 486 5324 item
522 5275 628 5324 unum
654 5254 795 5323 hortum
829 5253 866 5321 in
892 5250 1069 5323 Czarna
1098 5251 1277 5342 Wyesz,
1313 5273 1355 5322 ex
1383 5250 1543 5342 opposito
1569 5252 1756 5325 molendini

202 5371 476 5470 Byenyaszy
502 5376 538 5445 in
566 5375 732 5447 suburbio
760 5373 988 5481 cracoviensi.
1033 5373 1189 5447 Onerans
1215 5373 1392 5463 praefatos
1428 5375 1681 5447 mansionarios
1708 5373 1766 5449 ad·
