4050 6054
236 462 310 561 aaa

232 699 269 765 et
293 689 457 762 humilem
483 688 685 778 petitionem
710 705 752 759 ao
781 686 985 761 instantiam
1011 685 1238 775 Magistri
1264 684 1413 774 Petri,
1436 678 1592 767 cantoris
1619 687 1656 754 et
1681 701 1786 754 cano

230 813 300 883 nici
325 809 488 881 ecclesiae
515 806 770 896 cracoviensis,
801 809 837 878 et
855 808 899 878 ob
926 809 1000 878 eius
1018 807 1255 895 devotionem,
1283 826 1351 896 qua
1377 805 1501 876 ductus
1527 809 1665 875 centum
1690 823 1785 874 mar-

232 952 289 1002 cas
324 930 473 1001 latorum
505 948 706 1017 grossorum
740 925 968 1016 Progensinm
994 927 1037 998 de
1066 926 1137 997 suis
1172 927 1273 997 iustis
1308 924 1487 997 laboribus
1523 922 1712 1015 quaesitas,
1746 923 1787 993 in

108 1053 109 1057 ’
233 1073 319 1143 opus
345 1050 495 1121 fabricae
522 1049 686 1119 ecclesiae
705 1047 944 1119 cracoviensis
971 1047 1180 1138 contulerat,
1207 1068 1236 1117 a.
1254 1047 1295 1116 Ι).
1317 1047 1426 1117 1349.
1451 1044 1617 1134 fundavit,
1644 1048 1680 1115 et
1698 1044 1786 1117 dua—

232 1173 297 1243 bus
324 1170 465 1242 decimis
492 1169 761 1259 manipularibus
780 1189 918 1239 mensae
935 1168 1150 1258 episcopalis,
1178 1167 1319 1257 capituli
1342 1166 1580 1238 Gracoviensis
1598 1164 1787 1237 accedente

90 1306 95 1314 ·
234 1313 412 1382 consensu,
439 1292 475 1362 in
494 1291 586 1362 villis
604 1288 795 1362 Olebawa
817 1295 853 1359 et
869 1289 1181 1379 Pogwiszdow
1199 1290 1352 1380 dotavit,
1375 1310 1418 1360 ex
1438 1309 1505 1379 quo
1521 1292 1639 1359 autem
1656 1305 1786 1376 genere

233 1412 408 1503 praefatus
426 1413 592 1501 magister
609 1410 750 1482 Petru
761 1431 791 1499 s,
818 1416 939 1481 cantor
957 1415 993 1481 et
1011 1411 1196 1481 canonicus
1215 1408 1470 1500 ciacoviensis,
1498 1415 1534 1480 et
1551 1409 1649 1479 cuins
1667 1406 1788 1479 condi·

147 1616 152 1626 ,
232 1535 337 1605 tionis
364 1532 486 1622 buerit,
518 1553 588 1603 non
613 1531 768 1621 invenio,
799 1531 1011 1602 fundationis
1039 1537 1154 1602 autem
1181 1531 1302 1602 altaris
1329 1528 1476 1620 praelati
1502 1529 1651 1601 babetur
1676 1527 1788 1618 privi-

234 1650 362 1744 lQium
394 1652 561 1743 originale
596 1652 633 1722 in
664 1652 799 1722 aerario
826 1652 990 1722 ecclesiae
1023 1651 1280 1741 Gracoviensis,
1312 1650 1515 1751 disponens,
1551 1648 1643 1740 quod
1673 1647 1788 1720 altare

231 1794 315 1891 prae
316 1771 426 1844 satum
452 1793 520 1843 non
548 1772 651 1843 debet
677 1770 825 1843 conferri
851 1793 915 1861 per
932 1774 1140 1863 episcopum
1157 1771 1430 1861 cracoviensem,
1458 1771 1517 1861 qni
1543 1769 1634 1841 illius
1660 1769 1786 1840 umens

234 1900 287 1965 est
304 1894 407 1967 collat
407 1915 448 1964 or
474 1899 509 1964 e
526 1899 711 1983 patronus,
738 1893 806 1964 nisi
834 1899 913 1964 actu
940 1893 1175 1965 sacerdotit
1139 1897 1175 1964 et
1192 1894 1323 1966 vicario
1350 1892 1516 1964 ecclesiae
1541 1872 1785 1974 cracovidia

233 2014 526 2104 personaliteret
510 2015 689 2086 tassidne
714 2014 896 2103 residenti,
925 2015 984 2105 qni
1010 2035 1073 2105 per
1095 2014 1250 2105 singulos
1277 2034 1387 2085 annos
1412 2015 1448 2084 in
1476 2011 1630 2103 qualibet
1614 2009 1789 2082 thebdo·

227 2136 342 2225 meda,
370 2135 528 2206 secundis
555 2141 591 2206 et
617 2136 725 2206 sextis
750 2135 846 2205 feriis
873 2135 959 2206 duas
986 2137 1108 2206 missas
1135 2135 1383 2223 defunctorum,
1410 2139 1446 2204 et
1472 2118 1571 2204 alias·
1584 2142 1650 2223 pro
1677 2131 1784 2202 devo-

232 2258 327 2329 tione
354 2256 547 2346 oelebrare,
583 2261 619 2327 et
645 2256 816 2327 dotatoris
843 2257 878 2326 in
906 2257 956 2326 eis
983 2257 1184 2329 memoriam
1214 2263 1251 2327 et
1276 2256 1312 2326 in
1340 2255 1492 2327 adventu
1517 2273 1581 2345 pro
1609 2252 1786 2324 offertorio

231 2379 357 2448 missae
385 2376 669 2448 Annuntiationis
696 2376 842 2447 Sanctae
869 2373 1003 2448 Mariae
1040 2377 1230 2448 solenniter
1257 2376 1402 2466 singulis
1433 2375 1555 2446 diebus
1582 2372 1785 2462 cantandae,

234 2498 319 2569 duas
345 2518 491 2587 marcae,
518 2497 606 2568 etin
624 2497 808 2567 tricesimis
827 2497 949 2567 diebus
976 2499 1092 2569 obitus
1110 2497 1256 2587 praefati
1283 2496 1442 2586 magistri
1467 2494 1599 2566 Petri
1626 2494 1787 2583 cantoris,
1821 2481 1826 2493 ’

233 2618 380 2689 mediam
407 2635 558 2687 marcam
585 2617 735 2686 latorum
752 2637 972 2707 grossorum,
999 2622 1060 2688 ant
1077 2638 1196 2689 eorum
1223 2618 1376 2690 valorem
1394 2615 1613 2689 universitati
1638 2614 1787 2686 vicario·

234 2759 310 2808 rum
337 2738 471 2809 solvere
498 2738 597 2808 annis
625 2738 770 2827 singulis
797 2739 844 2808 sit
866 2738 1061 2809 adstrictus

337 2856 549 2947 Oncnawn,
568 2858 660 2947 villa,
678 2859 714 2929 in
733 2878 801 2949 qua
814 2864 869 2930 est
886 2860 1031 2930 ecclesia
1048 2860 1269 2950 paroehialis,
1286 2880 1395 2951 prope
1413 2859 1576 2950 oppidum
1595 2857 1788 2947 Bochnya

234 2956 433 3068 sita,‘³cuins
459 2980 657 3068 proprietas
684 2985 720 3049 et
746 2980 933 3050 dominium
960 2981 1113 3071 pertinet
1139 2981 1184 3052 ad
1211 2982 1371 3053 abbatem
1397 2978 1722 3070 Wanchociensem'3
1747 2977 1786 3048 in

235 3122 303 3190 qua
329 3101 453 3189 viginti
481 3102 689 3189 emethones,
716 3121 820 3219 agros
838 3100 1057 3173 indistinctos
1082 3103 1270 3190 habentes;
1296 3106 1464 3173 non-sunt
1490 3101 1538 3172 ibi
1556 3092 1786 3188 hortulaniae,

233 3243 301 3292 non
329 3226 383 3293 est
409 3221 589 3310 praedium
614 3221 674 3309 ibi;
698 3225 755 3333 pt
779 3223 943 3313 taberna,
970 3222 1118 3294 sednon
1144 3223 1250 3294 babet
1268 3224 1389 3313 'agros
1416 3222 1459 3293 de
1477 3221 1635 3292 omnibus
1660 3220 1782 3310 itaque

233 3342 327 3432 agris
354 3341 483 3431 absque
511 3341 738 3413 diminutione
765 3342 867 3414 datur
894 3343 1026 3414 decima
1051 3343 1278 3432 manipularis
1305 3364 1369 3432 pro
1396 3341 1499 3414 altari
1524 3341 1720 3431 praedicto,
1747 3344 1785 3409 et

232 3483 297 3552 per
322 3464 521 3534 emethones
556 3462 694 3533 ducitur
720 3464 871 3553 propriis
899 3464 1056 3535 curribus
1082 3466 1119 3535 in
1147 3465 1310 3535 horreum
1337 3464 1392 3534 ab·
1407 3462 1568 3553 altaripta
1592 3460 1785 3548 locandum,

232 3589 268 3653 et
295 3582 433 3654 solvunt
468 3583 635 3654 decimam
662 3584 783 3672 canapi
808 3604 873 3675 per
899 3589 1049 3674 quatuor
1083 3585 1263 3657 iuncturas
1294 3589 1331 3654 et
1356 3564 1560 3657 semaam
1585 3581 1684 3654 valor
1709 3581 1785 3651 eius

232 3703 380 3774 adacto
406 3723 551 3774 marcas.
594 3702 661 3774 Est
645 3703 791 3773 tetiam
822 3704 872 3774 ibi
898 3706 1064 3775 scoltetus
1090 3705 1221 3776 habens
1252 3724 1354 3794 agros
1381 3709 1417 3774 et
1439 3702 1526 3774 duaa
1557 3702 1720 3809 tabernas
1746 3705 1785 3771 et

230 3844 336 3893 unum
362 3823 609 3911 molendinum,
637 3843 724 3913 quae
751 3824 866 3923 omnia
892 3824 1023 3896 habent
1007 3829 1151 3914 tagros
1178 3845 1221 3895 ex
1247 3825 1423 3914 scoltetia,
1450 3824 1493 3895 de
1521 3818 1647 3914 quibnb
1673 3822 1785 3893 omni-
1882 3878 1889 3890 .

232 3943 297 4013 bus
324 3943 456 4014 decima
482 3942 704 4031 manipularis
732 3910 878 4014 solvitur
904 3945 1051 4034 plebano
1078 3951 1115 4015 et
1141 3945 1343 4016 ecclesiae'
1332 3967 1368 4015 ιιι
1395 3916 1620 4017 cronaca

336 4062 602 4152 Poowrsznow,
622 4063 704 4134 villa
721 4065 853 4136 habens
871 4065 1103 4154 parochialem
1120 4066 1300 4137 ecclesiam
1313 4065 1455 4155 ibidem,
1473 4064 1572 4137 anius
1588 4046 1786 4154 proprietas

232 4190 267 4254 et
285 4184 473 4254 dominium
491 4185 642 4273 pertinet
664 4185 709 4257 ad
726 4191 862 4256 monast
863 4187 972 4257 evium
995 4190 1031 4256 et
1048 4188 1208 4258 abbatem
1227 4186 1497 4277 Thinicie'nsem,
1524 4187 1561 4258 in
1579 4206 1648 4276 qua
1665 4185 1783 4256 decem

235 4306 434 4375 emethones
461 4326 565 4396 agros
596 4306 817 4378 indistinctos
844 4308 1030 4395 habentes,
1066 4308 1109 4379 de
1137 4308 1260 4398 quibus
1295 4308 1452 4379 omnibus
1479 4307 1626 4379 solvitur
1653 4307 1785 4378 decima

232 4426 458 4515 manipularis
486 4448 549 4516 pro
577 4427 680 4498 altari
706 4428 898 4518 praedicto,
925 4434 961 4500 et
978 4449 1041 4519 per
1060 4430 1257 4500 emethones
1283 4424 1434 4520 propriis
1462 4429 1620 4499 curribus
1648 4426 1785 4498 ducitur

230 4547 266 4617 in
294 4549 457 4619 horreum
485 4550 528 4619 ab
556 4549 717 4619 alterista
744 4549 938 4638 locandum,
970 4555 1006 4621 et
1033 4549 1172 4621 solvunt
1198 4550 1363 4620 decimam
1395 4550 1517 4639 canapi
1545 4570 1608 4638 per
1634 4553 1784 4638 quatuor

230 4669 367 4758 ierugas
403 4674 438 4739 et
463 4669 563 4740 valor
589 4670 793 4740 aestimatur
823 4670 897 4740 eius
933 4670 978 4741 ad
1004 4675 1075 4742 tres
1111 4689 1254 4741 marcas.
1297 4671 1386 4741 Item
1417 4677 1473 4742 est
1499 4670 1679 4759 praedium
1706 4688 1784 4739 coe·

233 4789 368 4859 nobiale
396 4790 431 4859 in
450 4789 579 4878 eadem,
606 4789 698 4880 quod
724 4790 872 4880 plebano
898 4798 934 4863 et
962 4793 1125 4863 ecclesiae
1152 4793 1188 4862 in
1215 4790 1500 4880 Pogwisdow
1527 4791 1689 4880 decimat,
1716 4810 1785 4860 non

230 4914 284 4979 est
315 4910 365 4981 ibi
390 4912 554 4999 taberna,
588 4931 656 4981 non
683 4917 766 4983 sunt
791 4912 1024 5003 hortulaniae‚
1059 4913 1227 5004 plebanus
1254 4912 1360 4983 habet
1386 4930 1489 5003 agros
1521 4911 1702 5003 proprios,
1739 4909 1783 4980 de

231 5031 355 5119 quibus
382 5032 469 5102 nulli
495 5031 654 5103 decimat

334 5153 422 5223 Item
450 5154 561 5223 altare
588 5154 780 5242 praefatum
808 5154 1012 5226 Sanctorum
1038 5152 1134 5225 Petri
1161 5159 1197 5225 et
1219 5154 1317 5226 Pauli
1344 5176 1408 5244 per
1434 5159 1573 5226 sanctae
1600 5153 1785 5224 memoriae

231 5271 497 5364 Sbigneum,
524 5275 734 5346 cardinalem
760 5282 796 5345 et
824 5277 1022 5366 episcopum
1049 5273 1320 5366 maceriensem,
1347 5262 1603 5367 incorporatum
1630 5281 1685 5346 est
1708 5277 1787 5346 n'ni-

229 5395 390 5466 versitati
416 5395 625 5467 vicariorum
644 5395 941 5487 cracovienainm,
968 5401 1111 5486 propter
1128 5397 1358 5469 confessorias
1376 5404 1413 5469 et
1430 5417 1519 5470 onus
1535 5398 1586 5467 eis
1604 5404 1798 5469 annexum.'
