4050 6054
1665 436 1738 511 aaa
1870 514 1915 547 „

103 671 109 675 ·
192 635 304 711 cuius
316 634 432 707 dotem
459 636 679 708 contulerunt
705 657 844 709 censum
871 637 1053 709 annualem
1081 636 1229 709 sedecim
1256 638 1461 729 marcarum,
1488 660 1634 731 quarum
1660 643 1765 733 duo‘-n

191 756 301 829 decim
336 778 472 829 marcas
499 758 590 859 apud
617 757 893 830 Oasimirum
920 760 1077 848 tertium,
1104 758 1267 845 Poloniae
1295 781 1430 850 regem,
1457 763 1492 831 in
1520 720 1744 852 provensshs

190 879 344 952 thelonei
371 876 609 951 (iracoviensis
635 879 720 970 ipsis
748 886 784 951 et
810 880 989 951 aitaristae
1016 880 1220 970 inscriptum
1248 902 1311 971 pro
1329 883 1493 954 trecentis
1511 882 1651 956 florenis
1668 884 1744 957 ioro

190 1004 226 1073 et
242 999 356 1091 specie
383 1001 623 1090 reemptionis,
651 1008 800 1092 quatuor
817 1021 900 1073 vero
918 1022 1053 1073 marcas
1071 1002 1176 1072 annui
1203 1022 1343 1093 census,
1372 1004 1477 1077 etiam
1504 1003 1579 1075 foro
1607 1025 1744 1097 reemp-

190 1122 315 1210 tionis,
352 1121 443 1211 apud
479 1127 593 1195 certos
629 1122 819 1213 oppidanos
854 1123 890 1193 in
935 1120 1187 1215 Casimiria
1233 1123 1396 1195 iidelicet
1431 1124 1640 1197 Clementem
1676 1127 1745 1199 La-

191 1244 342 1333 nificam,
365 1239 588 1324 ¹stanislaum
624 1243 862 1334 Wasznih,
900 1249 936 1314 et
963 1250 1165 1315 consortem
1192 1265 1290 1316 suam
1316 1244 1518 1336 Hedvigim,
1540 1245 1626 1321 item
1653 1248 1745 1338 apud

193 1362 417 1438 Catharinam
442 1346 872 1438 Hannushnikowa‘
885 1368 920 1436 et
939 1361 1369 1456 Nicolaumsignator,
1386 1365 1423 1447 in
1442 1367 1625 1440 cuiuslibet
1642 1368 1744 1441 domo

191 1491 227 1558 et
252 1505 334 1557 area
360 1506 464 1557 unam
490 1507 642 1558 marcam
668 1509 732 1576 pro
759 1486 907 1558 sedecim
933 1485 1059 1557 marcis
1086 1492 1381 1576 comparaverunt,
1409 1488 1594 1578 obligando
1622 1460 1764 1568 altari-⁴

195 1612 287 1680 stam
314 1628 377 1698 pro
404 1606 559 1698 tempore
578 1606 622 1678 ad
641 1608 728 1679 duas
755 1608 896 1696 missas,
922 1605 1010 1676 feria
1036 1607 1185 1678 secunda
1212 1629 1275 1698 pro
1303 1607 1483 1697 defunctis,
1511 1615 1547 1680 et
1574 1590 1685 1681 sabb
1711 1632 1744 1697 ,o

193 1728 444 1831 propeccatis,
473 1728 619 1818 singuiis
645 1727 884 1816 hebdomadis,
912 1728 1010 1798 etin
1037 1727 1093 1799 die
1121 1729 1236 1800 obitus
1263 1727 1408 1801 Joannis
1435 1729 1478 1800 de
1505 1728 1682 1801 Schebn
1711 1722 1747 1803 'a
1871 1769 1873 1774 ·

167 1848 169 1850 ’
193 1848 394 1940 principalis
422 1848 603 1937 dotatoris,
631 1869 734 1919 unam
762 1849 902 1919 missam
929 1869 993 1938 pro
1021 1849 1136 1920 anima
1162 1870 1225 1920 sua
1251 1849 1500 1941 defunctorum,
1528 1870 1604 1922 cum
1617 1851 1746 1941 vigiliis

192 1991 315 2046 novem
342 1969 547 2057 lectionum3
574 1975 706 2058 septem
734 1988 815 2040 vero
843 1969 964 2040 diebus
991 1970 1124 2041 obitum
1141 1992 1240 2043 sumu
1260 1958 1493 2061 sequentibus,
1512 1977 1644 2060 septem
1663 1973 1745 2042 mis-

193 2112 250 2162 sas
286 2089 524 2161 defunctorum
560 2089 675 2179 legere
702 2096 871 2161 teneatur.
912 2091 1177 2181 Iuspatronatus
1205 2080 1304 2163 circa
1324 2093 1495 2163 seniorem
1523 2092 1683 2181 exiliis
1710 2080 1746 2165 et

192 2234 234 2284 eo
261 2216 397 2283 mortuo
433 2210 524 2300 apud
551 2212 717 2282 maiorem
744 2216 838 2300 natu,
866 2213 990 2302 quibus
1018 2212 1092 2283 siue
1119 2213 1217 2302 prole
1244 2213 1471 2303 obeuntibuS,
1498 2212 1542 2284 ad
1570 2214 1741 2286 seniorem
1798 2195 1800 2198 ’

193 2334 313 2406 domus
340 2333 594 2404 Bibersten
622 2331 726 2403 debet
752 2331 898 2425 heroici,
926 2332 969 2404 de
987 2333 1043 2405 his
1061 2333 1219 2406 omnibus
1238 2334 1388 2407 habetur
1405 2334 1624 2426 privilegium
1641 2339 1742 2427 prae·
1875 2312 1880 2321 ἃ

192 2454 254 2528 fati
281 2454 432 2546 episcopi
459 2452 604 2525 Joannis
630 2454 904 2525 Luthkonis.

554 2713 700 2797 Aiiare
735 2715 878 2796 Sancti
903 2716 1063 2798 Erasini
1097 2721 1141 2798 et
1161 2717 1203 2798 8.
1228 2716 1433 2822 Bripidaa.

296 2937 420 3010 Altare
447 2939 511 3010 sub
537 2914 641 3010 titulo
676 2937 709 3009 S.
736 2894 873 3010 Erasmi
900 2938 1071 3030 Martyris
1098 2945 1134 3010 et
1169 2938 1202 3011 S.
1229 2939 1402 3029 Brigittae
1429 2939 1472 3011 de
1499 2938 1621 3012 Svecia
1646 2940 1747 3012 Elec·

192 3065 249 3132 tae
276 3060 479 3132 nonhabet
506 3059 671 3150 capellam
700 3059 886 3151 propriam,
914 3060 975 3132 sed
1002 3061 1037 3131 in
1064 3060 1179 3132 fronte
1206 3061 1303 3131 chori
1321 3060 1487 3132 ecclesiae
1505 3052 1746 3134 Gracoviensis

152 3235 154 3238 ψ
192 3179 447 3255 confrontatum
474 3180 578 3253 altari
603 3181 727 3253 maiori
755 3182 858 3253 situm
885 3188 949 3253 est.
976 3181 1076 3269 Quod
1102 3181 1168 3252 etsi
1194 3180 1424 3271 Hedvigis,
1442 3181 1607 3253 Poloniae
1625 3172 1747 3272 regida

180 3300 391 3373 ‘fundaverit
417 3307 453 3373 et
480 3302 641 3393 erexerit,
668 3308 781 3373 morte
808 3308 924 3373 tamen
952 3307 1141 3391 praeventa
1167 3291 1365 3395 indotatu'pn
1392 3300 1479 3374 illud
1506 3302 1656 3393 reliquit.
1678 3301 1747 3373 Sed

193 3421 333 3495 tandem
363 3421 642 3495 vladislaus
660 3422 848 3513 Secundus,
875 3421 1039 3493 Poloniae
1066 3444 1139 3511 rex,
1165 3423 1312 3494 maritus
1340 3441 1432 3512 suus,
1459 3422 1551 3512 piam
1579 3428 1615 3493 et
1641 3422 1746 3494 devo-

192 3549 265 3617 tam
290 3543 516 3617 intentionem
542 3565 640 3616 suam
667 3543 882 3633 impleturus,
909 3562 972 3633 per
998 3541 1168 3629 Joannem
1186 3541 1229 3614 de
1257 3542 1503 3634 Thanczyn,
1521 3541 1746 3636 castellanum

193 3671 276 3755 tua
303 3670 340 3737 et
364 3666 583 3757 capitaneum
601 3663 874 3753 Oracovieusem,
901 3683 1040 3734 censum
1066 3664 1102 3733 in
1129 3662 1250 3752 zuppis
1270 3661 1548 3735 Wieliciensibus
1567 3661 1747 3736 duodecim

192 3785 355 3863 videlicet
388 3807 548 3877 grossos,
584 3807 646 3857 seu
681 3805 787 3856 unum
820 3783 991 3857 fertonem
1026 3803 1227 3874 grossorum
1261 3782 1353 3872 apud
1390 3781 1600 3854 Stanisiaum
1636 3781 1746 3876 Gye-

139 3926 143 3931 ·
193 3907 349 3980 iithko
376 3906 539 3997 militem,
566 3907 633 3978 sibi
659 3927 722 3996 per
750 3904 1026 3977 Casimirum
1045 3903 1250 3993 Secundum,
1277 3901 1443 3976 Poloniae
1458 3923 1599 3995 regem,
1627 3905 1748 3978 datum
1805 3965 1809 3985 ,

193 4035 229 4100 et
254 4028 469 4119 inscriptum,
496 4048 559 4119 pro
585 4033 724 4099 centum
752 4025 1004 4116 quinquaginta
1029 4025 1156 4096 marcis
1182 4026 1406 4115 pecuniarum
1432 4025 1608 4116 regiarum
1635 4025 1746 4099 eidem

193 4149 322 4222 Joanni
348 4150 391 4222 de
419 4148 662 4241 Thanozyn
690 4148 734 4219 ad
760 4147 1027 4238 persolvendum
1046 4166 1188 4218 censum
1205 4146 1402 4218 huiusmodi
1421 4147 1591 4237 datarum,
1610 4149 1747 4238 coemit,

193 4248 401 4362 censumque
426 4269 642 4362 praedictum
670 4269 818 4342 contulit
845 4268 881 4338 in
908 4268 1026 4340 dotem
1053 4268 1175 4339 altaris
1202 4267 1359 4358 praefati,
1388 4269 1481 4360 quod
1497 4269 1642 4361 insuper
1660 4269 1747 4341 alta-

192 4414 232 4465 re
257 4412 328 4464 una
352 4411 430 4463 cum
458 4411 564 4463 censu
592 4395 802 4480 memorato,
829 4388 1007 4480 praefatus
1034 4388 1307 4460 Vladislaus
1334 4409 1398 4460 rex
1425 4388 1530 4479 dedit,
1548 4389 1695 4462 contulit
1712 4395 1750 4461 et

193 4512 428 4604 incorporavit
440 4512 675 4596 „universitati
701 4511 1014 4583 mansionariorum
1040 4509 1206 4581 ecclesiae
1226 4506 1475 4601 cracoviensis,
1495 4510 1652 4600 obligans
1670 4509 1748 4583 illos

194 4634 238 4705 ad
264 4634 430 4726 legendas
456 4638 502 4725 et,
517 4632 709 4725 implendas
736 4631 822 4704 duas
847 4632 972 4704 missas
999 4631 1092 4702 circa
1114 4630 1201 4703 illud
1227 4630 1371 4721 singulis
1390 4629 1625 4720 hebdomadis,
1643 4627 1748 4702 uuam

195 4754 357 4829 videlicet
383 4777 447 4849 pro
475 4755 585 4827 salute
613 4753 748 4849 animae
776 4773 859 4824 suae
886 4757 922 4825 et
949 4770 1185 4825 successorum
1212 4731 1352 4824 suorum
1378 4771 1441 4841 pro
1467 4751 1638 4842 peccatis,
1663 4751 1750 4823 alte·
1783 4795 1787 4800 -

151 4953 154 4956 ,
193 4898 269 4970 ram
295 4898 359 4968 pro
386 4877 509 4949 salutis
535 4875 688 4946 remedio
715 4875 849 4945 animae
868 4872 1110 4963 Hedvigis‚
1137 4873 1278 4964 reginae
1297 4869 1463 4949 Poloniae
1481 4869 1667 4962 praefatae,
1686 4892 1749 4962 pro
1870 4952 1878 4960 ,

195 4996 382 5086 defunctis3
425 4996 584 5087 obligans
620 4996 803 5087 zapparios
830 4993 1069 5067 Wielicieuses
1096 5013 1160 5084 pro
1187 4999 1344 5083 tempore
1379 4991 1423 5063 ad
1437 5039 1438 5044 =
1451 4990 1652 5063 solvendum
1679 4993 1750 5064 siu-

88 5104 90 5108 ’
194 5118 285 5209 gulis
311 5117 536 5190 hebdomadis
564 5118 600 5190 in
627 5116 684 5188 die
711 5116 873 5189 sabbathi
898 5136 963 5207 pro
980 5114 1147 5206 praefatis
1165 5112 1407 5185 mansionariis
1425 5112 1538 5184 altare
1553 5112 1750 5185 huiusmodi

101 5251 105 5254 “
194 5235 527 5329 administrantibus,
554 5258 694 5311 censum
721 5235 1065 5331 praefatumpsuper
1091 5235 1216 5326 quibus
1243 5232 1401 5305 omuibus
1428 5231 1576 5323 praefati
1593 5232 1749 5304 Vladi-

137 5442 141 5446 ,
195 5359 291 5457 alai,
316 5361 410 5459 ragis
435 5359 609 5452 poloniae,
636 5358 809 5470 habentur
828 5359 865 5440 iu
882 5356 1020 5464 aerario
1045 5354 1269 5443 omanem
1283 5353 1423 5441 litterae.
1441 5354 1617 5455 speciales,
1635 5353 1751 5458 satia
