4050 6054
229 482 301 555 316

229 696 265 761 ct
291 688 487 758 crnethones
515 704 591 754 earn
619 681 748 752 ducunt
774 679 925 770 propriis
952 678 1111 751 curribus
1137 677 1174 747 in
1201 675 1364 748 horreum
1391 675 1636 747 avicedecano
1661 675 1781 748 locan-

230 810 310 880 dum
338 813 372 878 ct
399 805 496 877 valor
523 805 596 875 eius
632 802 835 873 aestimatur
862 800 907 870 ad
933 799 1050 870 decem
1086 817 1229 868 marcas.
1274 797 1362 867 Item
1396 802 1452 868 est
1487 797 1522 867 in
1550 796 1669 868 eadem
1694 796 1782 869 villa

228 951 334 1001 unum
360 925 598 999 tantummodo
625 922 806 1013 praedium
833 921 992 1010 militare,
1020 921 1103 991 item
1129 939 1198 989 una
1223 919 1370 990 taberna
1396 918 1529 989 habens
1556 938 1669 1009 agros,
1696 919 1782 990 item

229 1049 447 1122 hortulaniae
475 1047 642 1117 hahentes
670 1065 783 1134 agrae,
811 1042 854 1113 de
882 1041 1007 1131 quibus
1035 1040 1193 1111 omnibus
1221 1039 1369 1110 solvitur
1394 1038 1527 1110 decima
1552 1039 1782 1129 manipularis

230 1169 394 1242 ecclesiae
422 1166 613 1257 parochiali
640 1167 676 1235 in
704 1164 727 1235 J
736 1182 960 1253 aszycna3
996 1162 1079 1231 item
1106 1159 1332 1231 vicedecanus
1360 1158 1648 1231 Sandomiriensis
1674 1159 1784 1233 habet

231 1293 266 1363 in
293 1288 511 1360 Sandomiria
538 1287 582 1357 ad
608 1285 788 1356 meridiem
825 1281 961 1355 domum
989 1281 1166 1372 propriam
1194 1286 1229 1351 et
1256 1301 1390 1369 aream,
1427 1298 1530 1369 quarn
1563 1280 1656 1352 solus
1682 1280 1785 1352 inha-

231 1412 346 1483 bitare
373 1408 561 1499 consuevit,
580 1406 696 1478 domui
715 1412 750 1477 et
769 1423 870 1476 areae
889 1403 1086 1476 scholastici
1104 1400 1392 1473 Sandomiriensis
1419 1402 1614 1493 contiguam
1641 1408 1676 1474 et
1701 1420 1786 1474 corr·

235 1534 395 1604 iunctam.

624 1789 1005 1872 archidiaconatus
1037 1786 1405 1868 Sandomiriensis.

339 2016 652 2088 Archidiaccnatus
688 2012 976 2085 Sandomiriensis
1013 2009 1240 2101 amplitudine
1277 2010 1444 2081 dioecesis
1480 2009 1719 2082 Oracoviensis
1750 2010 1788 2082 id

237 2140 406 2229 exigente,
434 2159 476 2209 cx
503 2136 729 2228 proventibus
756 2134 921 2205 ecclcsiae
948 2131 1156 2222 parochialis
1184 2131 1294 2201 sancti
1313 2130 1414 2201 Pauli
1440 2137 1541 2202 extra
1567 2152 1683 2203 muros
1700 2130 1789 2203 San·

238 2260 463 2331 domirieuscs
481 2264 517 2330 et
535 2280 577 2329 ex
596 2257 670 2327 eius
699 2255 841 2326 decimis
868 2251 1032 2323 fundatus
1051 2258 1114 2341 est,
1142 2256 1177 2322 et
1194 2252 1230 2321 in
1258 2252 1394 2341 signum
1421 2252 1513 2327 illius
1542 2250 1788 2324 archidiacono

176 2431 180 2437 -
239 2380 509 2452 Sandomiriensi
534 2400 597 2468 pro
615 2384 772 2467 tempore
801 2374 939 2445 collatio
966 2378 1002 2443 et
1027 2374 1289 2462 iuspatronatus
1316 2373 1480 2443 ecclesiae
1507 2372 1540 2443 S.
1558 2358 1658 2444 Pauli
1674 2393 1790 2445 reser-

241 2503 312 2572 vati
339 2508 429 2590 sunt,
458 2522 525 2591 quo
552 2505 667 2569 autem
694 2503 847 2586 tempore
867 2501 902 2565 et
920 2514 982 2584 per
1000 2514 1101 2583 quern
1119 2493 1316 2583 pontificem
1343 2492 1607 2564 Cracoriensem
1631 2493 1790 2567 fundatio

240 2621 435 2694 huiusmodi
463 2621 556 2690 iacta
582 2620 636 2707 sit,
664 2619 813 2688 habetur
840 2616 1022 2700 incertum..
1056 2613 1218 2684 Habebat
1245 2620 1361 2685 antem
1388 2615 1463 2704 ipse
1490 2615 1789 2687 archidiaconatus

241 2744 379 2814 stallum
408 2742 443 2812 in
471 2739 692 2811 Cracoriensi
719 2735 881 2825 ccclesia,
909 2733 971 2805 sed
997 2753 1162 2824 processu
1196 2741 1391 2825 temporum
1418 2736 1583 2806 eeclesiae
1611 2734 1791 2807 Sandomi·

241 2863 346 2933 riensi
382 2882 445 2951 pro
474 2860 664 2931 decentiori
690 2859 762 2929 ritu
798 2857 953 2946 ingestus
981 2860 1053 2943 est3
1089 2855 1194 2925 habet
1222 2861 1337 2926 autem
1374 2856 1537 2927 ecclesias
1574 2855 1791 2946 parochiales

243 2985 318 3055 inre
346 2981 558 3054 visitationis
585 2980 651 3051 sibi
679 2979 863 3079 subiectas.

348 3102 543 3192 Gcrczora
571 3101 654 3172 villa
681 3101 744 3171 sub
773 3097 938 3189 parochia
965 3097 1130 3167 ecclesiae
1157 3095 1200 3167 de
1227 3096 1446 3168 chstow
1473 3099 1551 3186 sita,
1586 3100 1683 3169 cuius
1709 3118 1791 3190 pro-

244 3225 376 3315 prietas
403 3229 438 3294 et
466 3222 654 3294 dominium
682 3221 726 3291 ad
753 3218 1004 3291 mansionarios
1041 3218 1206 3289 ecclesiae
1234 3215 1523 3289 Sandomiriensis
1550 3221 1719 3311 pertinet,
1754 3221 1792 3292 in

245 3367 313 3436 qna
339 3351 420 3416 sunt
446 3344 537 3421 lanei
563 3342 730 3414 tredecim
758 3341 1002 3429 cmethonales,
1031 3340 1114 3410 item
1141 3359 1211 3409 uua
1236 3339 1383 3410 taberna
1409 3340 1541 3412 habens
1567 3362 1681 3432 agroS,
1708 3342 1793 3413 item
1841 3344 1846 3353 '

244 3466 463 3538 hortulaniae
491 3464 580 3536 duae
607 3464 776 3535 hahentes
802 3483 915 3551 agros
943 3462 985 3531 de
1014 3461 1138 3551 quibus
1166 3461 1323 3531 omnibus
1351 3460 1499 3532 solvitur
1525 3462 1658 3534 decima
1683 3463 1793 3535 mani·

245 3587 376 3679 pulo-ris
404 3586 698 3658 archidiaconatui
725 3582 996 3655 Sandomiriensi
1023 3587 1060 3652 ct
1085 3601 1148 3670 per
1175 3582 1372 3653 cmethoues
1400 3582 1539 3653 ducitur
1566 3584 1601 3654 in
1628 3582 1792 3655 horreum

246 3709 289 3780 ab
316 3708 558 3779 archidiacono
586 3706 767 3777 locandum
796 3709 832 3775 et
858 3696 923 3794 per
944 3708 1092 3793 quatuor
1119 3703 1258 3792 ierugas
1285 3703 1460 3792 cauapalis
1488 3703 1620 3775 decima
1638 3703 1794 3794 soluitur,

247 3835 282 3900 et
310 3829 407 3899 valor
434 3829 507 3899 eius
535 3828 739 3899 aestimatur
766 3825 809 3896 ad
830 3824 1023 3915 quindecim
1051 3844 1195 3911 marcas,
1222 3823 1304 3894 item
1325 3830 1378 3894 est
1396 3824 1432 3894 in
1450 3824 1533 3894 m'lla
1558 3825 1678 3896 eadem
1695 3846 1795 3916 prae-

248 3949 341 4019 dimn
369 3949 500 4019 habens
529 3955 678 4038 quatuor
704 3946 839 4034 laneoS,
876 3944 918 4015 de
945 3945 1042 4015 cuius
1069 3943 1254 4015 medietate
1282 3944 1385 4015 datur
1412 3944 1545 4016 decima
1570 3947 1794 4037 manipularis

248 4068 543 4140 archidiaconatui
574 4067 862 4155 Sandomiriensi,
898 4087 961 4156 pro
989 4066 1100 4136 altera
1135 4071 1250 4136 autem
1277 4065 1464 4136 medietate
1487 4066 1666 4139 ecclesiae
1693 4088 1794 4160 paro

251 4189 355 4260 chiali
381 4190 416 4259 in
443 4188 671 4261 Wlostou.
1485 4186 1489 4191 ’

351 4309 552 4401 Prunnnr,
587 4310 670 4381 villa
696 4308 760 4379 sub
787 4308 954 4398 parochia
984 4307 1149 4379 ecclesiae
1185 4307 1228 4378 de
1263 4305 1541 4380 Obrzaszow
1577 4311 1664 4400 sita,
1699 4311 1796 4382 cuins

248 4433 445 4525 proprietas
472 4437 509 4502 et
535 4431 724 4503 dominium
750 4428 1022 4516 diversificatum
1048 4449 1127 4498 nom
1155 4435 1272 4499 custos
1299 4413 1588 4502 Sandomiriensis
1615 4430 1722 4504 habet
1746 4432 1797 4503 ibi

250 4558 397 4644 quatuor
423 4552 543 4623 laneos
579 4549 812 4622 ernethonales
840 4554 876 4620 et
903 4570 1004 4621 unam
1032 4550 1221 4621 tabernam.
1251 4550 1339 4621 Item
1366 4551 1512 4621 canonia
1538 4558 1574 4631 et
1599 4552 1798 4643 praebenda

249 4673 539 4746 Sandomiriensis
566 4670 855 4761 Ppekarslra,
883 4670 925 4741 de
953 4692 1020 4762 qua
1046 4667 1138 4740 infra
1155 4670 1354 4761 scribemus,
1381 4671 1488 4744 habet
1504 4672 1554 4744 ibi
1573 4673 1659 4745 duos
1677 4673 1797 4746 laneos

250 4794 454 4884 praediales,
482 4811 568 4882 quos
595 4790 723 4861 locavit
749 4790 998 4881 cmethonibus,
1026 4792 1212 4882 dequibus
1240 4792 1317 4882 ipsa
1333 4793 1532 4882 praebenda
1557 4793 1798 4884 Pyekarslra

250 4913 343 4985 tollit
369 4921 405 4984 et
432 4913 599 4983 decimam
624 4910 875 5002 manipularem
900 4914 940 4991 m
963 4931 1123 5000 censum;
1157 4912 1241 4984 item
1268 4919 1350 4984 sunt
1376 4914 1425 4985 ibi
1452 4914 1513 4985 alii
1539 4914 1608 4986 duo
1634 4906 1727 4986 lanei
1753 4914 1798 4985 ad

250 5034 417 5104 ricarium
453 5033 606 5105 eiusdem
641 5032 859 5122 praebendae
899 5032 1175 5124 Pyelrarska
1212 5033 1429 5123 pertinentes
1465 5034 1719 5125 cmethonaleS,
1754 5034 1797 5106 de

252 5153 376 5244 quibus
403 5155 470 5224 etsi
496 5153 646 5226 sicarius
672 5174 811 5225 censum
837 5153 941 5242 tollit,
968 5152 1265 5227 archidiaconatui
1289 5162 1405 5227 tamen
1431 5154 1702 5228 Sandomiriensi
1720 5176 1798 5227 cum

252 5279 402 5362 quatuor
426 5273 536 5346 laucis
562 5273 725 5363 custodis,
743 5281 779 5347 et
796 5275 875 5347 aliis
901 5274 1015 5347 trihus
1041 5274 1150 5347 laneis
1176 5275 1450 5349 cmethcnalibus
1468 5275 1514 5348 ad
1530 5275 1798 5349 rioecnstodiam
1901 5288 1906 5297 ·

252 5392 565 5467 Sandomirienscm
591 5395 855 5491 pertinentibus,
882 5394 1132 5489 manipularem
1158 5395 1326 5469 decimam
1352 5402 1477 5507 etpcr
1494 5402 1644 5490 quatuor
1660 5399 1799 5492 ierngas
