4050 6054
232 373 305 448 576

104 628 107 633 ·
229 588 390 672 testatae,
418 579 557 671 quibus,
592 577 709 653 nescio
736 598 806 671 qua
832 575 1080 670 supersticiose
1106 578 1143 647 et
1166 595 1291 669 parum
1316 571 1463 667 provida
1488 572 1686 665 phantasia,
1714 568 1790 645 Ra-

230 703 334 795 pbael
361 702 403 774 do
429 702 629 774 Brzesze
657 700 805 772 decanus
832 706 916 771 tnnc
941 698 1218 789 Oppatorionsis,
1234 697 1371 770 nobilis
1398 697 1442 768 de
1469 698 1576 768 armis
1600 696 1789 787 Lelywa,

232 825 296 895 sub
324 828 446 896 nostra
464 823 533 893 iam
551 827 666 893 aetate
694 822 807 912 capita
833 820 985 892 decussit
1002 826 1039 892 ct
1065 819 1249 910 acephalas
1275 818 1354 889 illas
1380 816 1502 907 effecit,
1529 817 1678 889 alterum
1705 821 1792 908 post

232 945 341 1016 multa
367 943 503 1015 saecula
520 950 556 1013 et
575 944 648 1032 ipse
676 942 827 1014 condens
853 942 1096 1012 exterminium
1118 941 1390 1030 templariorum
1415 938 1615 1030 frequenter
1640 940 1790 1028 insuper

231 1066 328 1138 locus
354 1066 450 1154 ipsae
477 1064 642 1135 ecclesiae
669 1063 882 1135 ferventibus
909 1063 1010 1134 bellis
1037 1063 1073 1132 in
1100 1062 1246 1133 Polonia
1280 1067 1341 1131 ant
1367 1060 1574 1132 extrinsecis
1600 1065 1663 1131 aut
1699 1059 1790 1130 ciri-

231 1187 323 1258 libus
350 1185 653 1273 incastellabatur,
680 1190 716 1255 et
742 1183 841 1255 vallis
868 1190 972 1273 atque
997 1182 1138 1254 fossatis
1165 1182 1379 1272 diversisque
1406 1182 1627 1253 muniebatur
1651 1200 1789 1271 propu-

231 1306 397 1398 gnaculis,
425 1304 512 1378 adeo
535 1312 576 1376 ut
594 1306 830 1394 prophanatus
849 1311 886 1375 et
904 1303 1116 1374 deformatus
1143 1309 1214 1374 tam
1242 1325 1364 1375 cruore
1392 1304 1552 1390 humano,
1579 1322 1683 1391 quam
1703 1300 1789 1373 fimo

233 1434 270 1498 et
295 1434 459 1516 stercore,
486 1446 720 1515 equorumque
747 1425 937 1513 locatione,
964 1445 1027 1513 per
1052 1425 1175 1495 crebra
1210 1425 1395 1495 intervalla
1430 1424 1533 1495 etiam
1559 1422 1660 1494 bellis
1687 1423 1790 1513 qnie-

233 1549 408 1620 scentibus
436 1553 546 1619 staret
573 1547 761 1636 desolatus,
788 1546 959 1617 incendiis
986 1547 1090 1616 etiam
1108 1544 1346 1635 frequentibus
1365 1546 1518 1635 pollutus
1536 1550 1571 1616 et
1588 1551 1790 1634 corruptus

234 1668 302 1740 Sed
328 1689 441 1760 neque
459 1668 494 1739 in
514 1689 554 1738 eo
572 1667 657 1757 loco,
684 1668 720 1737 in
748 1689 816 1757 quo
844 1688 934 1739 nunc
960 1674 1024 1755 est,
1052 1666 1113 1737 sed
1140 1667 1233 1737 circa
1259 1666 1439 1737 ecclesiam
1466 1666 1597 1738 Beatae
1624 1664 1789 1755 Virginis

233 1790 364 1860 situata
390 1792 467 1859 erat
492 1789 632 1877 civitas,
660 1788 776 1877 ibique
802 1809 866 1878 pro
894 1788 1059 1877 parochia
1086 1787 1233 1858 Sanctae
1251 1787 1386 1858 Mariae
1413 1787 1566 1858 habebat
1590 1786 1788 1876 ecclesiam,

233 1910 325 1982 unde
351 1915 388 1981 et
414 1909 510 1980 locus
546 1909 605 1979 illc
640 1909 744 1979 etiam
772 1910 807 1979 in
835 1909 1038 1980 hodiernum
1075 1909 1220 1998 antiqua
1255 1909 1452 1998 appellatur
1487 1908 1628 1996 civitas3
1663 1928 1790 1979 veram

234 2052 311 2101 cum
346 2050 509 2121 processu
546 2030 712 2119 temporis
741 2031 776 2101 in
803 2051 844 2102 eo
871 2031 1004 2120 spatia,
1040 2031 1076 2099 in
1109 2051 1176 2119 quo
1212 2050 1304 2101 nunc
1331 2050 1421 2100 nora
1456 2030 1579 2101 civitas
1614 2029 1792 2119 consistit,

236 2152 368 2242 aliquot
395 2152 561 2223 tabemrae
588 2156 816 2240 quaestuosae
843 2151 888 2221 ad
914 2152 969 2222 ius
995 2158 1032 2221 et
1056 2152 1307 2240 proprietatem
1335 2150 1610 2240 praelaturarum
1629 2155 1664 2222 et
1682 2170 1792 2223 cano-

235 2273 389 2345 nicorum
417 2270 724 2362 Oppatoviensium
752 2273 967 2361 pertinentes
995 2273 1234 2359 consisterent,
1260 2277 1296 2342 et
1323 2278 1532 2343 mercatores
1559 2278 1792 2363 vectoresque

236 2393 363 2483 oppido
391 2393 558 2483 neglecto,
586 2393 630 2464 ad
657 2414 776 2464 earum
803 2393 977 2464 domicilia
994 2414 1058 2483 pro
1077 2392 1278 2465 diversoriis
1305 2392 1561 2484 descenderent,
1587 2399 1793 2483 quaestum·

237 2535 303 2604 que
330 2534 450 2585 carum
476 2521 653 2604 erigerent,
679 2514 913 2584 Lnbuczensis
941 2514 1122 2603 opiscopus
1149 2513 1431 2603 Stephanus,
1467 2514 1522 2585 vir
1556 2513 1727 2604 prouidus
1754 2519 1795 2585 et

237 2636 273 2704 in
300 2635 500 2705 coniectura
527 2635 719 2724 perspicax,
746 2635 824 2705 illas
851 2635 918 2705 sibi
945 2656 966 2705 a
992 2634 1143 2725 capitulo
1162 2633 1411 2724 Oppatoriensi
1438 2635 1618 2724 resignari,
1644 2653 1688 2706 ea
1705 2654 1793 2735 cou-

237 2754 377 2844 ditione,
404 2759 442 2824 ut
468 2754 615 2844 quilibet
640 2755 793 2825 braxans
820 2756 1004 2825 cervisiam
1038 2776 1103 2844 pro
1129 2776 1243 2826 annuo
1278 2776 1382 2826 censu
1418 2755 1570 2845 capitulo
1596 2753 1795 2845 Oppatavi·

237 2875 312 2946 ensi
341 2874 385 2945 ad
413 2896 517 2945 unum
552 2874 721 2945 fertonem
755 2876 957 2947 solvendum
993 2876 1163 2947 obnoxius
1197 2874 1306 2965 foret,
1345 2877 1514 2965 obtinuit,
1541 2883 1578 2947 et
1608 2874 1793 2948 unitatem

237 2993 449 3085 populosam,
476 3016 579 3084 quam
607 3016 697 3067 nunc
725 3016 861 3086 quoque
888 3002 1026 3066 auctnm
1045 2996 1089 3067 iri
1107 2996 1273 3083 videmus,
1299 2996 1439 3067 locarit.
1464 2995 1536 3067 Sub
1562 2994 1683 3067 eodem
1703 3017 1794 3087 quo-

239 3136 306 3206 que
332 3135 421 3185 auno
448 3121 484 3185 ct
507 3122 671 3205 tempore,
699 3138 766 3206 qun
784 3124 821 3187 et
839 3117 1100 3205 templariorum
1118 3118 1361 3188 extemrinium
1379 3123 1562 3208 sequutum
1589 3122 1654 3205 est,
1681 3117 1793 3188 etiam

238 3237 384 3308 ecelesia
411 3236 593 3328 collegiata
619 3237 711 3326 apud
737 3237 856 3309 aedem
884 3237 917 3307 S.
944 3236 1103 3327 Martini,
1129 3259 1217 3327 qnae
1236 3237 1407 3328 quondam
1432 3239 1696 3329 templariorum
1712 3236 1793 3330 fuir,

237 3378 281 3428 ne
308 3358 446 3428 omnino
482 3358 621 3429 deserta
656 3364 869 3447 remaneret,
904 3358 1050 3429 frurrdata
1076 3364 1149 3447 est;
1176 3366 1212 3430 et
1239 3360 1384 3430 ecclesia
1409 3359 1600 3449 parochiali
1635 3359 1791 3450 amplam

237 3479 388 3550 habente
415 3485 451 3551 et
478 3481 677 3568 parochiam
705 3488 741 3549 et
766 3480 892 3569 dotem,
919 3500 983 3569 per
1007 3479 1074 3550 loci
1101 3480 1287 3570 domiuum,
1314 3481 1388 3552 sive
1414 3480 1473 3551 ille
1500 3481 1662 3571 princeps
1688 3482 1793 3571 regni

238 3600 312 3671 sire
338 3599 493 3689 pontifex
520 3600 771 3690 Lnbuczensis,
809 3601 881 3672 sire
909 3602 1052 3691 quisque
1080 3601 1169 3671 alins
1195 3602 1321 3673 heroas
1347 3601 1471 3692 fuerit,
1507 3603 1544 3673 in
1570 3601 1793 3691 collegiatam

238 3720 420 3811 translata,
447 3727 483 3792 et
509 3723 667 3811 quamvis
694 3743 715 3792 a
742 3730 898 3811 tempore
934 3722 1130 3793 huiusmodi
1160 3723 1421 3811 translationis,
1456 3724 1526 3795 alia
1551 3722 1699 3795 ecclesia
1724 3724 1794 3795 sub

239 3844 344 3914 titulo
386 3845 658 3933 gloriosissimae
695 3843 852 3934 Virginis
886 3843 1023 3914 lilariac
1049 3844 1085 3914 in
1113 3844 1188 3915 loco
1215 3844 1326 3915 altero
1362 3845 1480 3935 oppidi
1516 3845 1667 3935 antiqui,
1703 3866 1797 3936 quae

238 3964 449 4054 parochialis
475 3971 579 4053 esset,
606 3972 641 4035 et
668 3965 878 4035 charismata
913 3965 1111 4053 spiritualia
1146 3965 1292 4055 singulis
1318 3966 1539 4054 parochianis
1565 3965 1796 4057 ministraret,

238 4084 361 4156 inisset
387 4086 588 4173 constituta,
615 4092 651 4155 ct
676 4086 827 4156 vicarius
854 4096 1043 4175 peqretuus
1069 4086 1113 4156 ad
1140 4086 1328 4175 regendum
1356 4086 1469 4177 illam,
1505 4086 1727 4158 obedientiae
1753 4093 1794 4160 et

240 4205 515 4295 iuripatronatus
541 4205 663 4276 decani
689 4206 920 4295 subiciendus,
947 4205 1039 4277 foret
1059 4206 1213 4296 relictus,
1240 4208 1299 4296 qui
1318 4206 1412 4277 illam
1431 4228 1493 4297 per
1511 4208 1629 4297 plures
1645 4208 1797 4297 regebat

240 4334 384 4417 aetates,
409 4327 520 4415 magis
547 4327 724 4417 plebanus,
750 4348 853 4417 quam
880 4328 1031 4398 vicarius
1058 4334 1245 4417 perpetuus
1264 4328 1448 4417 vocitatus,
1473 4329 1613 4419 illicque
1638 4329 1796 4401 omnium

240 4447 530 4539 parochianorum
557 4447 680 4518 lunera
706 4448 953 4537 condebantur,
979 4456 1015 4518 et
1042 4449 1379 4520 administrabantur
1404 4450 1599 4521 carismata.
1630 4448 1704 4531 snb
1729 4471 1797 4523 no-

241 4576 318 4639 stra
343 4574 459 4639 tamen
487 4575 622 4657 aetate,
649 4590 741 4639 anno
768 4569 927 4639 uidelicet
955 4568 1094 4640 Domini
1126 4572 1221 4640 llil
1250 4577 1289 4640 ut
1316 4591 1452 4661 omnes,
1488 4591 1576 4661 quae
1602 4570 1697 4641 iuter
1722 4571 1799 4643 col·

240 4690 404 4780 legistam
431 4696 468 4760 et
492 4690 726 4780 parochialem
752 4690 953 4781 irequentcr
979 4692 1254 4781 consurgebant,
1281 4692 1474 4763 discordiae
1501 4691 1798 4785 rescinderentur,

239 4811 385 4882 lundata
419 4812 630 4883 monasterio
670 4811 817 4882 fratrum
853 4812 1024 4883 nrirrorum
1061 4812 1104 4883 de
1141 4814 1364 4884 observantia
1401 4815 1437 4884 in
1472 4814 1549 4885 luco
1582 4814 1799 4904 parochialis

241 4932 407 5004 ecclesiae
433 4932 621 5022 praelatae,
648 4939 685 5003 et
704 4954 745 5003 ex
764 4934 893 5003 vicario
921 4941 1100 5024 perpetuo,
1127 4935 1292 5005 canonico
1318 4935 1392 5005 sive
1414 4934 1677 5025 praebendario,
1694 4936 1800 5009 cuins

242 5054 382 5125 collatio
409 5054 540 5125 dmano
559 5054 782 5125 nihilominus
808 5063 1014 5127 remaneret.
1040 5053 1288 5144 Oppatoriensi
1307 5062 1435 5145 creato,
1461 5056 1540 5127 iura
1555 5056 1673 5127 omnia
1688 5064 1800 5147 parb-
1856 5120 1859 5127 .

241 5176 368 5245 chialia
393 5196 457 5265 per
481 5174 677 5246 lohannem
704 5182 840 5246 sextum
867 5176 997 5245 dictum
1025 5176 1332 5267 Rneszowskp·
1359 5179 1561 5268 episcopum
1585 5176 1801 5251 draconem

242 5317 325 5387 seua
352 5299 387 5369 in
413 5296 594 5368 ecclesiam
621 5295 838 5389 collegiatam
864 5297 983 5368 Sancti
1009 5294 1166 5387 hlartini,
1193 5299 1248 5369 vel
1266 5298 1404 5370 reddita
1429 5305 1513 5369 sunt
1539 5298 1595 5370 sel
1621 5318 1802 5395 coum
