4050 6054
1658 495 1734 567 475

182 694 309 768 ducere
335 694 373 766 in
401 694 566 765 horreum
581 713 615 771 ¹a
640 695 804 767 muenico
831 695 1033 787 locandum,
1059 700 1096 767 et
1121 696 1327 769 aestimatur
1352 678 1452 768 valur
1478 699 1552 769 eius
1580 700 1625 772 ad
1651 722 1736 793 qua·

169 822 263 890 tuor
289 834 434 887 marcas.
459 815 549 887 Item
576 820 631 887 est
657 815 693 886 in
720 815 841 888 eadem
867 816 950 888 villa
975 816 1132 909 taberna,
1158 817 1290 890 habens
1317 818 1404 893 duos
1433 819 1553 893 laneos
1571 832 1733 912 agrorum

181 937 249 1011 sibi
285 957 456 1027 annexos,
483 937 543 1027 qui
568 936 729 1031 feruntur
755 938 925 1028 quondam
952 938 1059 1011 fnisse
1085 938 1338 1031 emethonales‚
1364 940 1408 1012 de
1434 942 1560 1032 quibus
1586 943 1734 1016 solvitur

181 1060 314 1132 decima
339 1044 566 1149 manipularis
592 1058 812 1148 praebendae
838 1059 1111 1150 Brzechowska3
1138 1066 1192 1133 est
1210 1062 1315 1134 etiam
1332 1062 1626 1154 hortulaniauna,
1645 1085 1734 1155 quae

179 1181 287 1253 babet
322 1200 444 1270 agros,
471 1184 507 1250 et
534 1179 701 1251 decimam
728 1181 834 1253 solvit
859 1180 1078 1271 praebendae
1103 1182 1323 1274 Kyelczieusi
1349 1183 1621 1274 Brzechewska3
1647 1184 1733 1257 item

108 1344 112 1355 ι
181 1303 250 1375 duo
275 1300 421 1391 praedia
444 1299 619 1392 militaria,
647 1301 690 1373 de
717 1301 844 1403 quibus
869 1302 1015 1375 ecclesia
1031 1303 1068 1374 in
1085 1302 1411 1395 Korythnicza
1438 1304 1605 1378 decimam
1623 1306 1733 1378 mani-

180 1423 337 1514 pularem
364 1422 522 1513 percipit.

188 1577 189 1580 κ
284 1541 477 1632 Kansszu,
504 1542 588 1615 villa
622 1543 686 1616 sub
722 1544 888 1637 parocbia
922 1542 1089 1618 ecclesiae
1115 1545 1159 1618 de
1184 1545 1345 1639 Kygyc
1369 1547 1458 1637 sita,
1485 1548 1582 1620 cuins
1608 1548 1732 1621 haeres

179 1660 432 1736 Zawissius
468 1663 656 1757 Lypshy
682 1666 726 1737 de
752 1666 859 1737 armis
886 1665 1083 1757 Olenon,
1111 1665 1171 1757 qui
1198 1673 1303 1758 eaput
1329 1667 1493 1740 ammonis
1517 1675 1556 1761 et
1581 1669 1731 1741 medium

178 1806 242 1877 pro
268 1785 397 1875 insigni
422 1784 458 1855 in
487 1805 607 1876 campo
633 1784 803 1876 deferunt,
828 1785 866 1857 iu
894 1806 963 1877 qua
980 1794 1062 1860 sunt
1079 1792 1153 1859 tres
1170 1787 1263 1859 lanei
1283 1789 1525 1879 cmethonales,
1544 1789 1587 1892 de
1606 1790 1731 1880 quibus

179 1905 326 1978 solvitur
352 1904 485 1977 decima
509 1906 737 1996 manipularis
763 1911 800 1978 et
824 1927 888 1998 per
915 1912 1064 1998 quatuor
1090 1909 1229 1999 ierugas
1256 1910 1430 2000 canapalis
1448 1930 1512 2001 pro
1531 1909 1730 2001 praebenda

177 2027 448 2117 Braechowska,
483 2031 520 2098 at
553 2031 719 2099 tenentur
753 2026 849 2098 illam
883 2027 1083 2101 emethones
1119 2030 1271 2120 propriis
1309 2028 1469 2101 curribus
1503 2031 1541 2101 iu
1567 2031 1731 2102 horreum

177 2149 304 2220 ducere
330 2169 352 2220 a
380 2148 545 2220 canonico
571 2148 754 2220 locandum
781 2153 818 2220 et
843 2150 1048 2222 aestimatur
1074 2151 1274 2228 valoreins
1301 2150 1345 2222 ad
1371 2157 1445 2223 tres
1471 2171 1615 2224 marcas.
1640 2152 1731 2224 Item

178 2271 328 2342 taberna
353 2290 423 2341 nna
448 2270 582 2341 habens
609 2289 722 2360 agros,
748 2275 785 2342 et
811 2269 961 2342 decimat
977 2290 1042 2361 pru
1060 2272 1260 2362 praehenda
1277 2270 1531 2344 Brzeehowska
1546 2272 1584 2343 in
1599 2268 1731 2368 pocula-

179 2412 280 2481 wam,
306 2391 388 2462 item
416 2390 635 2462 hortulaniae
661 2412 730 2462 non
757 2396 857 2481 sunt3
884 2391 969 2463 item
994 2391 1176 2483 praedium
1201 2392 1354 2465 militare
1382 2397 1436 2464 est
1460 2413 1567 2464 unum
1593 2392 1631 2464 iu
1647 2393 1731 2464 villa

176 2511 343 2603 praefata,
371 2512 414 2584 dc
440 2510 538 2584 cuins
565 2513 659 2603 agris
685 2511 833 2585 solvitur
860 2513 993 2585 decima
1018 2514 1244 2603 manipularis
1262 2514 1427 2585 ecclesiae
1444 2513 1607 2586 Omnium
1624 2514 1731 2588 Sanc-

177 2639 293 2706 torum
329 2633 472 2706 altanus
506 2634 618 2725 partis
654 2632 791 2724 ligneae
824 2634 860 2705 in
887 2633 1136 2725 Gracovia‚
1162 2640 1200 2707 et
1224 2635 1324 2707 valor
1350 2635 1425 2707 eius
1451 2636 1659 2708 aestimatur
1684 2635 1730 2709 ad

177 2754 263 2827 duas
284 2775 433 2832 marcas.
487 2836 490 2841 ¹

278 2876 395 2967 Lanu,
422 2874 507 2948 villa
532 2877 597 2948 sub
623 2874 789 2967 parocbia
815 2876 981 2951 ecclesiae
1007 2876 1050 2949 de
1076 2877 1193 2969 Kyie
1219 2878 1297 2968 sita,
1324 2878 1423 2950 errius
1449 2878 1573 2950 haeres
1591 2877 1729 2950 Zawi-

174 2997 299 3069 scius
326 2997 521 3090 Lypslry,
547 2998 675 3071 nobilis
700 2998 745 3070 de
771 2997 877 3070 armis
902 2996 1083 3071 Olobolr
1110 3002 1147 3070 et
1172 2998 1328 3090 Raphael
1347 2998 1390 3071 de
1409 2999 1516 3071 armis
1534 2998 1729 3091 Lelywa,

174 3117 210 3188 in
239 3138 315 3220 'qua
349 3118 432 3190 sunt
455 3123 530 3191 tres
556 3117 648 3190 lanei
674 3118 918 3209 cmethcnales‚
945 3119 988 3190 de
1016 3120 1141 3211 quibus
1167 3119 1318 3192 solvitur
1343 3119 1478 3192 decima
1504 3118 1730 3210 manipularis

175 3244 212 3311 ct
236 3260 300 3330 per
326 3244 476 3331 quatuor
501 3239 640 3330 ierugas
667 3240 862 3330 canapalis,
889 3244 926 3311 et
951 3240 1083 3312 ducunt
1109 3260 1186 3312 eam
1212 3241 1411 3312 cmethones
1440 3240 1591 3331 propriis
1619 3240 1729 3312 curri·

173 3360 239 3433 bns
264 3360 302 3432 iu
327 3358 493 3434 horreum
519 3381 540 3431 a
567 3361 731 3432 canonico
758 3361 951 3450 locandum,
977 3366 1014 3432 et
1040 3360 1139 3432 valor
1165 3361 1370 3432 aestimatur
1393 3360 1467 3432 eins
1485 3360 1530 3432 ad
1547 3363 1620 3433 tres
1637 3381 1729 3431 mar-

174 3500 243 3553 cas.
268 3480 356 3554 Item
381 3483 529 3554 taberna
555 3501 624 3553 una
649 3481 781 3553 babens
808 3501 921 3572 agros,
949 3482 992 3554 de
1019 3482 1144 3572 quibus
1171 3480 1318 3553 solvitur
1345 3480 1477 3552 decima
1503 3480 1729 3571 manipularis

170 3602 388 3693 praebendae
423 3601 640 3695 Kyeleziensi
678 3601 936 3673 Brzecbcwsha
970 3602 1006 3673 in
1040 3598 1265 3697 pupillianam,
1293 3602 1377 3672 item
1412 3601 1633 3673 hortulaniae
1659 3621 1728 3672 non

177 3728 259 3795 sunt
286 3723 321 3795 in
349 3723 433 3796 'villa
458 3721 633 3815 praefata;
659 3723 742 3794 item
769 3723 913 3814 praedia
931 3723 998 3794 duo
1018 3728 1099 3794 sunt
1117 3723 1166 3794 ibi
1184 3722 1346 3813 Rapaelis
1363 3721 1614 3794 Zawischii
1640 3722 1730 3793 mili·

171 3845 273 3937 teria
300 3845 344 3917 de
372 3845 498 3937 quibus
524 3845 672 3918 solvitur
699 3845 833 3917 decima
858 3845 1083 3936 manipularis
1111 3844 1258 3934 plebano
1276 3843 1421 3917 alterius
1440 3844 1550 3937 partis
1568 3840 1729 3916 Omnium

174 3966 379 4039 Sanctorum
404 3964 697 4043 in,(lrae0via
723 3966 844 4039 dumus
870 3966 1017 4058 ligneae.

275 4088 454 4179 Luuown,
481 4086 573 4179 villa,
599 4087 733 4161 habens
760 4088 795 4158 in
823 4109 861 4161 se
887 4087 1121 4181 parochialem
1146 4086 1327 4160 ecclesiam
1353 4086 1513 4185 ligneam,
1532 4087 1629 4160 cuius
1646 4088 1729 4159 bae-

37 4188 66 4249 f
171 4231 230 4283 res
265 4209 442 4282 lohannes
478 4207 735 4301 Gyelthko,
762 4209 888 4289 nobilis
915 4209 958 4281 de
985 4209 1092 4281 armis
1119 4208 1275 4282 Trium
1300 4208 1568 4299 Hastarnm,
1595 4208 1632 4279 in
1659 4229 1728 4299 qua

175 4336 258 4404 sunt
294 4332 446 4423 quinque
480 4331 571 4402 lanei
604 4330 856 4421 emethouales‚
884 4330 1079 4422 dequibus
1107 4329 1253 4402 solvitur
1279 4328 1414 4402 decima
1438 4329 1665 4420 manipularis
1692 4335 1729 4401 et

170 4473 236 4546 per
271 4428 419 4543 quatuor
450 4452 588 4543 ierugas
615 4451 809 4544 canapalis,
836 4457 873 4525 et
899 4452 1029 4524 ducunt
1055 4471 1133 4523 eam
1159 4451 1359 4525 cmethcnes
1386 4449 1537 4542 propriis
1565 4448 1728 4523 curribus

173 4574 211 4645 in
237 4573 451 4658 horrenma
477 4573 642 4647 canonico
667 4570 861 4665 locandum,
887 4578 925 4645 et
951 4573 1157 4646 aestimatur
1183 4572 1282 4647 valor
1307 4571 1382 4644 eius
1408 4571 1453 4643 ad
1471 4576 1620 4662 quatuor
1636 4589 1728 4642 mar-

170 4714 237 4766 cas.
263 4694 353 4766 Item
379 4694 529 4767 taberna
556 4714 626 4767 una
651 4693 784 4767 habeus
809 4712 914 4786 agros
941 4714 984 4766 ex
1010 4694 1104 4786 agris
1129 4693 1375 4786 praedialibus‚
1402 4693 1487 4764 item
1504 4690 1727 4765 hortulaniae

168 4819 242 4887 tres
268 4814 438 4888 babentes
464 4835 568 4906 agros
595 4835 638 4887 ex
665 4813 761 4906 agris
778 4814 1033 4907 praedialibus;
1060 4813 1104 4887 de
1124 4815 1283 4889 omnibus
1301 4813 1600 4888 solviturdecima
1617 4811 1727 4882 mani·
1759 4805 1761 4810 '

169 4936 301 5028 pnlaris
327 4935 547 5027 praebendae
573 4936 609 5008 in
635 4935 798 5010 Mokrz
811 4936 906 5027 sko,
931 4936 1017 5009 item
1040 4936 1222 5028 praedium
1247 4936 1284 5007 in
1311 4933 1433 5008 eadem
1458 4933 1543 5006 villa
1568 4938 1623 5006 est
1648 4934 1726 5006 uni-

169 5077 247 5129 cum
272 5057 433 5149 militare,
460 5056 504 5130 de
530 5058 627 5132 cuius
655 5058 749 5154 agris
776 5058 926 5137 solvitur
951 5057 1085 5138 decima
1110 5056 1338 5159 manipularis
1357 5055 1579 5158 praebendae
1596 5054 1725 5135 ibidem

168 5179 205 5250 in
231 5178 494 5257 Mokrzsko.
