4050 6054
1661 519 1732 590 1-97

190 696 339 807 *decima
356 724 577 813 manipularis
603 722 899 794 archidiaconatui
926 714 1092 811 praefato,
1118 725 1154 792 et
1180 742 1243 811 per
1269 722 1466 793 emethones
1492 722 1644 833 propriis
1660 702 1737 797 cnr-

90 867 92 872 ’
202 854 299 926 ribus
326 845 455 921 ducitur
480 843 516 912 iu
542 843 705 914 horreum
732 842 776 912 ab
803 840 1045 912 archidiacono
1072 840 1253 912 locandum
1272 847 1309 912 et
1325 842 1424 912 valor
1441 841 1515 912 eius
1533 836 1737 914 aestimatur

203 973 247 1043 ad
274 989 328 1045 ser
352 983 495 1034 marcas.
521 962 610 1032 Item
626 944 793 1034 tahernae
812 965 886 1031 tres
903 960 1072 1031 hahentes
1098 981 1210 1050 agros,
1229 981 1272 1032 ex
1291 962 1416 1051 quihus
1442 961 1737 1034 archidiaconatui

201 1089 384 1171 decimant3
420 1083 503 1153 item
528 1082 747 1152 hortulaniae
775 1085 924 1171 quatuor
959 1080 1128 1153 hahentes
1155 1101 1257 1170 agros
1293 1068 1519 1171 praediales,'
1542 1080 1585 1153 da
1612 1082 1736 1173 quibus

200 1203 358 1282 eeclesiae
384 1201 531 1272 Sanctae
559 1200 740 1271 Trinitatis
776 1200 966 1290 decimant,
1000 1201 1084 1272 item
1111 1200 1291 1291 praedium
1319 1203 1368 1272 ihi
1394 1203 1532 1274 unicum
1566 1200 1736 1293 militare,

112 1354 115 1361 ¹
196 1326 236 1395 de
264 1323 360 1394 cuius
388 1312 481 1412 agris
509 1321 656 1392 solvitur
682 1320 815 1392 decima
840 1320 1067 1410 manipularis
1094 1321 1259 1393 ecclesiae
1285 1322 1475 1413 parochiali
1493 1320 1641 1394 Sanctae
1660 1321 1737 1395 Tri-

195 1443 314 1514 nitatis
341 1443 377 1512 in
404 1440 711 1511 Zawichosth.

296 1563 500 1633 Lmowsnu
526 1559 690 1648 Weiss,
726 1558 809 1631 villa
835 1560 899 1631 sub
926 1561 1091 1650 parochia
1116 1562 1281 1634 ecclesiae
1308 1561 1455 1634 Sanctae
1482 1560 1665 1634 Trinitatis
1692 1562 1736 1636 de
1767 1616 1769 1621 -

193 1681 489 1754 Zawichosth
516 1681 603 1769 sita,
639 1681 737 1752 cuius
763 1680 887 1751 haeres
913 1679 1004 1752 idem
1031 1680 1208 1752 Johannes
1235 1682 1503 1774 Linowsky‚
1539 1683 1664 1755 nobilis
1691 1683 1735 1755 de

193 1804 292 1875 domo
320 1803 463 1874 Rawa.
489 1801 529 1872 In
558 1821 631 1890 qua
651 1807 733 1872 sunt
759 1821 883 1872 novem
910 1821 986 1871 cum
1013 1801 1126 1873 medio
1152 1803 1244 1873 lanei
1271 1800 1514 1892 cmethonales
1540 1803 1583 1874 de
1610 1804 1737 1894 quihus

193 1924 351 1995 omnibns
377 1922 525 1995 solvitur
550 1920 683 1993 decima
708 1921 933 2011 manipularis
961 1920 1256 1995 archidiaconatui
1282 1919 1458 2013 praefato,
1493 1928 1530 1994 et
1558 1944 1622 2013 per
1648 1943 1738 1996 ome-

192 2045 316 2116 thones
342 2025 495 2132 propriis
529 2041 688 2112 curribus
723 2040 863 2113 ducitur
888 2041 925 2111 in
950 2042 1114 2113 horreum
1140 2044 1185 2115 ah
1213 2022 1459 2115 archidiacono
1492 2042 1675 2116 locandum
1700 2049 1737 2117 et

191 2163 289 2234 valor
315 2163 390 2233 cius
416 2161 620 2233 aestimatur
647 2161 692 2232 ad
712 2168 867 2250 quatuor
891 2182 1043 2251 marcas,
1079 2160 1263 2253 aliqnando
1290 2163 1335 2234 ad
1362 2183 1433 2234 sex.
1477 2160 1565 2234 Item
1590 2163 1738 2236 taberna

193 2304 262 2353 unc
279 2283 411 2353 hahens
429 2301 532 2372 agros
550 2281 744 2370 praediales
763 2280 829 2352 sihi
847 2280 1000 2371 largitos,
1020 2281 1063 2353 de
1082 2283 1205 2372 quihus
1223 2283 1371 2355 solvitur
1389 2282 1521 2353 decima
1547 2269 1738 2373 manipula

193 2401 426 2473 oseulatae
444 2382 592 2499 amco
606 2400 789 2472 Trinitatis
808 2401 844 2471 u
862 2400 1147 2490 Zawichosth;
1165 2402 1248 2473 nem
1266 2402 1485 2474 iaculoue
1503 2403 1591 2474 onae
1608 2404 1738 2476 nauem

194 2528 248 2593 tes
275 2543 379 2612 agros
405 2521 617 2611 praedulce,
653 2521 848 2611 dequibus
884 2521 1074 2593 decimatur
1109 2523 1274 2594 ecclesiae
1309 2523 1456 2595 Sanctae
1492 2521 1674 2595 Trinitatis
1701 2524 1737 2596 in

193 2642 508 2731 Zawichosth,
535 2643 619 2742 item
647 2640 825 2731 praedium
851 2643 900 2712 ibi
926 2643 1064 2713 unicum
1090 2643 1250 2734 militare,
1278 2644 1320 2715 de
1348 2644 1444 2714 cuius
1471 2644 1566 2734 agris
1592 2643 1739 2716 solvitur

192 2761 326 2833 decima
342 2761 575 2871 *mampularis
601 2761 765 2832 ecclesiae
783 2761 975 2850 parochiali
993 2761 1141 2834 Sanctae
1158 2763 1343 2835 Trinitatis
1368 2762 1404 2834 in
1431 2762 1738 2835 Zawichosth.

292 2881 410 2971 Lanu,
429 2880 520 2992 ‘villa
546 2882 610 2956 sub
627 2882 793 2971 parochia
810 2882 974 2954 ecclesiae
1001 2883 1043 2954 de
1061 2881 1239 2974 Swyecz
1250 2880 1401 2957 cohow
1428 2883 1513 2973 sita,
1540 2882 1638 2973 orius
1654 2880 1737 2965 hae-

191 3002 291 3074 redes
316 3000 495 3074 lohannes
512 3001 555 3072 de
578 2999 776 3073 Cziszow
803 3001 1006 3074 etJacohus
1024 3002 1239 3094 Lanczky
1264 3002 1308 3075 de
1326 3003 1466 3075 Rama.
1504 3001 1633 3095 Inqua
1658 3000 1741 3075 snnt'

191 3143 252 3195 sex
278 3123 370 3194 lanei
395 3100 640 3210 cmethouales‚
667 3122 711 3194 de
734 3122 1034 3226 quihus'omnihus
1053 3123 1200 3195 solvitur
1226 3123 1359 3195 decima
1375 3123 1600 3213 manipularis
1626 3123 1739 3195 archi·

191 3242 386 3315 diadohatni
412 3242 605 3332 praedicto,
632 3247 668 3314 et
685 3263 748 3332 per
766 3243 965 3315 cmcthones
991 3244 1143 3334 propriis
1170 3244 1329 3316 curribus
1356 3244 1495 3317 ducitur
1521 3245 1558 3314 in
1575 3244 1737 3318 horreum

193 3364 236 3434 ab
253 3342 496 3434 archidiacono
524 3362 707 3434 locandum
734 3368 769 3435 et
787 3365 885 3434 valor
912 3363 992 3435 eins¹
1013 3365 1216 3435 aestimatur
1241 3364 1286 3435 ad
1304 3368 1451 3454 quatuor
1476 3368 1632 3452 marcas}
1654 3363 1737 3436 item

193 3482 325 3552 decima
350 3482 523 3572 canapalis
550 3482 698 3555 solvitur
722 3504 785 3574 per
812 3504 872 3554 sex
899 3485 1052 3574 ierugas3
1079 3485 1160 3555 item
1187 3484 1353 3555 tabernae
1379 3483 1429 3554 ibi
1455 3482 1544 3554 duae
1570 3487 1652 3554 sunt
1677 3483 1739 3554 ha·

192 3605 313 3673 bontas
339 3621 454 3692 agros,
481 3609 517 3673 et
535 3603 618 3673 dant
645 3604 810 3675 decimam
837 3605 873 3673 in
888 3601 1104 3698 porcytdwam
1129 3602 1424 3675 archidiaconatui
1450 3602 1738 3690 Zawichostensi3

191 3724 274 3794 item
291 3720 508 3819 hortulapiae
534 3723 623 3795 duae
642 3731 723 3795 sunt
740 3724 907 3794 hahentes
925 3742 1041 3813 agros,
1066 3722 1205 3794 solvunt
1230 3723 1395 3793 decimam
1417 3720 1664 3812 manipularem
1682 3743 1737 3794 ar·

192 3840 747 3931 chidiaconatui·Zawichostensi;
765 3844 848 3914 item
865 3841 1042 3932 praedium
1060 3843 1109 3913 ihi
1127 3843 1265 3914 unicum
1282 3841 1431 3913 militare
1448 3840 1572 3914 Jacohi
1590 3820 1739 3913 Lanci-

190 3963 292 4054 shy,
327 3963 465 4053 dequo
501 3962 632 4036 decima
667 3963 891 4053 manipularis
925 3963 1071 4034 solvitur
1106 3961 1269 4034 ecclesiae
1304 3962 1493 4051 parochiali
1528 3962 1563 4033 in
1590 3961 1739 4055 Saye·

192 4084 406 4156 czechow.

294 4203 591 4294 Brnnnzrcmovr‚
618 4205 701 4275 villa
718 4205 782 4276 suh
809 4205 973 4295 parochia
999 4204 1162 4275 ecclesiae
1190 4203 1232 4274 de
1250 4202 1356 4293 Slup
1384 4204 1466 4294 sita,
1492 4204 1589 4276 cuius
1615 4204 1738 4278 haeres

191 4308 366 4396 Johannes
401 4324 618 4416 Zlydzey‚
655 4326 779 4396 nohilis
815 4326 857 4396 de
884 4325 986 4396 domo
1013 4325 1204 4416 Lelywa
1247 4324 1290 4395 In
1316 4345 1385 4415 qua
1411 4329 1492 4396 suut
1528 4325 1619 4397 lanei
1646 4345 1737 4398 cmc-

192 4445 367 4534 chorales,
402 4445 445 4515 de
479 4447 602 4535 quihus
639 4446 796 4517 omnihus
832 4447 978 4517 solvitur
1012 4445 1146 4518 decima
1184 4445 1409 4537 manipularis
1445 4445 1738 4518 archidiaconatui

192 4564 360 4656 praelato,
386 4572 423 4636 et
440 4587 504 4656 per
522 4566 651 4637 incolas
677 4567 780 4638 villae
804 4567 955 4657 propriis
973 4565 1132 4639 curribus
1158 4550 1299 4639 ducitur
1322 4567 1358 4637 in
1376 4568 1538 4639 horreum
1564 4567 1608 4638 ah
1626 4566 1739 4638 archi·

191 4686 335 4757 diacono
370 4685 560 4757 locandum.
604 4686 692 4758 Item
717 4688 900 4776 tabernae,
937 4688 1020 4765 item
1046 4686 1239 4777 hortulani,
1270 4687 1359 4758 item
1386 4687 1528 4777 praedia
1553 4687 1622 4758 dno
1648 4686 1738 4759 mili'·

191 4806 297 4894 taria,
338 4824 425 4896 quae
460 4805 633 4878 decimant
668 4807 833 4878 ccclesiae
875 4798 1073 4897 parochiali
1099 4809 1136 4878 in
1173 4806 1470 4898 Sydlowyecz
1517 4826 1623 4897 snpra
1656 4802 1737 4897 Ka

191 4945 371 5018 myonc3
403 4926 452 4997 ihi
479 4931 616 5017 pratum
642 4918 804 5018 magnum
831 4928 922 5018 quod
949 4933 1093 5000 vocatur
1119 4926 1330 5020 Solczya‚
1367 4925 1460 5017 quod
1486 4929 1562 4997 erat
1587 4925 1630 4997 de
1656 4947 1737 5017 pro-

191 5047 357 5138 prietate
374 5047 539 5118 ecclesiae
572 5047 781 5137 paroehialis
807 5048 850 5120 de
877 5047 1226 5140 Swyeczechow‚
1261 5047 1322 5118 sed
1349 5051 1552 5137 occupatum
1587 5051 1641 5118 est
1674 5067 1737 5138 per

192 5165 338 5257 milites,
368 5170 405 5237 et
440 5167 587 5239 solvitur
623 5167 666 5239 de
697 5188 737 5240 eo
763 5169 878 5241 media
910 5188 1029 5241 marca
1054 5188 1118 5259 pro
1145 5168 1290 5240 ecclesia
1315 5168 1351 5238 in
1386 5165 1739 5258 Swyeczcchow.

190 5284 279 5359 Item
304 5286 506 5376 notandum,
534 5287 625 5378 quod
642 5289 697 5359 ius
723 5293 927 5378 patronatus
954 5294 991 5361 et
1008 5287 1146 5360 collatio
1173 5286 1338 5360 ecclesiae
1364 5288 1573 5377 parochialia
1591 5287 1738 5361 Sanctae

192 5396 375 5482 Trinitatis
410 5408 447 5478 in
483 5407 781 5493 Zawichosth
816 5409 969 5504 pertinet
1009 5407 1053 5485 ad
1088 5407 1303 5505 praedictum
1338 5408 1670 5501 archidiaconatum,
1705 5415 1742 5482 ct
