4050 6054
1641 489 1713 560 629
1833 482 1837 491 ’

165 699 343 790 decimam,
369 697 431 771 aed
457 718 533 769 eam
560 718 626 788 pro
653 718 690 769 se
716 697 810 768 tollit
835 702 872 767 et
899 695 1046 784 inducit;
1072 698 1155 768 item
1181 717 1251 768 non
1277 664 1561 786 faciunt-eliqms
1578 696 1717 769 labores

167 822 202 892 in
229 820 435 911 septimana
462 819 573 890 solum
599 819 741 890 hortum
768 818 884 889 curiae
911 817 1109 908 disponunt.
1134 816 1223 889 Item
1249 816 1318 887 duo
1344 820 1447 906 prata
1473 820 1637 913 tenentur
1653 815 1717 888 ial-

121 954 129 961 '
169 946 324 1012 castrare
351 946 387 1011 et
413 940 612 1029 conducere,
639 939 723 1010 item
749 938 880 1009 iaciunt
905 937 1071 1010 ducturas
1098 938 1134 1008 in
1152 936 1405 1027 Oppathow
1432 937 1521 1008 etin
1538 936 1718 1027 Lagow3

169 1063 251 1133 item
278 1061 394 1133 omnia
420 1059 463 1131 de
489 1059 632 1150 praedio
659 1058 899 1150 Pyrkowiensi
925 1059 969 1129 ad
996 1057 1230 1130 molendinum
1265 1057 1396 1129 ducunt
1430 1056 1554 1146 toties,
1582 1058 1717 1148 quotics

169 1184 220 1254 eis
246 1181 446 1259 mandatum
472 1180 595 1268 inerit;
621 1181 706 1251 item
732 1186 896 1251 tenentur
909 1200 1077 1270 sagenam
1096 1178 1221 1251 ducere
1240 1178 1284 1250 ad
1302 1179 1477 1269 piscinam,
1496 1179 1579 1249 item
1597 1177 1720 1250 bracca

169 1303 378 1395 episcopalia
404 1307 568 1374 tenentur
594 1301 742 1390 molere,
768 1302 852 1372 item
880 1299 1007 1372 debent
1033 1301 1117 1372 dare
1143 1299 1238 1389 ligna
1265 1299 1309 1370 ad
1335 1300 1550 1370 braxandum
1576 1299 1719 1371 cervisi-

169 1445 244 1515 am,
268 1423 353 1519 item
389 1422 526 1512 quando
553 1421 712 1493 brascum
740 1423 899 1510 siccatur,
926 1421 1011 1491 dant
1035 1421 1145 1511 ligna3
1171 1420 1255 1491 item
1282 1420 1431 1491 mediam
1457 1425 1617 1510 quartam
1644 1421 1719 1512 qui·

170 1545 325 1618 libetsde
351 1544 452 1615 laneo
478 1549 619 1615 tenetur
645 1543 729 1614 dare
756 1541 799 1613 de
825 1563 1008 1633 papavere,
1027 1545 1088 1613 aut
1109 1541 1239 1613 semine
1257 1541 1388 1631 canapi,
1407 1541 1490 1611 item
1507 1545 1580 1613 tres
1597 1541 1718 1632 gallos,

170 1666 254 1737 item
280 1665 428 1755 triginta
454 1685 529 1736 ova.
555 1665 644 1735 Item
672 1664 814 1735 suntin
841 1663 962 1735 eadem
989 1662 1071 1734 villa
1095 1667 1170 1733 tres
1196 1662 1384 1751 hortulani,
1411 1666 1447 1732 et
1464 1665 1627 1733 tenentur
1644 1682 1717 1734 ser·

170 1788 244 1859 vire
271 1786 308 1857 in
333 1787 450 1875 curia3
476 1785 560 1856 item
596 1789 676 1874 post
702 1805 820 1855 omnes
848 1804 951 1874 agros
978 1782 1212 1854 cmethonales
1239 1788 1381 1874 etpost
1407 1782 1586 1873 praedium
1615 1781 1720 1854 solvi-

170 1915 229 1982 tur
255 1908 388 1979 decima
412 1906 639 1998 manipularis
666 1906 827 1997 episcopo
853 1902 1146 1994 Wladislaviensi,
1173 1908 1210 1976 et
1236 1903 1334 1976 valor
1360 1903 1434 1974 eins
1453 1903 1658 1976 aestimatur
1674 1902 1720 1975 od

169 2034 249 2101 octo
275 2048 418 2100 marcas.

272 2147 462 2221 Onrnnnn.
488 2148 576 2220 Item
604 2167 721 2219 omnes
748 2147 851 2219 uillae
877 2146 913 2217 in
940 2145 1016 2218 iure
1035 2145 1249 2218 Theutonico
1275 2144 1477 2236 residentes,
1505 2144 1632 2217 debent
1648 2145 1717 2216 sol·

171 2290 254 2342 vere
290 2274 326 2339 et
361 2267 499 2340 solvunt
533 2269 626 2338 omni
645 2260 742 2339 ‘anno
769 2289 833 2359 pro
859 2264 1006 2362 obyedne
1032 2287 1095 2356 per
1122 2288 1227 2337 unum
1254 2265 1441 2357 fertonem,
1468 2271 1506 2338 et
1532 2265 1720 2338 advocatus

174 2390 279 2463 etiam
306 2410 412 2462 unum
439 2389 617 2479 fertonem,
645 2389 783 2480 dempta
809 2388 893 2461 villa
918 2388 947 2460 L
954 2389 1149 2480 yechow.

288 2680 427 2803 'Bono
463 2722 706 2802 Ploczeneie
738 2721 964 2824 ecoleelae,
998 2723 1037 2801 in
1070 2719 1260 2801 dioecesi
1294 2718 1571 2802 cracoviensi

808 2860 1096 2940 consistentia.

276 3092 471 3189 Ploczensis
507 3115 717 3189 cathedralis
743 3115 907 3205 ecclesia,
935 3115 1003 3186 etsi
1029 3136 1094 3186 sua
1119 3115 1155 3187 in
1183 3114 1333 3187 dioecesi
1358 3115 1488 3187 habeat
1514 3117 1549 3186 in
1577 3115 1722 3207 oppidis,

173 3238 283 3329 villis,
309 3238 469 3327 decimis,
495 3237 668 3309 notabiles
703 3238 888 3327 introitus,
914 3237 1021 3308 babet
1056 3242 1173 3309 tamen
1199 3243 1235 3309 et
1262 3239 1297 3308 in
1325 3238 1475 3310 dioecesi
1501 3235 1724 3310 Cracoviensi

38 3422 42 3429 .
175 3361 274 3432 iuxta
299 3359 440 3431 flurium
466 3358 643 3448 Aprum,
671 3379 772 3448 quem
798 3359 834 3428 in
861 3358 997 3448 vulgari
1023 3357 1216 3450 Wyeprz
1241 3359 1442 3449 vocitamus,
1468 3357 1505 3429 in
1531 3363 1629 3429 terra
1654 3357 1724 3430 Lu·

173 3480 323 3552 blinensi
348 3479 527 3571 proprium
553 3484 590 3550 et
617 3476 768 3549 dotalem
795 3477 1002 3567 districtum,
1030 3479 1089 3568 qui
1115 3499 1159 3550 ex
1177 3478 1303 3570 oppido
1322 3500 1390 3550 uno
1409 3485 1444 3551 et
1462 3480 1613 3571 quinque
1631 3480 1723 3553 villis

174 3605 329 3690 constat,
356 3600 416 3691 qui
443 3599 487 3670 ad
514 3598 710 3670 Ploczensis
745 3597 912 3670 ecclesiae
938 3598 1189 3689 proprietatem
1215 3604 1252 3670 et
1279 3598 1465 3670 dominium
1492 3620 1533 3671 eo
1561 3598 1663 3671 modo
1690 3606 1725 3672 et

174 3721 296 3793 ordine
322 3720 497 3810 pervenit:
525 3718 605 3790 dum
633 3717 803 3810 siquidem
825 3719 893 3790 'sub
920 3718 1086 3808 regimine
1113 3724 1149 3790 et
1176 3719 1374 3810 principatu
1410 3774 1418 3790 .
1446 3773 1453 3790 .
1480 3774 1488 3790 .
1522 3718 1689 3792 Poloniae
1716 3775 1724 3790 .

175 3895 183 3912 .
210 3896 218 3912 .
244 3852 264 3912 .·
278 3841 439 3932 princeps
467 3846 504 3912 ct
529 3838 669 3930 regulus
695 3838 838 3910 Italicae
860 3859 953 3929 orae,
980 3839 1035 3911 vel
1061 3845 1207 3930 propter
1233 3839 1373 3930 aliquod
1400 3840 1510 3913 scelus
1537 3847 1725 3933 patratum,

174 3960 230 4034 rel
257 3961 302 4033 ob
329 3960 473 4032 livorem
499 3965 537 4032 et
561 3958 736 4049 invidiam,
762 3959 816 4030 uti
841 3959 916 4051 ipse
942 3979 1098 4032 asserere
1126 3960 1268 4050 solebat,
1295 3982 1316 4032 a
1343 3962 1415 4033 suis
1441 3948 1561 4053 pulsus
1589 3967 1625 4034 et
1651 3963 1724 4034 eni-

173 4081 280 4155 liatus
305 4081 404 4171 foret,
431 4102 500 4153 non
527 4079 660 4152 habens
684 4079 745 4152 ubi
769 4085 886 4153 tutum
912 4087 1032 4171 posset
1058 4103 1163 4173 agere
1189 4081 1386 4173 incolatum,
1412 4082 1456 4155 ad
1484 4105 1628 4175 regnum
1655 4085 1722 4156 Po-

174 4202 288 4275 loniae
313 4201 548 4294 pervenisset,
576 4201 637 4273 ubi
663 4201 865 4273 clementius
893 4223 995 4293 quam
1022 4203 1187 4294 sperabat
1212 4225 1234 4275 a
1261 4258 1268 4275 .
1296 4258 1339 4274 ..
1374 4204 1532 4296 principe
1559 4205 1724 4278 Poloniae
1865 4194 1869 4203 ’

174 4326 340 4415 adeptus
373 4328 412 4394 et
444 4321 593 4413 benigne
629 4328 800 4394 tractatus
836 4328 873 4395 et
906 4324 1047 4395 habitus
1083 4328 1155 4415 est,
1182 4325 1241 4416 qui
1277 4344 1354 4397 cum
1381 4325 1425 4397 ad
1452 4346 1550 4398 suam
1575 4326 1724 4418 patriam

173 4445 404 4536 propriosque
432 4448 574 4534 penates
601 4443 740 4535 regredi
766 4466 835 4516 non
862 4443 1016 4536 auderet,
1044 4446 1256 4536 veritusne
1283 4447 1417 4539 proprii
1443 4448 1625 4538 quicquam
1643 4468 1723 4538 gra-

175 4566 253 4638 vius
279 4565 316 4636 in
343 4586 421 4638 eum
449 4564 677 4654 consulerent,
704 4571 909 4654 perpetuam
927 4567 995 4638 sibi
1012 4565 1105 4657 apud
1122 4564 1288 4639 Poloniae
1305 4588 1448 4658 regnum
1467 4567 1574 4659 elegit
1591 4567 1726 4658 sedem;

176 4686 274 4758 cuius
300 4685 491 4758 calamitati
517 4685 677 4776 princeps
704 4684 881 4775 praelatus
906 4686 1073 4760 Poloniae
1100 4741 1134 4758 ..
1162 4741 1170 4758 .
1197 4743 1205 4759 .
1233 4708 1440 4782 compassus,
1468 4688 1535 4761 sibi
1562 4688 1725 4781 oppidum

175 4805 386 4878 Koczslro
413 4826 490 4879 cum
517 4806 668 4895 quinque
694 4805 805 4895 villis,
831 4806 994 4879 videlicet
1020 4807 1274 4899 Thalczyn‚
1301 4804 1472 4900 Gorka,
1500 4809 1726 4901 Peneion,

172 4926 525 5019 Tharkawycza
552 4927 772 4999 Luszawa
797 4927 833 4998 in
860 4933 1062 5018 perpetuam
1090 4930 1238 5008 contulit
1263 4929 1515 5021 possessionem
1542 4935 1579 5002 et
1604 4928 1727 5005 haere·

176 5046 342 5137 ditetem;
369 5047 595 5140 privilegians
621 5047 718 5118 illum
745 5048 991 5139 praerogativa
1017 5050 1168 5139 speciali,
1194 5053 1235 5122 ut
1251 5050 1343 5122 bona
1360 5047 1526 5140 praefato,
1544 5050 1576 5122 si
1593 5051 1725 5141 absque

79 5248 82 5255 ,
176 5169 274 5260 prole
310 5170 511 5259 decederet,
537 5173 655 5259 posset
690 5167 880 5259 cuicunque
916 5168 1081 5240 ecclesiae
1108 5171 1143 5240 in
1170 5169 1420 5263 elemosynam,
1445 5177 1509 5243 aot
1534 5171 1727 5263 cuicunque
1873 5160 1877 5169 ¹

177 5290 286 5361 amico
322 5292 377 5361 vel
413 5290 576 5361 familiari
614 5289 924 5381 improprietatem
952 5296 987 5361 et
1014 5290 1234 5367 donationem
1260 5296 1429 5382 perpetuo
1456 5290 1623 5364 conferre.
1656 5290 1727 5365 Hic

177 5410 293 5503 itaque
321 5465 329 5484 .
355 5464 363 5484 .
390 5465 398 5485 .
424 5410 566 5484 Italicus
592 5410 771 5505 princeps,
797 5430 873 5486 corn
900 5411 1100 5487 uniuersum
1125 5417 1261 5509 tempus
1287 5412 1421 5489 uicum
1447 5412 1607 5506 aalma,
1632 5413 1748 5523 opud·

1677 5538 1685 5551 ·
1709 5522 1726 5557 C
