4050 6054
1644 405 1719 477 485

273 612 521 701 Rozumnnnc,
544 612 645 701 villa,
672 612 805 683 habens
824 614 860 682 in
879 633 916 682 se
935 611 1114 682 ecclesiam
1133 611 1385 700 parochialem,
1412 631 1514 700 quam
1532 610 1576 681 dc
1594 611 1668 680 iure
1687 616 1722 681 et

168 732 414 806 consuetudine
441 733 624 823 episcopus
651 732 1100 822 Oracovieusis,tani1uam
1128 733 1249 803 mricus
1276 712 1351 804 eius
1378 732 1523 804 collator
1550 738 1587 802 ct
1604 736 1721 822 patro·

168 877 250 944 nus,
277 854 374 924 cuius
400 854 525 924 haeres
553 853 793 923 screnissimus
820 853 984 925 Poloniae
1012 874 1090 943 rex,
1117 852 1153 923 in
1173 873 1240 942 qua
1258 857 1340 923 suut
1365 853 1457 923 lanei
1475 852 1721 929 cmethonales

167 978 209 1048 de
237 997 383 1067 quorum
410 975 565 1064 quolibet
590 973 738 1045 solvitur
764 996 853 1046 unus
879 972 968 1045 serto
1004 974 1153 1045 latorum
1179 994 1380 1065 grossorum
1405 956 1630 1063 Prager'rsium
1658 994 1721 1063 pro

168 1098 301 1169 decima
323 1096 504 1183 ¹cantoriae
532 1094 565 1166 S.
591 1095 756 1166 Floriani.
783 1095 870 1165 ltem
898 1095 1088 1184 praedium.

271 1217 511 1304 Puzuszuur,
529 1215 613 1286 villa
630 1196 706 1286 sub⁴
712 1216 877 1305 parochia
895 1215 1059 1286 ecclesiae
1077 1216 1119 1287 dc
1138 1214 1253 1287 Slaw
1263 1237 1347 1306 yon
1358 1216 1488 1286 cziuo
1516 1216 1597 1306 sita,
1624 1216 1721 1287 cuius

168 1340 363 1430 proprietas
399 1343 435 1407 et
461 1335 648 1407 dominium
684 1335 729 1406 ad
756 1337 1013 1425 serenissimum
1042 1334 1213 1409 'Poloniae
1248 1357 1364 1425 regem
1392 1336 1563 1425 pertinet,
1590 1337 1625 1431 in
1654 1356 1721 1427 qua

168 1466 249 1531 sunt
283 1460 374 1528 lanei
410 1455 660 1544 cmethonales,
703 1457 746 1527 de
783 1458 907 1547 quibus
943 1457 1089 1528 solvitur
1125 1448 1205 1546 per'
1223 1479 1328 1527 unum
1363 1456 1533 1528 fertonem
1569 1458 1718 1529 latorum

171 1600 369 1671 grossorum
397 1577 625 1667 Propensium
653 1579 829 1649 cantoriae
855 1577 888 1650 8.
915 1578 1081 1649 Floriani.
1108 1579 1195 1650 Item
1223 1578 1411 1668 praedium.

272 1700 542 1787 Srnznzownn,
570 1699 654 1769 villa
680 1699 744 1769 sub
771 1700 937 1788 parochia
962 1699 1127 1770 ecclesiae
1156 1699 1198 1770 de
1222 1755 1362 1769 ......
1390 1700 1471 1790 sita,
1499 1700 1535 1770 in
1554 1720 1622 1789 qua
1639 1705 1721 1797 sunt

140 1814 259 1892 'lanei
286 1820 536 1908 cmethonalcs‚
571 1840 614 1889 ox
643 1801 789 1910 quorum
817 1821 972 1911 quolibet
998 1821 1146 1892 solvitur
1172 1842 1261 1891 unus
1287 1820 1377 1892 ferto
1404 1821 1555 1892 latorum
1581 1841 1720 1910 grosso-

166 1964 247 2013 rum
280 1940 455 2012 cantoriae
483 1941 515 2011 8.
543 1941 697 2012 Floriani
725 1957 789 2031 pro
817 1942 963 2032 decima,
991 1943 1088 2014 cuius
1115 1942 1219 2013 villae
1246 1943 1443 2032 proprietas
1470 1948 1506 2012 ct
1532 1941 1720 2013 dominium

168 2064 318 2154 pertinet
345 2062 389 2132 ad
416 2061 566 2144 nobilem
585 2117 752 2132 .......
780 2063 868 2133 Item
895 2063 1075 2154 praedium
1094 2116 1262 2135 .......
1375 2085 1377 2089 ·

272 2184 595 2273 Rncusuuwrczu,
623 2183 707 2255 villa
725 2186 788 2256 sub
807 2185 973 2274 parochia
999 2184 1164 2256 ccclesiae
1192 2185 1235 2255 de
1254 2239 1394 2254 ......
1422 2184 1500 2273 sita,
1527 2184 1623 2254 cuius
1641 2204 1721 2273 pro-

167 2308 299 2395 prietas
327 2310 364 2375 et
381 2304 568 2375 dominium
595 2304 640 2375 ad
667 2304 922 2377 serenissimum
949 2283 1113 2376 l‘oloniae
1141 2326 1258 2394 regem
1285 2306 1452 2395 pertinet,
1479 2305 1515 2374 in
1544 2322 1613 2395 qua
1638 2310 1721 2376 sunt

171 2428 264 2497 lanei
291 2425 537 2514 cmethouales,
565 2424 607 2494 dc
627 2446 771 2515 quorum
791 2427 946 2515 quolibet
964 2426 1111 2497 solvitur
1129 2446 1217 2497 unus
1235 2424 1325 2496 serto
1344 2426 1493 2496 latorum
1519 2446 1718 2516 grossorum

167 2547 395 2637 Pragensium
422 2566 486 2635 pro
514 2545 647 2616 decima
673 2546 845 2635 pecuniali
872 2548 1049 2618 cantoriae
1076 2546 1108 2617 S.
1135 2547 1300 2618 Floriani.

269 2667 487 2739 Sununssmm
522 2667 740 2738 Bruczuusu
789 2660 863 2738 iure
899 2668 1089 2758 parochiali
1123 2669 1278 2757 pertinet
1318 2667 1362 2738 ad
1398 2667 1576 2737 ecclesiam
1612 2688 1715 2756 paro-

168 2788 314 2858 chialem
340 2787 375 2856 iu
403 2787 568 2876 ByecZ,
605 2789 701 2858 cuius
737 2789 934 2877 proprietas
970 2789 1015 2859 ad
1042 2789 1299 2860 serenissimum
1334 2809 1451 2878 regem
1477 2789 1647 2878 pertinet,
1683 2789 1719 2858 in

170 2930 238 2999 qna
265 2913 347 2979 sunt
372 2909 496 2997 viginti
523 2908 625 2997 lanei,
653 2909 750 2980 etde
769 2910 923 2998 quolibet
951 2910 1098 2982 solvitur
1115 2932 1204 2981 unus
1230 2909 1322 2989 terto
1341 2910 1489 2987 latorum
1514 2931 1722 2999 grossorum,

168 3034 204 3100 et
227 3029 440 3119 proveniunt
466 3028 617 3119 quinque
644 3050 781 3101 marcac
806 3031 957 3102 latorum
982 3052 1183 3121 grossorum
1209 3030 1447 3120 Pragensium.
1607 3014 1615 3021 ’

273 3149 406 3221 Hortus
433 3149 469 3219 in
498 3148 703 3239 (lleparz.
744 3152 832 3221 ltem
865 3153 1022 3223 cantoria
1056 3151 1089 3224 S.
1115 3151 1271 3223 Floriani
1297 3151 1404 3222 habet
1440 3173 1545 3221 unum
1580 3152 1719 3223 hortum

168 3273 203 3342 in
231 3270 445 3361 Gleparz,
481 3270 523 3341 dc
552 3292 619 3360 quo
647 3270 759 3340 eidem
786 3271 967 3342 solvuntur
994 3273 1172 3342 aunuatim
1208 3272 1468 3362 quatuordecim
1500 3274 1602 3343 scotti
1630 3293 1721 3342 com-

167 3392 281 3463 munis
308 3392 487 3481 pecuniae,
523 3411 629 3479 penes
655 3391 797 3461 hortum
823 3392 1006 3482 Malyarz
1034 3392 1197 3481 oppidani
1225 3393 1338 3462 situm.
1379 3392 1592 3482 Notandum,
1627 3392 1719 3483 quod

167 3513 325 3584 cantoria
351 3511 384 3582 S.
403 3511 557 3581 Floriani
585 3511 716 3581 eteius
744 3518 867 3584 cautor
893 3533 956 3601 pro
976 3519 1131 3602 tempore
1162 3534 1232 3584 non
1250 3513 1398 3601 percipit
1425 3534 1515 3583 nunc
1533 3520 1721 3602 proventus

168 3640 203 3705 et
222 3632 380 3704 redditus
407 3630 590 3721 praefatas,
619 3631 679 3701 scd
698 3638 778 3720 post
796 3633 1081 3723 adaequationem
1108 3633 1352 3705 beneficiorum
1379 3633 1412 3704 S.
1430 3634 1594 3722 Floriani,
1621 3653 1721 3723 prae·
1789 3688 1801 3708 .

132 3790 137 3801 ·
167 3753 260 3825 11111
287 3754 439 3824 decimae
466 3758 502 3822 et
521 3756 709 3841 prouentus
730 3751 912 3844 cantoriae
939 3754 1171 3825 incommune
1198 3761 1280 3825 sunt
1307 3775 1493 3826 conversae
1520 3760 1556 3824 ct
1573 3753 1720 3841 relatae,

169 3875 313 3946 ecclesia
332 3896 414 3944 vero
433 3873 641 3963 parochialis
668 3874 704 3943 iu
732 3875 858 3965 oppido
885 3874 1038 3966 Yllrus,
1066 3875 1109 3945 dc
1128 3896 1297 3947 consensu
1325 3875 1536 3947 serenissimi
1554 3873 1719 3946 Poloniae

167 3996 260 4086 regis
287 3986 379 4066 uni'ci
405 3995 544 4085 patroni
571 3993 736 4065 ccclesiae
763 3995 799 4065 in
826 3996 992 4085 Ylkus‚
1019 3997 1194 4067 cantoriae
1217 3996 1249 4068 S.
1276 3998 1432 4069 Floriani
1458 3997 1559 4068 unita
1584 4001 1656 4086 cst,
1684 4001 1720 4067 et

168 4137 286 4189 omnes
322 4115 454 4187 fructus
490 4116 602 4188 dictae
642 4116 805 4188 ccclesiae
836 4118 872 4188 in
900 4116 1047 4189 Yllrus
1084 4124 1205 4190 cantor
1231 4118 1265 4190 8.
1292 4119 1447 4191 Floriani
1473 4140 1537 4210 pro
1564 4123 1719 4209 tempore

167 4238 317 4327 percipit
343 4242 446 4327 atque
475 4239 575 4309 tollit.

273 4358 361 4430 Item
390 4359 510 4431 eadem
538 4360 694 4431 cantoria
720 4364 840 4431 taxata
867 4365 921 4433 est
948 4360 993 4432 ad
1072 4415 1080 4430 .
1100 4415 1134 4431 ..

666 4623 924 4704 vicecantor
955 4623 997 4703 8.
1029 4625 1222 4706 Floriani.

271 4842 436 4914 Cantoria
462 4842 495 4914 S.
512 4842 668 4915 Floriani
687 4844 793 4915 hahet
811 4844 1009 4935 habereque
1026 4848 1204 4921 consuevit
1220 4847 1387 4947 vicariam
1404 4851 1618 4936 perpetuam,
1645 4846 1719 4917 sive

167 4965 432 5036 vicecantoriam
446 4964 482 5034 in
497 4964 642 5034 ecclesia
656 4963 688 5034 S.
701 4964 871 5056 Floriani,
885 4966 982 5038 cuius
996 4972 1117 5038 cantor
1134 4967 1167 5039 S.
1179 4967 1335 5039 Floriani
1348 4987 1412 5057 pro
1426 4971 1582 5065 tempore
1596 4966 1718 5039 unicus

167 5090 221 5155 est
238 5084 383 5155 collator
401 5090 437 5154 11
455 5090 636 5174 patronus,
656 5106 759 5176 quam
777 5107 868 5157 nunc
887 5086 1022 5159 obtinet
1039 5086 1232 5158 Stanislaus
1251 5086 1294 5158 de
1312 5066 1508 5178 Oleparz
1525 5085 1719 5177 presbyter,

168 5204 227 5294 qui
243 5204 326 5275 licet
343 5225 407 5296 pro
426 5225 509 5276 suaa
526 5205 678 5276 vicariae
695 5204 801 5277 fundo
825 5211 860 5277 et
879 5206 960 5279 dotc
979 5206 1144 5279 decimam
1167 5206 1418 5299 manipularem
1435 5207 1473 5279 in
1495 5204 1719 5281 Ghrzanow

167 5324 339 5424 habuerit,
358 5325 491 5404 decima
508 5312 625 5404 tamen
642 5324 801 5423 praefata
818 5327 855 5401 in
870 5325 1103 5427 Ghrzauow,
1120 5327 1287 5429 plehauue
1304 5330 1342 5409 iu
1358 5326 1489 5411 Ylkus
1502 5326 1544 5411 ’11
1555 5324 1721 5409 auara.
1908 5277 1913 5285 -
