4050 6054
1633 481 1703 550 169

260 680 353 753 item
378 679 462 752 uilla
487 680 643 772 praelata
669 679 819 753 confinat
844 701 921 753 omn
947 680 1039 752 villis
1065 679 1339 770 Kostrzecz,
1370 680 1541 755 Jobauuis
1566 683 1706 756 Than-

82 893 86 901 ,
161 803 362 895 caynsky
390 801 1707 893 dedomoBippennium,itemcumKobierzyn,Andreue01e-

161 923 453 1015 schnyczsky
479 922 521 994 de
540 921 879 1008 domoDambno
906 922 990 993 item
1008 921 1431 1014 cumSkothnykye
1448 923 1708 1024 Dambniky

160 1045 276 1134 regiis,
302 1045 385 1115 item
412 1064 489 1114 cnm
516 1043 708 1114 Bodzow
735 1047 771 1113 et
795 1042 1014 1114 Zakrzow
1042 1043 1306 1132 canonicalibus,
1334 1043 1425 1114 inter
1451 1062 1536 1133 quas
1564 1047 1706 1115 suntin
1786 1095 1797 1115 .

160 1164 333 1255 aliquibus
359 1163 444 1235 locis
470 1163 624 1235 continui
651 1169 687 1234 et
713 1163 854 1234 rotundi
880 1163 1007 1234 limites
1043 1163 1127 1235 alias
1153 1160 1315 1258 nyoezdy,
1354 1165 1390 1234 in
1417 1140 1589 1256 aliquibus
1624 1185 1707 1237 vero

161 1284 338 1374 fossata,
328 1306 365 1355 ιιι
391 1284 562 1375 aliquibus
589 1304 672 1354 vero
700 1282 832 1373 scopuli
858 1289 895 1355 et
921 1283 1028 1373 signa

266 1405 354 1475 Item
380 1404 462 1474 villa
487 1403 644 1493 praefata
669 1403 827 1476 solvebat
811 1404 1089 1493 tsnpcrr'oribus
1114 1402 1327 1493 temporibus
1353 1424 1417 1494 pro
1444 1406 1592 1495 capitulo
1619 1409 1682 1478 et
1673 1429 1709 1478 ιιι
1853 1482 1862 1494 ,

163 1545 339 1598 commune
366 1524 484 1596 decem
511 1544 654 1614 marcas,
681 1545 772 1595 nunc
798 1543 882 1595 vero
906 1529 1042 1595 tantum
1068 1523 1173 1594 solvit
1199 1504 1267 1613 pro'
1280 1525 1430 1615 capitulo
1459 1532 1606 1615 quatuor
1633 1547 1709 1597 cum

163 1647 286 1718 media.
302 1663 445 1736 marcas,
471 1664 595 1735 regens
622 1649 736 1715 autem
762 1643 939 1716 residuum
966 1664 1106 1716 censum
1132 1646 1288 1734 percipit.

78 1764 81 1769 ’
192 1808 195 1813 <
269 1766 407 1856 Bonnr,
434 1766 517 1837 villa
534 1764 824 1855 praestimonialis
842 1764 985 1853 capituli
1002 1762 1250 1855 Gracoviensis,
1277 1785 1385 1855 prope
1401 1766 1542 1838 fluvium
1561 1745 1714 1859 Vylga'

165 1908 232 1958 uno
259 1886 387 1958 miliari
413 1906 434 1956 a
459 1884 688 1956 Cracoriu
715 1885 798 1973 sita,
833 1884 1088 1974 subparochia
1114 1885 1278 1956 ecclesiae
1308 1883 1342 1956 S.
1368 1884 1491 1958 Jacobi
1517 1887 1560 1959 de
1587 1886 1710 1959 Gasi—
1859 1918 1862 1927 ·

164 2007 309 2077 miria.
334 2007 375 2076 ln
394 2025 463 2095 qua
480 2010 561 2076 sunt
578 2025 639 2076 sex
665 2005 757 2075 lanei
775 2003 1017 2094 emethonales,
1044 2025 1189 2095 quorum
1216 2004 1361 2095 quilibet
1386 2024 1451 2096 pro
1474 2024 1579 2079 censu
1597 2028 1710 2081 annuo

164 2127 270 2199 solvit
294 2125 443 2197 mediam
470 2138 630 2213 marcam,
657 2125 741 2217 item
767 2143 831 2215 per
857 2126 1030 2214 integrum
1045 2133 1184 2195 'annum
1211 2146 1317 2195 unum
1340 2126 1431 2196 diem
1457 2126 1493 2198 in
1521 2130 1711 2217 septimana

164 2246 309 2336 laborat,
336 2251 373 2318 et
399 2246 564 2317 ducturas
598 2250 739 2316 tenetur
772 2243 886 2316 iacere
921 2245 1062 2336 proprio
1099 2265 1202 2316 curru
1229 2245 1274 2316 ad
1300 2246 1471 2337 rationem
1504 2247 1638 2319 dierum
1674 2249 1709 2319 in

165 2367 356 2456 septimana
384 2366 595 2453 debitorum3
621 2365 705 2436 item
731 2364 838 2436 habet
863 2385 967 2436 unam
983 2365 1173 2455 tabernam,
1199 2365 1384 2437 habentem
1402 2386 1514 2457 agros,
1542 2361 1629 2457 quae
1647 2389 1711 2458 pro
1735 2437 1737 2441 Α
1826 2432 1834 2449 ,

56 2495 58 2502 ’
165 2507 279 2560 annuo
306 2506 410 2557 censu
445 2485 549 2556 solvit
584 2483 670 2556 duas
706 2504 894 2575 sexagenas
932 2485 1120 2556 communis
1156 2486 1336 2575 pecuniae,
1371 2487 1456 2558 item
1486 2487 1592 2559 hahet
1623 2487 1712 2560 'duos

164 2607 366 2679 hortulanus
392 2606 559 2677 habentes
586 2625 699 2694 agros
726 2626 872 2696 quorum
899 2605 1046 2695 quilibet
1071 2622 1176 2675 nuum
1202 2604 1370 2676 fertonem
1397 2598 1581 2697 solsstpro
1599 2628 1713 2678 annuo

164 2748 268 2798 censu
295 2731 332 2798 et
356 2746 462 2796 unum
488 2725 580 2797 diem
607 2726 642 2795 iu
670 2727 861 2814 septimana
895 2725 1063 2820 pedester,
1083 2725 1234 2814 laborat;
1264 2725 1347 2796 item
1373 2726 1479 2798 habet
1504 2748 1610 2798 uuum
1636 2749 1708 2799 mo·

166 2847 343 2918 londinum
368 2846 502 2918 hahens
526 2865 631 2935 agros
658 2851 695 2917 et
720 2850 829 2936 prata,
855 2846 891 2917 in
912 2845 1052 2922 humine
1070 2843 1231 2936 Wylga
1257 2846 1490 2939 situm,·⁶qnod
1514 2867 1580 2938 pro
1598 2866 1712 2920 annno

164 2978 270 3040 consu
297 2967 401 3038 solvit
427 2971 575 3057 quatuor
601 2986 744 3037 marcas.
761 2965 856 3037 ltem
874 2971 1012 3038 tenetur
1038 2965 1183 3057 quilibet
1209 2965 1251 3036 de
1278 2954 1540 3043 raneolorvere
1567 2968 1713 3058 triginta

165 3108 232 3160 ova
258 3093 295 3159 et
321 3087 408 3158 duos
433 3086 561 3176 'gallos
588 3086 794 3158 hortulanus
820 3092 937 3158 autem
964 3086 1110 3176 quilibet
1136 3085 1331 3175 quindecim
1358 3106 1424 3158 ova
1450 3092 1486 3189 et
1509 3108 1617 3159 anum
1639 3088 1712 3178 gal-

167 3209 249 3297 lum,
275 3229 344 3278 non
360 3208 502 3280 solvunt
528 3228 622 3301 oesep
648 3212 709 3278 aut
734 3226 888 3296 avenam,
914 3206 977 3277 sed
994 3225 1057 3277 nec
1076 3226 1204 3296 caseos,
1221 3196 1314 3276 'item
1332 3226 1438 3278 ιιιιιιιιι
1455 3206 1547 3277 diem
1569 3209 1605 3278 in
1623 3228 1713 3280 anno
1814 3288 1824 3302 .

165 3335 343 3417 regentem
378 3327 538 3399 omnibus
576 3328 781 3398 necessariis
808 3330 1027 3431 procurant,
1051 3326 1187 3417 quando
1214 3326 1259 3397 ad
1286 3325 1364 3398 illos
1400 3326 1631 3416 personaliter
1657 3329 1716 3398 de·

167 3447 358 3536 scendcrit;
385 3449 415 3518 si
441 3453 558 3519 autem
583 3468 652 3517 non
678 3446 762 3517 facit
779 3447 991 3535 descensum,
1017 3446 1156 3527 solvunt
1180 3446 1317 3535 regenti
1334 3466 1439 3516 unum
1458 3447 1593 3519 octuale
1620 3467 1714 3518 cere-

166 3569 274 3639 visiae
300 3573 335 3639 et
361 3567 620 3660 quatuordecim
647 3567 772 3655 gallos3
798 3567 882 3637 item
899 3572 972 3638 tum
990 3565 1198 3655 cmethones,
1226 3584 1328 3655 quam
1354 3566 1568 3656 tubemator,
1594 3567 1715 3639 hortu-

167 3688 237 3759 lani
263 3694 299 3760 et
324 3688 575 3760 molendinator
602 3687 741 3758 solvunt
768 3687 935 3757 decimam
960 3686 1211 3775 manipularem
1238 3686 1281 3755 de
1300 3686 1395 3775 agris
1413 3698 1540 3756 ‘eorum
1567 3678 1714 3777 phuam

167 3811 204 3879 ot
229 3807 393 3880 eeclesiae
420 3805 611 3897 parochiali
638 3806 673 3876 in
710 3804 969 3876 Bodnanow.
1013 3805 1101 3876 Item
1126 3804 1210 3876 villa
1240 3803 1399 3895 praefata
1435 3805 1543 3877 habet
1568 3805 1716 3896 optimas

167 3926 282 4018 sylvas
307 3928 498 4019 queminus,
524 3925 705 4015 pinaticas,
732 3924 957 3997 extendentes
984 3944 1021 3997 se
1048 3925 1084 3995 in
1112 3924 1260 3996 circuitu
1285 3923 1330 3994 ad
1356 3944 1479 3995 unum
1473 3924 1638 4017 miliare,
1680 3932 1717 3998 et

27 4073 30 4076 ·
170 4054 314 4140 possent
338 4048 434 4119 illinc
460 4045 620 4118 malificia
646 4045 777 4116 haberi

270 4167 359 4240 Item
383 4166 467 4239 villa
491 4165 648 4257 praelata
665 4165 816 4238 confiunt
832 4185 910 4237 cum
927 4165 1019 4237 villis
1036 4163 1319 4255 Kobyerzyn,
1346 4096 1717 4258 Suoschowycze

168 4295 205 4361 et
228 4287 518 4380 Jugowycze,
544 4293 669 4360 utnon
694 4291 776 4358 sunt
800 4286 932 4376 scopuli
958 4286 1062 4376 sipati
1088 4285 1181 4357 inter
1206 4286 1300 4377 illas,
1327 4286 1388 4358 sed
1411 4287 1511 4377 signa
1537 4287 1716 4378 quaedam,

168 4409 320 4499 virgulta
346 4414 383 4480 et
407 4404 557 4502 opiuzdy
583 4408 767 4480 habentur·
782 4411 819 4478 et
835 4411 999 4478 tenentur
1025 4426 1088 4496 pro
1106 4406 1290 4496 hmitibus;
1330 4408 1414 4478 item
1441 4407 1547 4478 etiam
1566 4405 1717 4479 conlinat

169 4549 246 4600 cum
263 4528 347 4600 villa
364 4527 692 4619 Lagiewnyky,
720 4546 807 4618 quae
825 4527 979 4617 pertinet
1003 4526 1048 4597 ad
1066 4527 1316 4616 proprietatem
1332 4532 1370 4598 et
1387 4527 1574 4598 dominium
1593 4526 1717 4597 castel-

167 4650 349 4722 lanaturue
365 4645 615 4737 cracoviensis,
633 4652 670 4718 et
685 4645 810 4720 fluvius
826 4646 987 4737 Wylga
1011 4647 1162 4721 habetur
1177 4647 1271 4719 inter
1288 4646 1387 4719 villus
1405 4667 1469 4736 pro
1486 4647 1615 4734 limite3
1634 4647 1717 4717 item

168 4789 254 4843 cum·
271 4766 335 4861 Op
342 4767 643 4860 patkouicze,
680 4767 764 4838 villa
790 4767 927 4839 abbatis
953 4773 990 4839 et
1014 4767 1217 4839 monasterii
1243 4767 1491 4856 Thiniciensis,
1527 4765 1588 4837 ubi
1615 4771 1718 4855 prata

118 4928 125 4942 1
169 4890 346 4979 dividunt,
373 4889 456 4960 item
482 4906 561 4985 curn
585 4888 807 4960 Zakraow
832 4894 870 4960 et
895 4887 1151 4979 Folwarlry.

271 5009 359 5080 Item
377 5009 552 5080 sciendum
570 5015 606 5080 et
624 5008 813 5080 notandum
831 5014 898 5098 est,
915 5007 1007 5100 quod
1025 5008 1245 5079 medietatem
1263 5005 1440 5096 praefatae
1458 5004 1561 5078 villae
1579 5005 1718 5076 Borek
1751 5037 1757 5044 ·

168 5150 259 5202 anno
285 5129 425 5201 Domini
446 5129 554 5200 1382.
582 5127 769 5219 capitulum
789 5128 1017 5201 Oracoviense
1044 5128 1088 5200 ab
1106 5126 1244 5199 Othone
1263 5126 1344 5197 olim
1361 5126 1457 5205 Petri
1484 5124 1527 5197 de
1545 5123 1720 5197 Gnieu-

169 5271 315 5341 crzyn,
341 5250 490 5322 haerede
517 5249 560 5321 de
578 5250 735 5341 Borek,
762 5248 876 5322 dando
903 5248 1016 5320 eidem
1042 5246 1241 5320 Otthoni
1267 5245 1410 5319 totalem
1437 5251 1571 5343 partem
1597 5246 1719 5317 haere-

169 5370 290 5444 ditatis
308 5369 421 5443 dictae
447 5369 710 5477 Sczeglicze
736 5369 893 5443 induvia
920 5367 1120 5468 Rudawu
1145 5367 1309 5457 situatae,
1337 5386 1425 5458 quae
1452 5387 1496 5438 ex
1514 5366 1657 5458 antiqno
1674 5365 1734 5441 ud

273 5518 321 5567 alh.
334 5514 430 5565 Benefica
1453 5511 1456 5515 ¹
1525 5505 1565 5565 22
1699 5554 1703 5567 .
