4050 6054
1704 483 1779 559 613

232 691 452 782 praepositus
470 688 763 781 Przemialiensis,
790 689 917 762 nobilis
947 689 991 761 de
1009 690 1115 761 armis
1141 688 1426 778 Polulrosza,
1453 689 1551 760 ouius
1568 688 1782 781 infrascripti

228 817 311 883 suut
335 811 501 884 redditus.

334 933 523 1021 annznn,
551 930 715 1021 oppidum
743 951 842 1002 secus
868 909 1008 1002 flurium
1037 931 1229 1022 Uszwya
1256 931 1379 1020 situm,
1406 931 1540 1003 babens
1565 932 1603 1004 in
1621 953 1658 1005 se
1685 920 1776 1024 paro

227 1053 373 1124 chialem
391 1051 570 1125 ecclesiam
589 1053 758 1142 ligneam,
785 1053 882 1123 cuius
899 1052 1024 1124 haeres
1051 1052 1259 1143 Spytbek
1286 1051 1330 1124 de
1347 1051 1387 1122 M
1395 1053 1627 1145 yelsthyn‚
1654 1056 1781 1128 nobilis

228 1175 272 1246 dc
297 1175 403 1245 armis
429 1174 634 1266 Dolywa,
661 1175 697 1244 in
725 1195 795 1265 qua
820 1179 902 1244 suut
928 1227 1038 1244 .....
1072 1173 1165 1245 lanei
1192 1173 1461 1265 oppidanorum,
1489 1174 1532 1246 de
1559 1176 1684 1266 quibus
1711 1178 1780 1250 sol-

228 1297 324 1368 vitur
359 1295 492 1367 decima
526 1295 751 1386 manipularis
786 1294 1005 1384 praebendae
1038 1293 1236 1366 Lukowska
1262 1300 1299 1366 et
1324 1315 1387 1385 per
1413 1294 1603 1385 oppidanos
1630 1297 1782 1389 propriis

228 1417 387 1511 curribus
414 1415 551 1487 ducitur
579 1417 614 1486 in
641 1417 804 1487 horreum
832 1437 853 1486 a
879 1417 1044 1487 canonico
1070 1415 1251 1487 locandum
1287 1420 1323 1487 et
1349 1416 1448 1487 valor
1476 1416 1550 1488 eius
1577 1418 1781 1490 aestimatur

229 1538 273 1610 ad
301 1591 443 1608 ......
479 1537 564 1610 item
580 1536 758 1608 decimam
785 1537 918 1626 canapi.
952 1537 1039 1609 Item
1067 1558 1136 1609 non
1164 1541 1219 1607 est
1244 1535 1294 1607 ibi
1320 1536 1460 1626 aliquod
1486 1537 1666 1627 praedium
1691 1539 1782 1611 mili-

228 1665 324 1748 tare,
350 1659 434 1730 item
462 1663 517 1729 est
542 1657 775 1730 molendinum
803 1658 838 1727 in
856 1656 961 1729 fluvio
988 1657 1188 1747 Usszew‚
1214 1658 1298 1728 item
1325 1656 1562 1749 hortulaniae‚
1589 1659 1672 1730 item
1698 1679 1782 1750 ager

228 1780 473 1871 plebaui;:.t1ni
499 1800 569 1852 non
595 1778 700 1850 solvit
716 1778 828 1852 „alicui
855 1778 1032 1868 decimam,
1059 1778 1121 1850 sed
1147 1799 1222 1850 eam
1248 1796 1324 1871 pro·
1339 1799 1377 1850 se
1403 1778 1506 1851 tollit

324 1898 591 2003 &nonarum
619 1899 703 1971 villa
729 1899 834 1969 etiarn
862 1899 959 1970 iuxta
984 1899 1126 1971 fluvium
1152 1898 1311 1972 Uszew
1338 1900 1426 1990 sita,
1462 1901 1559 1973 cuius
1584 1901 1781 1992 proprietas

230 2021 275 2093 ad
300 2021 559 2093 serenissimum
585 2021 761 2092 dominum
787 2040 905 2109 regem
931 2019 1097 2091 Poloniae
1123 2021 1285 2111 pertinet,
1312 2021 1445 2093 habens
1471 2022 1508 2093 in
1536 2042 1573 2095 se
1601 2022 1780 2094 ecclesiam

229 2141 464 2232 parochialem
490 2141 648 2230 ligneam,
675 2141 712 2211 in
739 2161 807 2230 qua
832 2145 992 2228 suntne
1011 2194 1019 2210 .
1038 2195 1046 2211 .
1065 2140 1183 2212 ,lanei
1210 2142 1453 2231 cmetbonales‚
1480 2142 1523 2213 de
1550 2143 1674 2233 quibus
1701 2164 1780 2233 per·

231 2264 343 2352 ceptio
371 2261 525 2334 decimae
551 2262 719 2350 variatum
746 2242 826 2332 nam
853 2261 897 2333 de
916 2315 1030 2332 .....
1056 2262 1166 2333 laneis
1193 2262 1467 2335 emetbonalibus
1494 2263 1588 2335 tollit
1613 2261 1781 2335 decimam

230 2382 481 2474 manipularem
508 2362 672 2472 praesens
699 2381 900 2473 praebenda
924 2381 1133 2473 Lukowslra,
1157 2389 1194 2455 et
1210 2388 1375 2455 tenentur
1392 2383 1487 2455 illam
1505 2385 1638 2456 incolae
1656 2383 1782 2456 ducere

231 2506 268 2575 in
295 2505 460 2576 horreum
487 2525 508 2574 a
534 2504 698 2575 canonico
725 2504 907 2574 locandum
935 2508 970 2574 et
995 2504 1094 2574 valor
1121 2505 1195 2575 eius
1223 2505 1427 2576 aestimatur
1453 2504 1497 2576 ad
1516 2559 1524 2575 .
1543 2558 1550 2574 .
1570 2559 1603 2576 ..
1630 2526 1779 2596 marcas,

190 2676 202 2697 .
233 2626 318 2697 item
337 2624 502 2696 decimam
523 2625 653 2714 canapi,
680 2625 763 2696 item
782 2623 825 2695 de
844 2624 961 2696 decem
979 2624 1089 2696 laneis
1107 2625 1381 2697 ometbonalibus
1401 2626 1548 2698 solvitur
1566 2625 1698 2698 decima
1715 2625 1783 2698 fer-

232 2745 358 2816 tonalis
384 2745 535 2817 latorum
560 2766 761 2836 grossorum
787 2744 1015 2836 Prageusium
1042 2764 1181 2817 mensae
1208 2746 1396 2836 episcopali
1424 2745 1655 2818 Cracoviensi.
1693 2746 1782 2819 Item

189 2891 190 2895 ¹
232 2872 286 2937 est
312 2866 348 2937 in
375 2866 496 2937 eadem
522 2865 607 2938 villa
632 2864 813 2956 praedium
839 2865 958 2955 regale
984 2871 1022 2937 et
1048 2865 1154 2955 curia,
1180 2865 1224 2937 de
1243 2866 1340 2938 cuius
1363 2867 1457 2957 agris
1485 2867 1633 2939 solvitur
1651 2864 1784 2939 decima

233 2987 460 3079 manipularis
496 2987 662 3060 ecclesiae
697 2986 825 3059 ibidem
862 2987 1085 3077 consistenti3
1120 2987 1203 3059 item
1230 2988 1416 3078 tabernae,
1452 2988 1537 3060 item
1563 2988 1783 3061 hortulaniae

232 3113 314 3180 sunt
340 3109 399 3180 ibi.
673 3114 676 3119 '

334 3229 566 3319 Pournnow,
594 3228 677 3299 villa
695 3229 759 3300 sub
778 3229 945 3318 parocbia
961 3228 1128 3303 ecclesiae
1146 3228 1189 3300 de
1214 3227 1240 3302 J
1248 3249 1562 3320 asszyeuyeez
1589 3231 1665 3320 sita,
1685 3231 1783 3303 cuius

231 3353 356 3424 haeres
381 3350 590 3442 Spytbelr
618 3350 661 3421 de
687 3349 947 3440 Melsthyn,
972 3349 1100 3422 nobilis
1127 3348 1170 3420 de
1196 3350 1303 3423 armis
1329 3350 1529 3442 Lelywa,
1561 3352 1597 3422 in
1617 3372 1685 3442 qua
1703 3356 1784 3424 sunt

232 3524 374 3544 ......
400 3471 492 3543 lanei
520 3469 762 3558 emethenales,
789 3468 975 3559 dequibus
996 3470 1144 3542 solvitur
1162 3469 1295 3541 decima
1311 3471 1540 3562 manipularis
1566 3472 1784 3561 praebendae

231 3593 364 3684 primae
391 3583 637 3680 Tarnoviensi,
673 3595 709 3661 et
734 3595 898 3661 tenentur
923 3589 1018 3661 illam
1045 3592 1180 3662 incolae
1214 3590 1367 3681 propriis
1394 3592 1553 3664 curribus
1589 3591 1716 3664 ducere
1742 3592 1778 3664 in

231 3714 395 3786 horreum
422 3734 444 3785 a
470 3712 634 3784 canonico
660 3710 842 3782 locandum
869 3716 906 3782 et
932 3710 1031 3782 valor
1057 3713 1131 3783 eius
1159 3712 1365 3784 aestimatur
1396 3711 1441 3783 ad
1460 3765 1655 3803 ........
1699 3713 1783 3784 item
1842 3703 1845 3708 ’

233 3834 400 3906 decimam
427 3834 560 3925 canapi.
585 3833 673 3905 item
691 3832 728 3904 in
747 3831 866 3904 eadem
886 3831 969 3903 villa
986 3837 1041 3904 est
1065 3832 1245 3923 praedium
1272 3833 1411 3905 unicum
1437 3833 1599 3924 militare,
1625 3832 1669 3905 de
1687 3834 1784 3907 cuius

234 3956 328 4046 agris
355 3955 503 4028 solvitur
530 3954 663 4029 decima
678 3952 905 4042 manipularis
924 3953 1089 4025 ecclesiae
1108 3954 1144 4024 in
1170 3953 1193 4026 J
1202 3975 1538 4047 asszyenyecz;
1565 3955 1650 4027 item
1667 3956 1784 4028 taber-

233 4095 308 4166 nae3
334 4076 419 4148 item
445 4075 675 4149 hortulaniae.
700 4073 789 4145 item
816 4072 973 4163 praelata
998 4074 1197 4165 praebenda
1223 4074 1364 4148 domum
1388 4076 1495 4148 habet
1520 4076 1620 4150 iuxta
1645 4076 1784 4167 domum

234 4197 426 4288 praepositi
452 4203 489 4269 et
513 4194 733 4287 praebendae
759 4193 967 4266 bukowska

338 4317 426 4390 Item
453 4317 610 4410 praefata
636 4313 836 4409 praebenda
860 4320 981 4390 taxata
1007 4315 1133 4389 estad
1151 4370 1319 4389 .......

512 4580 677 4661 lllcnrie
712 4569 872 4686 primae
906 4537 1178 4685 praebendae
1208 4578 1524 4663 Tarnoviensis.

337 4802 426 4873 Item
461 4800 618 4891 praefata
651 4800 852 4894 praebenda
877 4800 911 4874 S.
936 4800 1072 4875 Mariae
1107 4802 1152 4876 de
1176 4800 1301 4879 Castro
1336 4801 1449 4895 prima
1482 4803 1591 4877 babet
1616 4804 1786 4877 cicadam

234 4927 437 5014 perpetuam
464 4922 500 4993 in
527 4922 673 4994 ecclesia
700 4922 940 5013 Tarnoviensi,
967 4923 1065 4997 cuius
1091 4924 1277 4998 canonicus
1303 4944 1368 5015 pro
1400 4928 1558 5016 tempore
1583 4924 1706 4999 unium
1729 4924 1787 4998 'est

169 5042 173 5047 ’
233 5043 381 5116 collator
407 5048 444 5115 et
468 5047 647 5136 patronus,
673 5063 777 5139 quam
803 5063 894 5119 nunc
919 5048 1017 5120 tanet
1033 5096 1202 5119 .......
1297 5130 1299 5135 ,
1671 5034 1674 5039 ’
