4050 6054
232 335 306 407 574

229 540 484 633 praesentandi,
511 541 712 623 conditione
737 548 775 614 et
799 538 1045 631 impedimento
1071 542 1322 647 quolioetjnon
1347 543 1519 614 obstante.
1544 543 1586 613 ln
1615 543 1721 615 cuins
1738 542 1797 615 rci

230 661 465 735 testimonium
493 667 651 732 nostrum
668 668 705 731 et
723 662 866 751 capituli
892 662 1006 733 nostri
1027 652 1282 775 praenominpti
1306 662 1423 753 sigilla
1440 664 1690 753 praesentibus
1707 670 1797 735 sunt

232 803 393 874 appensa.
437 781 567 852 Datum
593 781 798 872 Crocouiae,
835 782 922 867 teria
948 789 1048 853 sexta
1082 790 1163 873 post
1187 782 1316 855 festum
1341 782 1460 855 Sancti
1487 782 1667 874 Stanislai,
1694 804 1794 857 anno

231 903 412 975 millesimo
440 903 780 992 quadringentesimo
807 904 1071 993 quadragesimo
1090 911 1222 974 octavo.
1249 903 1497 976 Praesentibus
1524 904 1794 977 venerabilibus

233 1034 270 1096 et
285 1022 548 1095 honorabilibus
566 1023 732 1094 Dominis:
745 1024 892 1094 Dersloo
907 1025 949 1094 de
977 1024 1125 1114 Borzy
1136 1045 1241 1096 mou·
1267 1024 1486 1096 decretorum
1504 1026 1648 1097 doctore
1671 1026 1794 1097 arcbi-

231 1146 398 1232 diacono,
432 1142 565 1214 Jacobo
595 1144 637 1214 de.
664 1144 835 1215 Sienno
867 1146 1086 1234 praeposito,
1122 1144 1257 1215 Joanne
1284 1145 1327 1216 de
1354 1145 1528 1235 Elgotb
1565 1145 1792 1235 scholastico,

233 1265 377 1336 Nicoluo
407 1264 643 1353 Zbignieu
671 1271 821 1353 cariture,
839 1265 1054 1337 decretorum
1074 1265 1282 1354 doctoribus,
1299 1265 1434 1336 Joanne
1452 1264 1794 1359 Grusczynsky

232 1384 394 1473 custode,
433 1384 567 1455 Adamo
603 1385 645 1455 do
681 1385 865 1457 Radlou'
905 1385 1122 1456 decretorum
1162 1386 1320 1474 doctore,
1360 1385 1466 1457 Petro
1506 1385 1704 1459 vexillifero
1745 1386 1793 1458 de

234 1505 590 1593 ll'rocinronice,
625 1506 771 1575 Dorsluo
799 1506 841 1575 de
867 1506 1230 1595 lirnpzanonice
1267 1507 1465 1595 praeposito
1501 1505 1681 1578 Vislicien.
1716 1527 1794 1577 ma·

232 1630 344 1717 gistro
371 1625 502 1697 Jacobo
529 1602 841 1717 Zaborouslrp·
868 1627 1085 1698 decretorum
1112 1627 1265 1715 doctore,
1292 1627 1469 1716 Rapbaele
1495 1628 1539 1699 de
1565 1627 1794 1699 Slrawiua

235 1750 432 1840 praeposito
459 1747 664 1835 liieleiensi,
700 1746 874 1818 Stnnisloo
902 1748 944 1818 dc
972 1748 1184 1819 Sobniou
1220 1749 1419 1837 praeposito
1447 1748 1673 1839 Tridentino,
1710 1748 1794 1821 Gle-

235 1866 1794 1961 mentedoNnu'oion·a‚JoarnrcDziekarrou·szlr5,JoanneTarnowszlry,

235 1990 402 2079 magistro
439 1990 570 2060 Tlroma
606 1988 648 2057 do
685 1986 981 2077 Strzampino
1017 1988 1213 2078 theologiae
1248 1995 1284 2058 et
1318 1990 1405 2059 iuris
1440 1989 1596 2061 canonici
1631 1988 1793 2080 doctore,

235 2111 395 2182 Jobnnne
421 2108 656 2198 Dlugosob
684 2108 837 2197 custode,
855 2108 962 2180 Petro
989 2108 1154 2179 Czesla
1180 2109 1222 2179 dc
1246 2108 1443 2179 Krokow
1469 2116 1623 2199 cantore,
1641 2109 1794 2182 Nicolao

236 2231 279 2301 de
314 2230 484 2301 Sienno
529 2229 734 2300 scholastico
773 2228 961 2299 ll'islieien.
1001 2234 1037 2299 et
1072 2228 1223 2299 Henrieo
1258 2230 1303 2300 de
1337 2229 1506 2300 Radom
1541 2230 1794 2303 archidiacono

236 2351 486 2424 Sandomirien.
511 2350 678 2439 praelatis
701 2356 737 2421 et
759 2351 932 2422 carronicis
950 2350 1114 2425 eeclesiae
1138 2356 1276 2423 nostrae
1299 2349 1537 2423 Gracoriensis
1562 2350 1796 2440 praelibatae.

767 2901 1257 3016 oPPolTol'lnnsn‘.

255 3153 487 3235 Ecclesiam
520 3155 785 3259 collegiatam
818 3154 1190 3259 Oppatovicnscnr‚
1224 3153 1366 3234 Sancti
1401 3152 1568 3273 Martini
1600 3152 1778 3235 coniac-

265 3297 378 3373 soris
410 3301 454 3375 et
485 3297 696 3400 pontilicis
729 3296 902 3398 gloriosi
935 3292 1114 3373 dicatam
1149 3294 1312 3393 honori,
1345 3294 1385 3371 in
1418 3297 1574 3373 octavo
1601 3292 1772 3374 Sanda-

446 3436 592 3513 czcnsi
626 3432 864 3513 immediate
897 3431 1188 3513 subiciendam
1220 3453 1426 3536 ponemus
1460 3433 1580 3531 locc;

239 3577 340 3638 retus
366 3569 458 3639 enim
485 3582 520 3639 et
547 3569 624 3658 ipsa
650 3569 795 3640 ecelesia
822 3578 887 3657 est,
913 3580 949 3639 et
968 3589 1037 3637 una
1054 3588 1098 3637 ex
1115 3567 1249 3657 priscis,
1276 3587 1388 3656 quam,
1415 3587 1459 3636 ex
1485 3587 1553 3655 quo
1578 3566 1796 3655 gentilitatis

238 3701 272 3759 et
302 3689 485 3760 idolatriae
512 3691 671 3779 deposito
698 3712 836 3779 errore,
863 3690 906 3759 ad
934 3690 1123 3779 puritatem
1157 3687 1368 3759 christ-ianae
1403 3687 1583 3776 religionis
1618 3707 1796 3761 conversa

239 3809 458 3899 Polonorunr,
485 3813 559 3883 sire
586 3833 705 3901 regum
733 3820 792 3881 aut
819 3812 1023 3901 principum,
1049 3809 1123 3881 sire
1148 3808 1350 3899 pontificum
1377 3818 1439 3879 aut
1466 3820 1686 3898 satraparum
1711 3808 1796 3881 frm-

239 3931 336 4002 darit
362 3933 564 4023 antiquitas.
608 3933 830 4003 l'etustntem
866 3940 982 4002 antem
1009 3932 1102 4019 eius,
1136 3931 1168 4000 si
1194 3930 1264 4001 alia
1290 3930 1469 4015 deessent,
1505 3931 1609 4000 etiam
1646 3930 1796 4003 muralis

238 4052 381 4141 fulmina,
407 4076 484 4125 cunr
511 4067 545 4125 et
573 4066 708 4144 petrum
735 4054 880 4144 pulebro
907 4074 1013 4143 opere
1040 4059 1311 4141 surnptnosoque
1337 4051 1432 4122 intus
1454 4062 1490 4121 et
1507 4052 1552 4122 ab
1578 4058 1681 4121 extra
1706 4072 1798 4141 qu&

240 4172 377 4245 drntam
403 4176 550 4265 babeat,
577 4188 732 4247 ueterum
759 4175 931 4247 amitinum
958 4174 1171 4246 elaboratam
1199 4173 1353 4261 ingenio,
1379 4180 1415 4242 et
1442 4173 1478 4241 in
1505 4172 1618 4242 erneis
1644 4171 1796 4261 liguram

241 4296 314 4366 sire
341 4297 489 4387 modum,
516 4298 678 4369 blandam
705 4311 740 4369 et
768 4297 930 4368 deuotam
956 4296 1168 4367 intrantibus
1195 4293 1356 4365 redolens
1382 4292 1518 4381 taciem,
1545 4294 1592 4363 sit
1618 4300 1798 4385 contexta,

240 4417 423 4490 editiorem
451 4421 593 4509 insuper
620 4420 745 4490 sortita
772 4420 887 4489 sitnm.
914 4418 954 4488 ln
981 4416 1109 4507 oppido
1136 4414 1301 4504 frugifero
1328 4426 1364 4485 et
1391 4415 1492 4485 uberi
1517 4423 1634 4485 terrae
1659 4412 1798 4488 Sando-

242 4539 414 4611 miriensis
449 4542 665 4613 meditulium
701 4550 860 4630 tenente,
897 4539 990 4630 quood
1020 4537 1182 4628 frequens
1218 4536 1336 4607 incolit
1373 4536 1538 4625 populus,
1574 4543 1610 4606 et
1637 4535 1674 4607 in
1699 4536 1799 4628 quod

241 4681 463 4734 numerosum
490 4665 665 4754 percurrit
690 4664 823 4751 lorum,
857 4672 910 4733 est
937 4661 1072 4743 locatn,·
1109 4660 1208 4731 iseile
1241 4658 1329 4728 alius
1356 4656 1596 4729 Craeoriensis
1623 4657 1798 4731 dioecesis

241 4781 443 4872 collegiatas
470 4787 652 4861 eeclesias.
679 4786 805 4876 quibus
831 4785 913 4855 dote
941 4782 1085 4853 interior
1111 4789 1174 4853 est.
1201 4781 1272 4850 situ
1298 4788 1446 4869 aequat,
1481 4778 1527 4849 ad
1552 4777 1799 4851 sufficientiam

241 4904 375 4975 babens
409 4906 504 4978 sacili
539 4922 694 4982 mereatu
729 4906 911 4995 victualia,
946 4916 981 4976 et
1009 4912 1145 4994 petram
1173 4903 1247 4973 sire
1282 4902 1376 4992 ligna
1403 4900 1450 4973 ad
1474 4920 1581 4991 opera
1616 4899 1799 4990 quaelibet

241 5033 444 5121 excitanda,
479 5053 582 5123 quam
609 5031 766 5104 nonnulli
791 5040 953 5101 astruere
979 5026 1100 5098 solunt
1125 5024 1322 5115 regularem
1347 5022 1523 5114 quondam
1546 5020 1664 5111 luisse,
1689 5040 1800 5113 argu·

242 5164 395 5226 mentum
423 5159 599 5225 sumentes
624 5173 667 5223 ex
694 5173 755 5241 eo,
791 5149 885 5241 quod
910 5148 1042 5219 iabrieu
1068 5148 1143 5217 eius
1170 5144 1431 5216 similitudinem
1467 5142 1580 5215 erneis
1604 5142 1736 5215 babeat
1760 5150 1802 5217 ct

245 5276 555 5357 incoenobiorum
589 5292 742 5369 morem²
774 5292 895 5343 eorum
930 5269 1095 5359 maxime,
1133 5288 1221 5358 quae
1248 5266 1476 5357 Benedictina
1502 5272 1536 5339 et
1562 5262 1801 5343 eistetensis
