4050 6054
305 441 378 513 496

304 647 528 739 manipularis
555 647 718 719 canonico
746 653 890 738 quartae
916 644 1143 738 praebendae,
1163 651 1199 718 et
1216 644 1347 719 ducunt
1374 665 1450 717 eam
1473 644 1673 717 emethonee
1701 643 1855 737 propriis

304 768 462 840 curribus
480 768 516 837 in
532 768 697 838 horreum
715 787 737 837 a
754 768 917 838 canonico
944 766 1136 854 locandum,
1164 766 1261 837 euius
1287 766 1386 838 valor
1412 765 1618 837 aestimatur
1644 765 1690 836 ad
1705 765 1857 837 mediam

304 910 464 959 marcam.
491 888 578 958 Item
605 889 781 978 tabernae,
808 889 891 959 item
918 887 1146 977 hortulaniae,
1173 888 1258 958 item
1283 886 1473 975 praedium.
1522 938 1524 942 -

407 1008 555 1080 Wourn
580 1008 910 1097 Mnsznezowsuu,
948 1009 1011 1078 sub
1039 1008 1206 1097 parochia
1241 1009 1404 1078 ecclesiae
1441 1007 1483 1077 de
1519 1007 1855 1098 Damhowyeez

304 1134 381 1218 sita,
409 1131 505 1200 euius
531 1129 655 1200 haeres
682 1129 865 1200 Janussius
892 1128 1162 1218 Jeszowslry
1190 1129 1232 1199 de
1259 1129 1365 1199 armis
1393 1127 1573 1217 Strepe,
1601 1129 1637 1202 in
1665 1148 1733 1218 qua
1751 1148 1856 1217 prae-

304 1251 398 1321 dium
425 1251 662 1321 tentummodo
690 1251 837 1339 unicum,
864 1250 907 1320 de
935 1271 1001 1340 quo
1029 1249 1162 1319 decima
1188 1250 1413 1340 manipularis
1441 1249 1596 1319 solvitur.

409 1370 635 1460 Tunneuow,
663 1369 746 1440 villa
772 1371 836 1440 sub
863 1370 1029 1459 parochia
1055 1370 1218 1441 ecclesiae
1246 1370 1289 1440 de
1317 1369 1615 1461 Tsozenycza
1640 1369 1727 1458 sita,
1755 1368 1855 1440 cuius

304 1492 501 1581 proprietas
533 1497 569 1561 et
596 1491 784 1562 dominium
819 1491 864 1561 ad
891 1491 1147 1568 serenissimum
1182 1489 1347 1561 Pelopiae
1383 1511 1517 1580 regem,
1553 1490 1631 1560 sed*
1651 1494 1774 1560 tenuta
1808 1488 1856 1559 ad

304 1613 455 1684 nobilem
481 1612 676 1683 Iohannem
703 1609 924 1683 Gamrath
961 1611 1003 1681 (10
1031 1613 1135 1682 armis
1168 1611 1370 1681 Saulima
1405 1612 1574 1700 pertinet,
1612 1612 1647 1680 in
1675 1631 1743 1701 qua
1770 1615 1856 1681 sunt

304 1733 396 1804 lanei
423 1733 673 1822 emethonales,
700 1734 744 1804 de
771 1733 895 1823 quibus
921 1733 1069 1804 solvitur
1096 1732 1228 1802 decima
1255 1732 1489 1821 manipularis,
1516 1737 1553 1802 et
1579 1731 1748 1802 inducunt
1775 1725 1854 1802 eam

305 1855 503 1926 emethones
537 1855 573 1924 in
600 1855 764 1925 horreum
795 1875 817 1924 a
843 1855 1008 1925 canonico
1045 1853 1226 1924 locandum
1262 1858 1296 1923 et
1323 1854 1421 1924 valor
1457 1854 1661 1923 aestimatur
1697 1852 1771 1922 eius
1807 1844 1856 1922 ad

305 1974 390 2045 duas
416 1994 560 2044 mareas.
587 1973 675 2044 Item
702 1975 878 2064 tabernae,
905 1975 988 2045 item
1015 1974 1244 2062 hortulaniae,
1272 1973 1355 2044 item
1371 1973 1571 2063 praedium.

408 2094 640 2183 Hnnrnown,
667 2094 760 2184 villa,
786 2096 919 2166 habens
945 2095 981 2164 in
1003 2116 1039 2165 se
1058 2093 1237 2165 ecelesiam
1263 2095 1505 2183 parochialem,
1532 2095 1628 2164 euius
1654 2093 1857 2183 proprietas
1888 2128 1898 2141 =

305 2223 341 2288 et
365 2216 556 2309 ,dominium
583 2216 627 2286 ad
655 2216 930 2286 serenissimum
946 2214 1112 2286 Poloniae
1138 2235 1255 2303 regem
1291 2217 1461 2304 pertinet,
1495 2215 1532 2286 in
1559 2236 1627 2304 qna
1653 2219 1735 2286 sunt
1761 2214 1856 2284 lanei

305 2336 548 2424 emethenales3
575 2338 659 2407 item
686 2341 741 2408 est
768 2337 817 2406 ibi
843 2335 1076 2406 molendinum
1102 2336 1234 2406 habens
1262 2356 1364 2424 agros
1390 2335 1500 2424 latos,
1527 2336 1569 2407 (10
1597 2336 1721 2424 quibus
1749 2334 1857 2406 solvi-

304 2463 362 2527 tur
389 2457 522 2528 decima
547 2457 789 2546 manipularis,
826 2457 923 2527 c'uius
951 2456 1050 2527 valor
1085 2457 1291 2527 aestimatur
1326 2457 1370 2527 ad
1397 2478 1501 2527 unum
1537 2456 1717 2528 fertonem.
1739 2455 1855 2526 Item

303 2579 480 2666 tabernae,
506 2577 590 2647 item
617 2577 846 2668 hortulaniae,
874 2579 957 2649 item
985 2577 1173 2668 praedium.

338 2839 538 2921 Decimae
570 2839 804 2920 tertonales
839 2840 1016 2920 latorum
1049 2861 1298 2944 pressorum
1332 2846 1508 2942 quartae
1537 2838 1822 2944 praebendae.

410 3063 598 3151 Ynscunn,
625 3063 708 3134 villa
736 3063 800 3133 sub
826 3062 993 3152 parochia
1019 3063 1184 3134 ecclesiae
1212 3063 1254 3133 de
1274 3117 1441 3133 .......
1468 3063 1544 3152 sita,
1572 3063 1668 3133 cuius
1695 3063 1857 3154 proprie-

305 3190 359 3254 tas
386 3189 422 3254 et
449 3162 635 3254 dominium
663 3183 707 3253 ad
734 3184 886 3254 nobilem
904 3237 1067 3253 .......
1095 3183 1138 3254 (10
1165 3184 1269 3254 armis
1289 3238 1485 3254 ........
1511 3184 1684 3273 pertinet,
1719 3184 1756 3255 in
1783 3203 1855 3273 qna

304 3310 387 3374 sunt
404 3304 497 3374 lanei
514 3304 765 3394 emethonales,
793 3304 835 3374 de
863 3316 1008 3393 qnorum
1036 3305 1190 3395 quolibet
1209 3305 1355 3376 solvitur
1373 3326 1461 3376 unus
1479 3304 1568 3375 ferto
1586 3305 1737 3375 latorum
1753 3324 1857 3394 gros·

304 3446 420 3496 sorum
434 3423 660 3514 Pragensium
686 3427 850 3497 canonico
878 3431 1023 3515 quartae
1049 3425 1269 3515 praebendae
1296 3445 1359 3513 pro
1387 3419 1529 3497 deeinia.
1556 3425 1645 3496 Item
1663 3425 1855 3514 praedium.

409 3543 603 3635 Gouzrezn,
630 3547 714 3618 villa
740 3548 803 3617 sub
826 3547 992 3635 parochia
1019 3547 1183 3617 ecelesiae
1211 3546 1253 3616 (10
1279 3545 1405 3637 Lyay
1424 3602 1431 3616 .
1451 3602 1459 3618 .
1478 3601 1512 3616 ..
1540 3546 1621 3635 sita,
1648 3547 1746 3617 cuius
1771 3567 1856 3636 pro·

304 3668 435 3757 prietes
462 3676 498 3739 et
525 3667 713 3739 dominium
740 3668 785 3737 ad
811 3667 961 3738 nobilem
980 3722 1121 3737 ......
1148 3668 1190 3738 (10
1218 3669 1323 3738 ermis
1343 3722 1504 3739 .......
1532 3669 1692 3759 pertinet,
1720 3667 1757 3737 in
1784 3688 1855 3758 qua

305 3796 387 3859 sunt
405 3789 497 3859 lanei
515 3788 766 3877 emethonaleS,
794 3788 836 3859 de
864 3809 1009 3878 quorum
1029 3787 1183 3878 quolibet
1203 3789 1351 3859 solvitur
1373 3809 1461 3860 uinus
1479 3789 1568 3861 ferto
1587 3789 1736 3860 latorum
1753 3808 1855 3878 gros-

305 3930 422 3981 sorum
435 3907 662 3998 Pragensium
689 3909 853 3980 canonico
881 3914 1026 3998 quartae
1053 3909 1271 3998 praebendae
1298 3930 1361 3998 pro
1389 3909 1530 3980 decima.
1556 3908 1644 3979 Item
1663 3909 1854 3997 praedium.

408 4028 644 4119 Murenam,
679 4030 763 4100 villa
799 4031 863 4100 sub
890 4031 1057 4118 parochia
1091 4029 1255 4100 ecelesiae
1283 4030 1326 4100 de
1361 4029 1489 4102 Nova
1523 4028 1551 4099 Z
1560 4028 1739 4119 migrod
1757 4030 1854 4118 situ,
1918 4100 1925 4107 ,

304 4152 401 4223 cuius
428 4152 625 4240 proprietas
652 4157 689 4222 et
715 4151 903 4221 dominium
930 4150 975 4221 ad
1002 4151 1257 4221 serenissimum
1283 4150 1449 4222 Poloniae
1475 4171 1593 4240 regem
1618 4151 1789 4240 pertinet,
1815 4132 1854 4221 iu

305 4293 372 4362 qua
398 4277 481 4341 sunt
506 4272 598 4341 lanei
625 4271 877 4360 emethonaleS,
914 4270 956 4340 de
984 4292 1129 4361 quorum
1156 4270 1311 4361 quolibet
1346 4271 1492 4342 solvitur
1527 4292 1616 4341 unus
1642 4271 1734 4342 ferto
1763 4270 1854 4355 lato·

304 4413 381 4464 rum
406 4414 607 4482 grossorum
634 4392 799 4463 canonico
826 4396 970 4481 quartae
997 4391 1215 4479 praebendae
1243 4413 1305 4482 pro
1334 4392 1476 4463 decima.
1502 4391 1591 4462 Item
1619 4390 1808 4480 praedIum.

408 4511 647 4601 Gunanurnn,
673 4512 758 4583 villa
785 4513 848 4583 sub
876 4512 1041 4601 parochia
1067 4513 1232 4583 ecclesiae
1259 4512 1302 4583 de
1329 4567 1472 4584 ......
1485 4542 1499 4583 ·.
1526 4512 1610 4601 sita,
1648 4512 1746 4583 euim
1772 4532 1853 4603 pro-

303 4634 435 4724 prietas
462 4639 498 4704 et
525 4633 713 4704 dominium
740 4632 784 4702 ad
811 4633 961 4703 nobilem
980 4688 988 4702 .
1007 4687 1015 4703 .
1033 4687 1041 4702 .
1114 4688 1121 4702 .
1141 4687 1175 4703 ..
1203 4633 1245 4702 de
1272 4635 1378 4703 armis
1398 4687 1593 4703 ........
1619 4633 1789 4721 pertinet,
1816 4633 1852 4704 in

304 4776 373 4845 qua
400 4759 481 4825 sunt
507 4753 599 4824 lanei
627 4752 877 4842 emethonales,
913 4753 956 4823 (10
984 4774 1132 4843 quorum
1159 4753 1315 4843 quolibet
1350 4755 1495 4829 solvitur
1530 4772 1618 4823 unus
1645 4751 1735 4824 ferto
1762 4752 1852 4824 lato·

301 4896 378 4946 rum
413 4894 614 4964 grossorum
649 4872 877 4964 Pragensinm
913 4873 1129 4944 canonicatui
1165 4880 1311 4964 quartae
1347 4874 1565 4963 praebendae
1604 4894 1669 4964 pro
1706 4873 1850 4944 decima

303 4996 393 5068 Item
418 4995 608 5087 praedium.
646 4980 651 4987 ’

407 5117 588 5188 Sarouon
615 5115 745 5205 Nove,
773 5115 955 5207 oppidum,
983 5114 1114 5186 habens
1141 5115 1176 5186 in
1204 5137 1241 5187 se
1268 5116 1449 5189 ecelesiam
1475 5103 1725 5206 parochialem,
1753 5115 1851 5186 cuius

303 5238 471 5311 haeredes
489 5238 622 5310 nobiles
644 5237 882 5309 Iohannes
909 5236 952 5307 de
971 5236 1072 5306 darno
1089 5237 1349 5329 Druszyny,
1376 5243 1413 5308 et
1429 5237 1607 5309 Iohannes
1625 5242 1730 5327 atque
1749 5234 1852 5307 Crze·

303 5360 397 5431 slaus
424 5360 466 5431 de
495 5360 706 5450 Woycza,
742 5359 784 5430 (10
816 5360 922 5430 armis
948 5357 1180 5449 Powalya,
1217 5360 1252 5429 in
1281 5380 1348 5449 qno
1375 5366 1457 5430 sunt
1492 5359 1583 5430 lanei
1610 5357 1853 5450 emethonales,
