4050 6054
233 441 306 539 qne

232 654 310 719 octo
336 645 436 735 lanei,
464 644 499 716 in
527 642 681 715 interiori
709 640 903 735 quindecim
931 648 967 715 et
994 662 1063 714 una
1080 642 1190 732 uirga,
1208 649 1245 715 et
1264 643 1410 733 quilibet
1427 644 1568 715 ratione
1588 641 1808 725 missalium,

231 768 317 837 alias
344 767 379 836 in
405 766 542 855 uulgari
571 788 701 835 irroszne
723 766 858 836 soluere
876 770 1016 836 tenetur
1032 766 1295 854 praepositurae
1313 765 1577 835 Thamonieusi
1599 764 1648 835 de
1668 763 1806 853 duplici

230 907 338 977 grano
374 906 462 977 puro
498 906 601 957 unam
635 906 832 957 mensuram
868 885 1016 974 siliginis
1050 891 1086 956 et
1113 885 1215 955 aliam
1242 906 1373 957 arenae
1399 906 1587 957 mensurae
1617 884 1806 975 aequalis3

231 1008 364 1078 decima
388 1006 569 1078 lertonalis
596 1007 744 1077 latorum
770 1027 970 1097 grossorum
997 1027 1061 1095 pro
1089 1007 1250 1096 episcopo
1278 1061 1285 1076 .
1313 1062 1320 1076 .
1348 1062 1391 1077 ..
1428 1008 1514 1078 item
1553 1008 1591 1078 in
1622 1006 1803 1078 suburbio

151 1184 159 1193 .
231 1126 353 1198 maiori
390 1132 444 1197 est
479 1127 616 1217 quidam
654 1147 755 1216 ager,
783 1128 842 1217 qui
868 1146 959 1196 nunc
986 1147 1007 1196 a
1035 1181 1042 1195 .
1070 1181 1077 1195 .
1105 1180 1112 1196 .
1141 1181 1148 1195 .
1175 1126 1427 1198 Gznihliez
1455 1128 1530 1197 cire
1558 1125 1806 1199 Tameniensi

230 1247 448 1338 possidetur,
476 1247 519 1317 de
546 1269 614 1337 quo
641 1248 904 1337 praepositurae
932 1246 1159 1318 Tamoriensi
1187 1248 1335 1318 solvitur
1361 1269 1425 1337 pro
1452 1247 1588 1319 decima
1617 1246 1804 1339 pecuniali

231 1388 319 1439 unus
346 1366 436 1438 serto
462 1368 611 1437 latorum
639 1388 839 1455 grossorum
866 1367 1093 1457 Pragensium
1122 1372 1183 1438 aut
1210 1369 1285 1438 eius
1312 1369 1418 1439 valor.

301 1522 304 1527 ·
336 1486 559 1575 Gannnnrm,
586 1486 727 1558 inferius
756 1488 958 1559 suburbium
986 1487 1228 1577 Tanroriense,
1251 1490 1336 1559 villa
1352 1489 1416 1560 sub
1435 1489 1605 1578 parochia
1625 1490 1805 1562 ecclesiae

231 1610 275 1680 de
311 1608 536 1679 Tharnen
572 1609 658 1697 sita,
685 1609 783 1678 euius
819 1609 1016 1698 proprietas
1044 1615 1080 1679 et
1107 1609 1295 1679 dominium
1324 1610 1368 1680 ad
1395 1608 1591 1681 Johannem
1619 1610 1733 1682 Felix
1760 1610 1805 1681 de

233 1729 455 1800 Tharnen
481 1729 651 1818 pertinet,
679 1729 714 1797 in
742 1735 919 1818 quaeunt
946 1729 1141 1819 quindecim
1168 1730 1260 1799 lanei
1288 1735 1323 1800 et
1351 1751 1420 1801 una
1446 1731 1562 1821 uirga,
1590 1730 1639 1802 de
1668 1732 1805 1823 quibus

233 1850 390 1921 omnibus
418 1849 564 1920 solvitur
590 1849 722 1919 decima
748 1848 928 1920 sortenalis
955 1851 1217 1939 pro'episeopo,
1237 1850 1279 1920 (19
1306 1849 1570 1941 quolibet'ierte
1588 1874 1688 1923 unus
1707 1853 1806 1923 late-

232 1993 308 2042 rum
335 1991 555 2061 grosserum3
582 1990 645 2059 pro
672 1971 870 2060 praeposito
898 1991 980 2041 nero
1008 1991 1078 2040 una
1103 1992 1265 2041 mensura
1291 1973 1437 2061 siliginis
1462 1973 1633 2043 etaltera
1651 1994 1804 2045 arenae.

336 2091 561 2179 Zscrrnnnrn,
589 2091 671 2161 villa
698 2092 762 2161 sub
788 2092 955 2179 parochia
982 2092 1146 2162 ecclesiae
1174 2091 1216 2162 (19
1244 2091 1468 2163 Tharnen
1495 2093 1572 2182 sita,
1592 2094 1697 2165 cuius
1717 2114 1806 2186 pro·

234 2213 365 2303 prietes
392 2217 428 2282 et
454 2211 593 2300 plenum
620 2211 808 2281 dominium
835 2211 879 2281 ad
905 2211 1099 2283 Jolrannem
1127 2213 1223 2282 Felix
1252 2212 1294 2282 (19
1318 2213 1541 2284 Tharnen
1566 2216 1745 2305 pertinet,
1764 2216 1803 2285 in

234 2354 303 2423 qua
329 2336 410 2402 sunt
436 2351 495 2401 sex
520 2331 622 2421 lanei,
650 2331 693 2401 dc
721 2332 845 2420 quibus
872 2332 1018 2402 solvitur
1045 2332 1179 2402 decima
1204 2331 1383 2404 fertonalis
1411 2334 1446 2404 in
1472 2334 1552 2404 latis
1570 2336 1713 2423 gressis
1733 2356 1803 2427 pro

233 2454 395 2543 episcopo
423 2450 661 2541 Oraceviensi3
688 2472 751 2541 pro
778 2453 978 2541 praeposito
1006 2473 1089 2523 vero
1116 2473 1277 2523 mensura
1296 2453 1443 2543 siliginis
1462 2454 1629 2525 etaltera
1649 2476 1802 2527 avenae.

349 2571 577 2662 Gunrnrsrrn,
614 2573 697 2642 uilla
736 2574 801 2644 sub
836 2574 1001 2662 parochia
1018 2606 1021 2611 ·
1036 2573 1200 2643 eeclesiae
1234 2575 1277 2644 de
1314 2574 1535 2646 Tharnen
1569 2576 1661 2665 sita,
1695 2578 1802 2648 cuius

235 2694 433 2784 proprietas
470 2701 506 2763 et
541 2693 728 2764 dominium
763 2695 807 2764 ad
842 2679 1035 2764 Johannern
1072 2694 1207 2764 Amor
1234 2694 1277 2764 de
1305 2694 1530 2767 Tharnen
1557 2697 1800 2769 castellanum

235 2814 536 2905 Weynicricnsem
562 2815 724 2903 pertinet,
750 2813 786 2883 in
815 2822 964 2903 quaest
991 2814 1169 2904 praedium
1197 2815 1363 2904 optimum
1390 2816 1541 2887 militare
1567 2818 1725 2908 unicum,
1754 2818 1801 2889 de

236 2937 333 3006 cuius
360 2936 453 3024 agris
480 2935 627 3004 solvitur
654 2934 787 3004 decima
813 2935 1038 3024 mauiprdarr's
1065 2935 1326 3024 praepositurae
1354 2935 1598 3027 Tarneviensi,
1627 2944 1666 3009 et
1695 2939 1800 3009 valor

236 3056 310 3125 eius
346 3055 550 3125 aestimatur
585 3052 773 3124 addacem
800 3073 943 3124 mareas,
983 3055 1069 3125 Item
1096 3055 1132 3125 in
1159 3055 1278 3125 eadem
1306 3056 1389 3125 villa
1416 3054 1683 3155 Gumnyslra
1711 3064 1799 3129 sunt

237 3182 387 3264 quatuor
412 3175 503 3244 lanei
530 3180 567 3244 et
594 3174 681 3245 duae
708 3175 827 3263 virgae
854 3174 1095 3263 emethenales,
1122 3180 1158 3244 et
1185 3175 1330 3264 quilibet
1348 3177 1609 3265 praepositurae
1629 3176 1798 3249 Tharne-

237 3296 347 3368 riensi
382 3316 446 3385 pre
484 3295 680 3365 missalibus
717 3295 803 3364 alias
838 3316 972 3364 rrecszne
1006 3295 1049 3364 (19
1076 3315 1163 3384 puro
1190 3316 1299 3383 grano
1327 3296 1432 3367 solvit
1459 3317 1561 3366 unam
1589 3318 1797 3369 mensuram

237 3415 413 3505 aequalem
450 3415 597 3505 siliginis
634 3421 670 3485 et
706 3436 809 3486 unam
847 3435 977 3485 avenae
1002 3435 1183 3486 mensurae
1210 3415 1466 3487 Tarnoviensis.
1511 3417 1599 3489 Item
1627 3424 1715 3489 sunt
1743 3419 1796 3491 ibi

239 3541 387 3625 quatuor
413 3535 642 3624 hortulaniae,
670 3541 706 3605 et
732 3541 806 3606 tres
833 3536 973 3606 solvunt
998 3556 1062 3625 pro
1089 3537 1287 3625 praeposite
1306 3557 1370 3625 per
1388 3537 1474 3608 duos
1492 3556 1644 3628 grossos,
1663 3544 1797 3628 quarta

238 3676 321 3727 vcro
348 3676 453 3726 unum
479 3677 638 3745 gressum
665 3676 729 3745 pre
757 3656 972 3744 missalibus,
1000 3656 1082 3727 item
1102 3657 1268 3727 decimam
1285 3655 1500 3748 fertenalem,
1519 3658 1667 3748 quilibet
1685 3659 1797 3731 solvit

238 3798 300 3867 pre
327 3777 487 3866 episcopo
513 3798 619 3848 unum
646 3775 814 3847 fertonem
841 3776 990 3847 latomm
1016 3796 1224 3867 grossorum.

341 3897 482 3967 Poura.
509 3896 598 3967 item
624 3918 666 3967 err
693 3897 813 3987 pratis,
842 3915 930 3986 quae
948 3897 1120 3985 quendam
1138 3902 1238 3968 erant
1255 3898 1471 3969 dominorum
1490 3897 1533 3969 de
1553 3897 1795 3989 Tharnen,

237 4016 320 4088 facti
346 4022 427 4088 sunt
453 4017 537 4106 agri,
556 4022 592 4087 et
616 4018 708 4087 inter
733 4016 923 4106 oppidanos
952 4015 1227 4088 Thamovieuses
1255 4018 1443 4108 distributi,
1470 4018 1513 4088 de
1540 4019 1665 4108 quibus
1683 4018 1795 4091 selvi-

239 4145 298 4208 tnr
324 4158 387 4226 pro
415 4137 548 4207 decima
573 4136 773 4227 pecuniaria
798 4137 1061 4227 praepositurae
1089 4137 1340 4209 Tharnoviensi
1367 4159 1436 4210 una
1461 4159 1577 4209 marca
1594 4159 1673 4210 cum
1690 4138 1794 4212 sede-

239 4259 306 4330 cim
333 4258 473 4347 grossis.

343 4378 498 4469 anrsn,
525 4378 609 4450 villa
635 4378 700 4450 sub
726 4377 892 4469 parochia
918 4378 1082 4449 ecclesiae
1109 4379 1151 4450 de
1179 4356 1403 4451 Tharnen
1430 4380 1508 4469 sita,
1536 4380 1632 4451 cuius
1650 4380 1793 4471 propri·

240 4506 315 4570 etas
342 4503 377 4569 et
403 4499 590 4570 dominium
618 4498 662 4569 ad
680 4497 872 4570 iohannem
892 4498 1077 4589 Felicem,
1105 4506 1142 4570 et
1167 4499 1361 4572 Johannem
1388 4500 1523 4571 Amor
1549 4500 1720 4571 haeredes
1746 4500 1793 4573 de

241 4620 465 4691 Tharnen
500 4620 670 4710 pertinet,
698 4620 733 4689 in
769 4640 837 4710 qua
872 4625 954 4689 sunt
980 4619 1098 4690 decern
1125 4626 1161 4691 et
1187 4626 1320 4709 septem
1346 4621 1438 4691 lanei
1463 4620 1718 4709 emethenales,
1745 4620 1792 4693 de

167 4726 180 4742 ‘
241 4741 365 4830 quibus
392 4740 539 4810 solvitur
565 4740 699 4811 decima
724 4739 904 4811 fertenalis
932 4741 967 4809 in
992 4739 1073 4810 letis
1099 4741 1230 4830 grossis
1257 4762 1320 4830 pro
1347 4742 1508 4830 episcopo
1535 4746 1572 4811 et
1597 4760 1662 4829 pro
1687 4760 1792 4831 prae·

240 4861 354 4951 posito
381 4860 608 4933 Tamovionsi
635 4861 678 4931 dc
705 4861 862 4932 emnibus
889 4861 982 4950 agris
1000 4880 1070 4931 una
1086 4880 1203 4931 marca
1220 4861 1356 4932 ratione
1375 4861 1573 4933 missalium.
1600 4860 1792 4933 immanet

240 4981 289 5053 ibi
316 5033 323 5051 .
350 5034 358 5050 .
388 5036 396 5051 .
424 5036 432 5051 .
458 4981 550 5052 lanei
586 4980 838 5069 emetlronales,
866 4981 923 5069 qui
952 4981 1091 5051 solvunt
1118 4981 1285 5051 decimam
1311 4980 1525 5070 pecunialem
1551 4980 1588 5051 in
1615 4980 1790 5053 communi

239 5101 386 5191 pecunia
411 5101 620 5172 monasterie
648 5100 868 5191 Thynieiensi
895 5120 958 5191 per
985 5155 992 5169 .
1020 5154 1027 5171 .
1055 5155 1062 5170 .

344 5220 544 5310 Gerrenn,
571 5220 655 5293 villa
681 5221 745 5292 sub
772 5222 937 5311 parochia
963 5220 1128 5292 ecclesiae
1155 5220 1198 5293 de
1224 5221 1451 5295 Tharnen
1476 5222 1554 5311 sita,
1582 5222 1681 5293 cuius
1706 5242 1789 5313 pre-

243 5341 375 5433 prietas
410 5346 447 5412 et
471 5341 660 5412 dominium
686 5340 729 5411 ad
756 5342 949 5414 Johaunem
976 5340 1110 5413 Amor
1138 5342 1180 5413 (19
1208 5342 1431 5414 Tharnen
1458 5343 1628 5433 pertinet,
1653 5343 1692 5415 iu
1718 5362 1790 5433 qua
