<?xml version="1.0" encoding="UTF-8"?>
<!DOCTYPE html PUBLIC "-//W3C//DTD XHTML 1.0 Transitional//EN"
    "http://www.w3.org/TR/xhtml1/DTD/xhtml1-transitional.dtd">
<html xmlns="http://www.w3.org/1999/xhtml" xml:lang="en" lang="en">
 <head>
  <title>
</title>
<meta http-equiv="Content-Type" content="text/html;charset=utf-8" />
  <meta name='ocr-system' content='tesseract 3.04.00' />
  <meta name='ocr-capabilities' content='ocr_page ocr_carea ocr_par ocr_line ocrx_word'/>
</head>
<body>
  <div class='ocr_page' id='page_1' title='image "./joannisdugoszse00dugoog_0510.png"; bbox 0 0 4050 6054; ppageno 0'>
   <div class='ocr_carea' id='block_1_1' title="bbox 1659 516 1732 591">
    <p class='ocr_par' dir='ltr' id='par_1_1' title="bbox 1659 516 1732 591">
     <span class='ocr_line' id='line_1_1' title="bbox 1659 516 1732 591; baseline 0 -1"><span class='ocrx_word' id='word_1_1' title='bbox 1659 516 1732 591; x_wconf 84' lang='grc'>481</span> 
     </span>
    </p>
   </div>
   <div class='ocr_carea' id='block_1_2' title="bbox 178 713 1764 1774">
    <p class='ocr_par' dir='ltr' id='par_1_2' title="bbox 178 713 1764 1774">
     <span class='ocr_line' id='line_1_2' title="bbox 181 713 1732 812; baseline 0.006 -26"><span class='ocrx_word' id='word_1_2' title='bbox 181 713 456 788; x_wconf 90' lang='lat' dir='ltr'>emethonalibus</span> <span class='ocrx_word' id='word_1_3' title='bbox 492 713 639 789; x_wconf 89' lang='lat' dir='ltr'>solvitur</span> <span class='ocrx_word' id='word_1_4' title='bbox 675 714 807 789; x_wconf 90' lang='lat' dir='ltr'>decima</span> <span class='ocrx_word' id='word_1_5' title='bbox 832 716 1058 808; x_wconf 83' lang='lat' dir='ltr'>manipularis</span> <span class='ocrx_word' id='word_1_6' title='bbox 1094 718 1312 794; x_wconf 87' lang='lat' dir='ltr'>canonicatui</span> <span class='ocrx_word' id='word_1_7' title='bbox 1340 727 1376 793; x_wconf 91' lang='lat' dir='ltr'>ot</span> <span class='ocrx_word' id='word_1_8' title='bbox 1402 721 1620 812; x_wconf 80' lang='lat' dir='ltr'>praebendae</span> <span class='ocrx_word' id='word_1_9' title='bbox 1648 723 1732 796; x_wconf 83' lang='lat' dir='ltr'>Cra-</span> 
     </span>
     <span class='ocr_line' id='line_1_3' title="bbox 181 838 1732 935; baseline 0.005 -27"><span class='ocrx_word' id='word_1_10' title='bbox 181 838 343 928; x_wconf 74' lang='grc' dir='ltr'>99νὶ9991,</span> <span class='ocrx_word' id='word_1_11' title='bbox 371 859 459 927; x_wconf 89' lang='lat' dir='ltr'>quae</span> <span class='ocrx_word' id='word_1_12' title='bbox 477 845 622 910; x_wconf 89' lang='lat' dir='ltr'>vocatur</span> <span class='ocrx_word' id='word_1_13' title='bbox 648 839 1005 931; x_wconf 83' lang='lat' dir='ltr'>Byezanowska.</span> <span class='ocrx_word' id='word_1_14' title='bbox 1032 840 1118 911; x_wconf 84' lang='lat' dir='ltr'>Item</span> <span class='ocrx_word' id='word_1_15' title='bbox 1145 841 1322 933; x_wconf 87' lang='lat' dir='ltr'>praelatus</span> <span class='ocrx_word' id='word_1_16' title='bbox 1341 845 1633 934; x_wconf 88' lang='lat' dir='ltr'>vicepraepositus</span> <span class='ocrx_word' id='word_1_17' title='bbox 1652 866 1732 935; x_wconf 91' lang='lat' dir='ltr'>par-</span> 
     </span>
     <span class='ocr_line' id='line_1_4' title="bbox 178 958 1731 1053; baseline 0.006 -25"><span class='ocrx_word' id='word_1_18' title='bbox 178 959 301 1048; x_wconf 90' lang='lat' dir='ltr'>ticipat</span> <span class='ocrx_word' id='word_1_19' title='bbox 328 958 370 1029; x_wconf 87' lang='lat' dir='ltr'>de</span> <span class='ocrx_word' id='word_1_20' title='bbox 397 960 625 1048; x_wconf 84' lang='lat' dir='ltr'>proventibus</span> <span class='ocrx_word' id='word_1_21' title='bbox 651 960 889 1032; x_wconf 88' lang='lat' dir='ltr'>communibus</span> <span class='ocrx_word' id='word_1_22' title='bbox 917 960 1064 1031; x_wconf 91' lang='lat' dir='ltr'>aliorum</span> <span class='ocrx_word' id='word_1_23' title='bbox 1083 962 1291 1033; x_wconf 86' lang='lat' dir='ltr'>vicariorum</span> <span class='ocrx_word' id='word_1_24' title='bbox 1318 962 1350 1035; x_wconf 88' lang='lat' dir='ltr'>S.</span> <span class='ocrx_word' id='word_1_25' title='bbox 1377 963 1541 1053; x_wconf 83' lang='lat' dir='ltr'>Floriani,</span> <span class='ocrx_word' id='word_1_26' title='bbox 1569 964 1731 1037; x_wconf 87' lang='lat' dir='ltr'>videlicet</span> 
     </span>
     <span class='ocr_line' id='line_1_5' title="bbox 179 1080 1732 1175; baseline 0.005 -26"><span class='ocrx_word' id='word_1_27' title='bbox 179 1080 222 1149; x_wconf 88' lang='lat' dir='ltr'>de</span> <span class='ocrx_word' id='word_1_28' title='bbox 250 1080 384 1170; x_wconf 83' lang='lat' dir='ltr'>quartis</span> <span class='ocrx_word' id='word_1_29' title='bbox 412 1085 453 1157; x_wconf 76' lang='lat' dir='ltr'>ct.</span> <span class='ocrx_word' id='word_1_30' title='bbox 473 1080 673 1175; x_wconf 79' lang='lat' dir='ltr'>introitibus</span> <span class='ocrx_word' id='word_1_31' title='bbox 700 1081 802 1152; x_wconf 89' lang='lat' dir='ltr'>villae</span> <span class='ocrx_word' id='word_1_32' title='bbox 829 1080 1078 1170; x_wconf 88' lang='lat' dir='ltr'>Zablocze,</span> <span class='ocrx_word' id='word_1_33' title='bbox 1105 1083 1187 1152; x_wconf 90' lang='lat' dir='ltr'>item</span> <span class='ocrx_word' id='word_1_34' title='bbox 1215 1083 1257 1153; x_wconf 91' lang='lat' dir='ltr'>de</span> <span class='ocrx_word' id='word_1_35' title='bbox 1285 1082 1469 1174; x_wconf 85' lang='lat' dir='ltr'>oliertorio,</span> <span class='ocrx_word' id='word_1_36' title='bbox 1496 1085 1581 1155; x_wconf 90' lang='lat' dir='ltr'>item</span> <span class='ocrx_word' id='word_1_37' title='bbox 1607 1084 1651 1155; x_wconf 89' lang='lat' dir='ltr'>de</span> <span class='ocrx_word' id='word_1_38' title='bbox 1667 1106 1732 1156; x_wconf 91' lang='lat' dir='ltr'>uu-</span> 
     </span>
     <span class='ocr_line' id='line_1_6' title="bbox 180 1199 1730 1293; baseline 0.004 -23"><span class='ocrx_word' id='word_1_39' title='bbox 180 1199 289 1270; x_wconf 86' lang='lat' dir='ltr'>decim</span> <span class='ocrx_word' id='word_1_40' title='bbox 316 1200 452 1289; x_wconf 75' lang='lat' dir='ltr'>marcis,</span> <span class='ocrx_word' id='word_1_41' title='bbox 480 1222 566 1290; x_wconf 92' lang='lat' dir='ltr'>quas</span> <span class='ocrx_word' id='word_1_42' title='bbox 594 1201 769 1290; x_wconf 82' lang='lat' dir='ltr'>collegiati</span> <span class='ocrx_word' id='word_1_43' title='bbox 787 1202 945 1290; x_wconf 84' lang='lat' dir='ltr'>magistri</span> <span class='ocrx_word' id='word_1_44' title='bbox 963 1202 1103 1273; x_wconf 85' lang='lat' dir='ltr'>vicariis</span> <span class='ocrx_word' id='word_1_45' title='bbox 1123 1202 1206 1273; x_wconf 90' lang='lat' dir='ltr'>dare</span> <span class='ocrx_word' id='word_1_46' title='bbox 1224 1208 1477 1275; x_wconf 73' lang='lat' dir='ltr'>consueverunt</span> <span class='ocrx_word' id='word_1_47' title='bbox 1494 1205 1529 1273; x_wconf 92' lang='lat' dir='ltr'>in</span> <span class='ocrx_word' id='word_1_48' title='bbox 1549 1206 1730 1293; x_wconf 69' lang='lat' dir='ltr'>communi</span> 
     </span>
     <span class='ocr_line' id='line_1_7' title="bbox 180 1320 1727 1415; baseline 0.005 -26"><span class='ocrx_word' id='word_1_49' title='bbox 180 1321 263 1391; x_wconf 88' lang='lat' dir='ltr'>item</span> <span class='ocrx_word' id='word_1_50' title='bbox 290 1320 332 1389; x_wconf 91' lang='lat' dir='ltr'>de</span> <span class='ocrx_word' id='word_1_51' title='bbox 360 1320 499 1411; x_wconf 89' lang='lat' dir='ltr'>spoliis,</span> <span class='ocrx_word' id='word_1_52' title='bbox 534 1322 618 1391; x_wconf 92' lang='lat' dir='ltr'>item</span> <span class='ocrx_word' id='word_1_53' title='bbox 646 1321 688 1391; x_wconf 90' lang='lat' dir='ltr'>de</span> <span class='ocrx_word' id='word_1_54' title='bbox 715 1323 886 1393; x_wconf 80' lang='lat' dir='ltr'>universis</span> <span class='ocrx_word' id='word_1_55' title='bbox 923 1322 1123 1413; x_wconf 83' lang='lat' dir='ltr'>quaestibus</span> <span class='ocrx_word' id='word_1_56' title='bbox 1151 1323 1317 1395; x_wconf 88' lang='lat' dir='ltr'>ecclesiae</span> <span class='ocrx_word' id='word_1_57' title='bbox 1344 1324 1379 1394; x_wconf 92' lang='lat' dir='ltr'>in</span> <span class='ocrx_word' id='word_1_58' title='bbox 1408 1325 1577 1395; x_wconf 91' lang='lat' dir='ltr'>communi</span> <span class='ocrx_word' id='word_1_59' title='bbox 1604 1345 1727 1415; x_wconf 86' lang='lat' dir='ltr'>prove-</span> 
     </span>
     <span class='ocr_line' id='line_1_8' title="bbox 180 1421 1764 1534; baseline 0.004 -24"><span class='ocrx_word' id='word_1_60' title='bbox 180 1440 365 1511; x_wconf 87' lang='lat' dir='ltr'>nientibus.</span> <span class='ocrx_word' id='word_1_61' title='bbox 392 1440 480 1513; x_wconf 88' lang='lat' dir='ltr'>Item</span> <span class='ocrx_word' id='word_1_62' title='bbox 507 1442 801 1531; x_wconf 85' lang='lat' dir='ltr'>vicepraepositus</span> <span class='ocrx_word' id='word_1_63' title='bbox 829 1442 861 1513; x_wconf 88' lang='lat' dir='ltr'><strong>S.</strong></span> <span class='ocrx_word' id='word_1_64' title='bbox 880 1442 1035 1514; x_wconf 86' lang='lat' dir='ltr'>Floriani</span> <span class='ocrx_word' id='word_1_65' title='bbox 1062 1463 1125 1532; x_wconf 91' lang='lat' dir='ltr'>pro</span> <span class='ocrx_word' id='word_1_66' title='bbox 1153 1449 1319 1534; x_wconf 90' lang='lat' dir='ltr'>tempore,</span> <span class='ocrx_word' id='word_1_67' title='bbox 1345 1421 1452 1515; x_wconf 85' lang='lat' dir='ltr'>habet</span> <span class='ocrx_word' id='word_1_68' title='bbox 1469 1445 1505 1515; x_wconf 95' lang='lat' dir='ltr'>in</span> <span class='ocrx_word' id='word_1_69' title='bbox 1525 1444 1731 1516; x_wconf 84' lang='lat' dir='ltr'>coemeterio</span> <span class='ocrx_word' id='word_1_70' title='bbox 1760 1464 1764 1469; x_wconf 88' lang='lat'>·</span> 
     </span>
     <span class='ocr_line' id='line_1_9' title="bbox 180 1559 1731 1654; baseline 0.002 -23"><span class='ocrx_word' id='word_1_71' title='bbox 180 1559 344 1632; x_wconf 90' lang='lat' dir='ltr'>ecclesiae</span> <span class='ocrx_word' id='word_1_72' title='bbox 372 1561 556 1651; x_wconf 89' lang='lat' dir='ltr'>specialem</span> <span class='ocrx_word' id='word_1_73' title='bbox 583 1562 722 1634; x_wconf 92' lang='lat' dir='ltr'>domum</span> <span class='ocrx_word' id='word_1_74' title='bbox 735 1568 785 1641; x_wconf 80' lang='lat' dir='ltr'>,et</span> <span class='ocrx_word' id='word_1_75' title='bbox 811 1584 930 1634; x_wconf 90' lang='lat' dir='ltr'>aream</span> <span class='ocrx_word' id='word_1_76' title='bbox 957 1584 1032 1634; x_wconf 90' lang='lat' dir='ltr'>cum</span> <span class='ocrx_word' id='word_1_77' title='bbox 1068 1563 1171 1635; x_wconf 89' lang='lat' dir='ltr'>horto</span> <span class='ocrx_word' id='word_1_78' title='bbox 1199 1568 1234 1634; x_wconf 91' lang='lat' dir='ltr'>et</span> <span class='ocrx_word' id='word_1_79' title='bbox 1258 1565 1414 1654; x_wconf 91' lang='lat' dir='ltr'>pomerio</span> <span class='ocrx_word' id='word_1_80' title='bbox 1450 1584 1515 1654; x_wconf 88' lang='lat' dir='ltr'>pro</span> <span class='ocrx_word' id='word_1_81' title='bbox 1543 1565 1731 1636; x_wconf 78' lang='grc'>999119111-</span> 
     </span>
     <span class='ocr_line' id='line_1_10' title="bbox 181 1682 1253 1774; baseline 0.004 -24"><span class='ocrx_word' id='word_1_82' title='bbox 181 1682 323 1773; x_wconf 89' lang='lat' dir='ltr'>tatione,</span> <span class='ocrx_word' id='word_1_83' title='bbox 351 1683 386 1753; x_wconf 91' lang='lat' dir='ltr'>in</span> <span class='ocrx_word' id='word_1_84' title='bbox 413 1689 512 1773; x_wconf 87' lang='lat' dir='ltr'>parte</span> <span class='ocrx_word' id='word_1_85' title='bbox 540 1682 709 1773; x_wconf 88' lang='lat' dir='ltr'>orientali,</span> <span class='ocrx_word' id='word_1_86' title='bbox 737 1684 884 1755; x_wconf 86' lang='lat' dir='ltr'>vicinam</span> <span class='ocrx_word' id='word_1_87' title='bbox 911 1685 1027 1755; x_wconf 89' lang='lat' dir='ltr'>curiae</span> <span class='ocrx_word' id='word_1_88' title='bbox 1053 1685 1253 1774; x_wconf 85' lang='lat' dir='ltr'>praepositi.</span> 
     </span>
    </p>
   </div>
   <div class='ocr_carea' id='block_1_3' title="bbox 896 1882 1034 2025">
    <p class='ocr_par' dir='ltr' id='par_1_3' title="bbox 896 1882 1034 2025">
     <span class='ocr_line' id='line_1_11' title="bbox 896 1882 1034 2025; baseline 0 0"><span class='ocrx_word' id='word_1_89' title='bbox 896 1882 1034 2025; x_wconf 78' lang='lat' dir='ltr'>Scala.</span> 
     </span>
    </p>
   </div>
   <div class='ocr_carea' id='block_1_4' title="bbox 180 2162 1732 3222">
    <p class='ocr_par' dir='ltr' id='par_1_4' title="bbox 180 2162 1732 3222">
     <span class='ocr_line' id='line_1_12' title="bbox 282 2162 1728 2260; baseline 0.005 -25"><span class='ocrx_word' id='word_1_90' title='bbox 282 2162 400 2236; x_wconf 88' lang='lat' dir='ltr'>Habet</span> <span class='ocrx_word' id='word_1_91' title='bbox 426 2165 573 2235; x_wconf 86' lang='lat' dir='ltr'>ecclesia</span> <span class='ocrx_word' id='word_1_92' title='bbox 590 2164 623 2235; x_wconf 87' lang='lat' dir='ltr'>S.</span> <span class='ocrx_word' id='word_1_93' title='bbox 640 2164 796 2253; x_wconf 84' lang='lat' dir='ltr'>Floriani</span> <span class='ocrx_word' id='word_1_94' title='bbox 823 2165 962 2257; x_wconf 89' lang='lat' dir='ltr'>scolam,</span> <span class='ocrx_word' id='word_1_95' title='bbox 979 2167 1015 2236; x_wconf 94' lang='lat' dir='ltr'>in</span> <span class='ocrx_word' id='word_1_96' title='bbox 1035 2167 1153 2256; x_wconf 89' lang='lat' dir='ltr'>aliqua</span> <span class='ocrx_word' id='word_1_97' title='bbox 1179 2167 1233 2237; x_wconf 88' lang='lat' dir='ltr'>sui</span> <span class='ocrx_word' id='word_1_98' title='bbox 1259 2171 1360 2256; x_wconf 90' lang='lat' dir='ltr'>parte</span> <span class='ocrx_word' id='word_1_99' title='bbox 1387 2174 1567 2260; x_wconf 91' lang='lat' dir='ltr'>muratam,</span> <span class='ocrx_word' id='word_1_100' title='bbox 1594 2169 1630 2240; x_wconf 93' lang='lat' dir='ltr'>in</span> <span class='ocrx_word' id='word_1_101' title='bbox 1649 2189 1728 2242; x_wconf 91' lang='lat' dir='ltr'>coe-</span> 
     </span>
     <span class='ocr_line' id='line_1_13' title="bbox 181 2286 1729 2375; baseline 0.004 -21"><span class='ocrx_word' id='word_1_102' title='bbox 181 2287 325 2357; x_wconf 91' lang='lat' dir='ltr'>meterio</span> <span class='ocrx_word' id='word_1_103' title='bbox 350 2287 525 2369; x_wconf 88' lang='lat' dir='ltr'>ecclesiae</span> <span class='ocrx_word' id='word_1_104' title='bbox 552 2287 595 2355; x_wconf 92' lang='lat' dir='ltr'>ad</span> <span class='ocrx_word' id='word_1_105' title='bbox 624 2291 758 2374; x_wconf 92' lang='lat' dir='ltr'>partem</span> <span class='ocrx_word' id='word_1_106' title='bbox 794 2286 1074 2375; x_wconf 82' lang='lat' dir='ltr'>meridionalem3</span> <span class='ocrx_word' id='word_1_107' title='bbox 1110 2289 1329 2375; x_wconf 89' lang='lat' dir='ltr'>praepositus</span> <span class='ocrx_word' id='word_1_108' title='bbox 1365 2294 1480 2360; x_wconf 88' lang='lat' dir='ltr'>autem</span> <span class='ocrx_word' id='word_1_109' title='bbox 1516 2289 1548 2359; x_wconf 88' lang='lat' dir='ltr'>S.</span> <span class='ocrx_word' id='word_1_110' title='bbox 1574 2290 1729 2361; x_wconf 89' lang='lat' dir='ltr'>Floriani</span> 
     </span>
     <span class='ocr_line' id='line_1_14' title="bbox 180 2400 1729 2498; baseline 0.003 -22"><span class='ocrx_word' id='word_1_111' title='bbox 180 2427 244 2495; x_wconf 92' lang='lat' dir='ltr'>pro</span> <span class='ocrx_word' id='word_1_112' title='bbox 262 2400 426 2497; x_wconf 84' lang='lat' dir='ltr'>tempore,</span> <span class='ocrx_word' id='word_1_113' title='bbox 455 2408 658 2496; x_wconf 87' lang='lat' dir='ltr'>magistrum</span> <span class='ocrx_word' id='word_1_114' title='bbox 686 2407 799 2477; x_wconf 90' lang='lat' dir='ltr'>scolae</span> <span class='ocrx_word' id='word_1_115' title='bbox 817 2408 918 2496; x_wconf 90' lang='lat' dir='ltr'>locat,</span> <span class='ocrx_word' id='word_1_116' title='bbox 948 2407 1087 2478; x_wconf 89' lang='lat' dir='ltr'>ordinat</span> <span class='ocrx_word' id='word_1_117' title='bbox 1105 2412 1141 2478; x_wconf 89' lang='grc'>91</span> <span class='ocrx_word' id='word_1_118' title='bbox 1160 2408 1321 2498; x_wconf 74' lang='lat' dir='ltr'>instituit</span> <span class='ocrx_word' id='word_1_119' title='bbox 1350 2429 1450 2498; x_wconf 92' lang='lat' dir='ltr'>quem</span> <span class='ocrx_word' id='word_1_120' title='bbox 1474 2415 1613 2481; x_wconf 87' lang='lat' dir='ltr'>tenetur</span> <span class='ocrx_word' id='word_1_121' title='bbox 1631 2412 1729 2482; x_wconf 88' lang='lat' dir='ltr'>aunis</span> 
     </span>
     <span class='ocr_line' id='line_1_15' title="bbox 183 2527 1732 2620; baseline 0.003 -24"><span class='ocrx_word' id='word_1_122' title='bbox 183 2528 327 2617; x_wconf 88' lang='lat' dir='ltr'>siugulis</span> <span class='ocrx_word' id='word_1_123' title='bbox 355 2534 505 2617; x_wconf 87' lang='lat' dir='ltr'>quatuor</span> <span class='ocrx_word' id='word_1_124' title='bbox 530 2529 656 2599; x_wconf 89' lang='lat' dir='ltr'>marcis</span> <span class='ocrx_word' id='word_1_125' title='bbox 683 2527 861 2618; x_wconf 87' lang='lat' dir='ltr'>solariare,</span> <span class='ocrx_word' id='word_1_126' title='bbox 887 2528 971 2599; x_wconf 93' lang='lat' dir='ltr'>item</span> <span class='ocrx_word' id='word_1_127' title='bbox 989 2532 1129 2599; x_wconf 89' lang='lat' dir='ltr'>tenetur</span> <span class='ocrx_word' id='word_1_128' title='bbox 1156 2528 1266 2598; x_wconf 86' lang='lat' dir='ltr'>eidem</span> <span class='ocrx_word' id='word_1_129' title='bbox 1285 2529 1429 2618; x_wconf 90' lang='lat' dir='ltr'>siugulis</span> <span class='ocrx_word' id='word_1_130' title='bbox 1457 2529 1577 2600; x_wconf 91' lang='lat' dir='ltr'>diebus</span> <span class='ocrx_word' id='word_1_131' title='bbox 1604 2550 1732 2620; x_wconf 84' lang='lat' dir='ltr'>expen-</span> 
     </span>
     <span class='ocr_line' id='line_1_16' title="bbox 183 2636 1731 2740; baseline 0.001 -22"><span class='ocrx_word' id='word_1_132' title='bbox 183 2668 238 2718; x_wconf 88' lang='lat' dir='ltr'>sas</span> <span class='ocrx_word' id='word_1_133' title='bbox 265 2648 527 2739; x_wconf 89' lang='lat' dir='ltr'>administrare,</span> <span class='ocrx_word' id='word_1_134' title='bbox 554 2655 614 2720; x_wconf 91' lang='lat' dir='ltr'>aut</span> <span class='ocrx_word' id='word_1_135' title='bbox 641 2636 777 2721; x_wconf 90' lang='lat' dir='ltr'>ratione</span> <span class='ocrx_word' id='word_1_136' title='bbox 804 2669 1034 2738; x_wconf 83' lang='lat' dir='ltr'>expensarum</span> <span class='ocrx_word' id='word_1_137' title='bbox 1061 2648 1128 2719; x_wconf 92' lang='lat' dir='ltr'>sibi</span> <span class='ocrx_word' id='word_1_138' title='bbox 1156 2669 1217 2718; x_wconf 81' lang='lat' dir='ltr'>sex</span> <span class='ocrx_word' id='word_1_139' title='bbox 1243 2669 1377 2719; x_wconf 90' lang='lat' dir='ltr'>marcas</span> <span class='ocrx_word' id='word_1_140' title='bbox 1404 2650 1440 2718; x_wconf 94' lang='lat' dir='ltr'>iu</span> <span class='ocrx_word' id='word_1_141' title='bbox 1468 2650 1600 2740; x_wconf 87' lang='lat' dir='ltr'>paratis</span> <span class='ocrx_word' id='word_1_142' title='bbox 1628 2669 1731 2738; x_wconf 90' lang='lat' dir='ltr'>pecu-</span> 
     </span>
     <span class='ocr_line' id='line_1_17' title="bbox 180 2768 1730 2860; baseline 0.003 -23"><span class='ocrx_word' id='word_1_143' title='bbox 180 2769 248 2838; x_wconf 89' lang='lat' dir='ltr'>niis</span> <span class='ocrx_word' id='word_1_144' title='bbox 275 2768 379 2839; x_wconf 88' lang='lat' dir='ltr'>dobet</span> <span class='ocrx_word' id='word_1_145' title='bbox 406 2768 558 2860; x_wconf 89' lang='lat' dir='ltr'>solvere;</span> <span class='ocrx_word' id='word_1_146' title='bbox 593 2792 662 2840; x_wconf 92' lang='lat' dir='ltr'>non</span> <span class='ocrx_word' id='word_1_147' title='bbox 689 2770 876 2860; x_wconf 82' lang='lat' dir='ltr'>participat</span> <span class='ocrx_word' id='word_1_148' title='bbox 912 2775 1026 2839; x_wconf 87' lang='lat' dir='ltr'>autem</span> <span class='ocrx_word' id='word_1_149' title='bbox 1062 2769 1229 2857; x_wconf 87' lang='lat' dir='ltr'>magister</span> <span class='ocrx_word' id='word_1_150' title='bbox 1265 2769 1378 2840; x_wconf 89' lang='lat' dir='ltr'>scolae</span> <span class='ocrx_word' id='word_1_151' title='bbox 1415 2789 1491 2839; x_wconf 91' lang='lat' dir='ltr'>cum</span> <span class='ocrx_word' id='word_1_152' title='bbox 1518 2769 1659 2841; x_wconf 82' lang='lat' dir='ltr'>vicariis</span> <span class='ocrx_word' id='word_1_153' title='bbox 1686 2770 1730 2841; x_wconf 90' lang='lat' dir='ltr'>de</span> 
     </span>
     <span class='ocr_line' id='line_1_18' title="bbox 181 2889 1730 2980; baseline 0.001 -21"><span class='ocrx_word' id='word_1_154' title='bbox 181 2889 297 2979; x_wconf 86' lang='lat' dir='ltr'>aliquo</span> <span class='ocrx_word' id='word_1_155' title='bbox 325 2895 479 2979; x_wconf 90' lang='lat' dir='ltr'>quaestu,</span> <span class='ocrx_word' id='word_1_156' title='bbox 507 2891 618 2961; x_wconf 89' lang='lat' dir='ltr'>solum</span> <span class='ocrx_word' id='word_1_157' title='bbox 647 2891 689 2961; x_wconf 91' lang='grc'>(19</span> <span class='ocrx_word' id='word_1_158' title='bbox 716 2891 844 2980; x_wconf 85' lang='lat' dir='ltr'>vigiliis</span> <span class='ocrx_word' id='word_1_159' title='bbox 872 2891 1029 2979; x_wconf 69' lang='lat' dir='ltr'>cantatis</span> <span class='ocrx_word' id='word_1_160' title='bbox 1057 2889 1099 2960; x_wconf 91' lang='lat' dir='ltr'>de</span> <span class='ocrx_word' id='word_1_161' title='bbox 1128 2890 1252 2978; x_wconf 87' lang='lat' dir='ltr'>quibus</span> <span class='ocrx_word' id='word_1_162' title='bbox 1280 2889 1345 2960; x_wconf 92' lang='lat' dir='ltr'>sibi</span> <span class='ocrx_word' id='word_1_163' title='bbox 1374 2894 1538 2979; x_wconf 87' lang='lat' dir='ltr'>quaestus</span> <span class='ocrx_word' id='word_1_164' title='bbox 1565 2889 1730 2960; x_wconf 87' lang='lat' dir='ltr'>medietas</span> 
     </span>
     <span class='ocr_line' id='line_1_19' title="bbox 180 3007 1730 3101; baseline 0.001 -22"><span class='ocrx_word' id='word_1_165' title='bbox 180 3007 284 3083; x_wconf 86' lang='lat' dir='ltr'>debet</span> <span class='ocrx_word' id='word_1_166' title='bbox 310 3011 503 3101; x_wconf 73' lang='lat' dir='ltr'>provenire.</span> <span class='ocrx_word' id='word_1_167' title='bbox 548 3009 682 3083; x_wconf 90' lang='lat' dir='ltr'>Scolam</span> <span class='ocrx_word' id='word_1_168' title='bbox 710 3017 826 3081; x_wconf 91' lang='lat' dir='ltr'>autem</span> <span class='ocrx_word' id='word_1_169' title='bbox 853 3015 1025 3081; x_wconf 91' lang='lat' dir='ltr'>muratam</span> <span class='ocrx_word' id='word_1_170' title='bbox 1053 3009 1249 3081; x_wconf 79' lang='lat' dir='ltr'>aedificavit</span> <span class='ocrx_word' id='word_1_171' title='bbox 1281 3009 1439 3079; x_wconf 88' lang='lat' dir='ltr'>domiuus</span> <span class='ocrx_word' id='word_1_172' title='bbox 1468 3008 1659 3099; x_wconf 77' lang='lat' dir='ltr'>Gregorius</span> <span class='ocrx_word' id='word_1_173' title='bbox 1687 3010 1730 3080; x_wconf 90' lang='lat' dir='ltr'>de</span> 
     </span>
     <span class='ocr_line' id='line_1_20' title="bbox 181 3128 1731 3222; baseline 0 -22"><span class='ocrx_word' id='word_1_174' title='bbox 181 3128 453 3203; x_wconf 86' lang='lat' dir='ltr'>Ludbrancz</span> <span class='ocrx_word' id='word_1_175' title='bbox 479 3132 579 3222; x_wconf 89' lang='lat' dir='ltr'>regni</span> <span class='ocrx_word' id='word_1_176' title='bbox 606 3131 770 3203; x_wconf 91' lang='lat' dir='ltr'>Poloniae</span> <span class='ocrx_word' id='word_1_177' title='bbox 798 3131 1101 3208; x_wconf 88' lang='lat' dir='ltr'>vicecancellarius</span> <span class='ocrx_word' id='word_1_178' title='bbox 1133 3135 1169 3201; x_wconf 91' lang='lat' dir='ltr'>et</span> <span class='ocrx_word' id='word_1_179' title='bbox 1196 3130 1416 3220; x_wconf 90' lang='lat' dir='ltr'>praepositus</span> <span class='ocrx_word' id='word_1_180' title='bbox 1443 3129 1596 3200; x_wconf 89' lang='lat' dir='ltr'>eiusdem</span> <span class='ocrx_word' id='word_1_181' title='bbox 1623 3129 1731 3200; x_wconf 88' lang='lat' dir='ltr'>eccle-</span> 
     </span>
    </p>
   </div>
   <div class='ocr_carea' id='block_1_5' title="bbox 183 3250 520 3323">
    <p class='ocr_par' dir='ltr' id='par_1_5' title="bbox 183 3250 520 3323">
     <span class='ocr_line' id='line_1_21' title="bbox 183 3250 520 3323; baseline -0.003 -2"><span class='ocrx_word' id='word_1_182' title='bbox 183 3250 256 3321; x_wconf 88' lang='lat' dir='ltr'>siae</span> <span class='ocrx_word' id='word_1_183' title='bbox 284 3272 314 3321; x_wconf 92' lang='lat' dir='ltr'>a.</span> <span class='ocrx_word' id='word_1_184' title='bbox 340 3252 381 3321; x_wconf 93' lang='lat' dir='ltr'>D.</span> <span class='ocrx_word' id='word_1_185' title='bbox 412 3252 520 3323; x_wconf 83' lang='lat'><strong>1493.</strong></span> 
     </span>
    </p>
   </div>
   <div class='ocr_carea' id='block_1_6' title="bbox 789 3512 1093 3595">
    <p class='ocr_par' dir='ltr' id='par_1_6' title="bbox 789 3512 1093 3595">
     <span class='ocr_line' id='line_1_22' title="bbox 789 3512 1093 3595; baseline -0.01 -1"><span class='ocrx_word' id='word_1_186' title='bbox 789 3578 795 3585; x_wconf 89' lang='lat'><strong>.</strong></span> <span class='ocrx_word' id='word_1_187' title='bbox 839 3512 1093 3595; x_wconf 78' lang='lat' dir='ltr'>Decanatua.</span> 
     </span>
    </p>
   </div>
   <div class='ocr_carea' id='block_1_7' title="bbox 154 3731 1737 5035">
    <p class='ocr_par' dir='ltr' id='par_1_7' title="bbox 181 3731 1733 4068">
     <span class='ocr_line' id='line_1_23' title="bbox 285 3731 1728 3824; baseline -0.004 -16"><span class='ocrx_word' id='word_1_188' title='bbox 285 3736 443 3808; x_wconf 89' lang='lat' dir='ltr'>Secunda</span> <span class='ocrx_word' id='word_1_189' title='bbox 470 3736 505 3807; x_wconf 93' lang='lat' dir='ltr'>iu</span> <span class='ocrx_word' id='word_1_190' title='bbox 532 3735 678 3807; x_wconf 89' lang='lat' dir='ltr'>ecclesia</span> <span class='ocrx_word' id='word_1_191' title='bbox 704 3735 737 3807; x_wconf 90' lang='lat' dir='ltr'><strong>S.</strong></span> <span class='ocrx_word' id='word_1_192' title='bbox 763 3734 919 3807; x_wconf 86' lang='lat' dir='ltr'>Floriani</span> <span class='ocrx_word' id='word_1_193' title='bbox 946 3734 1097 3824; x_wconf 86' lang='lat' dir='ltr'>dignitas</span> <span class='ocrx_word' id='word_1_194' title='bbox 1126 3740 1179 3805; x_wconf 91' lang='lat' dir='ltr'>est</span> <span class='ocrx_word' id='word_1_195' title='bbox 1207 3733 1408 3821; x_wconf 88' lang='lat' dir='ltr'>decanatus,</span> <span class='ocrx_word' id='word_1_196' title='bbox 1446 3733 1500 3801; x_wconf 91' lang='lat' dir='ltr'>cui</span> <span class='ocrx_word' id='word_1_197' title='bbox 1527 3731 1728 3803; x_wconf 83' lang='grc'>99199199-</span> 
     </span>
     <span class='ocr_line' id='line_1_24' title="bbox 181 3853 1730 3949; baseline -0.003 -21"><span class='ocrx_word' id='word_1_198' title='bbox 181 3857 323 3949; x_wconf 89' lang='lat' dir='ltr'>riorum,</span> <span class='ocrx_word' id='word_1_199' title='bbox 350 3858 534 3947; x_wconf 90' lang='lat' dir='ltr'>ordinatio,</span> <span class='ocrx_word' id='word_1_200' title='bbox 562 3857 731 3929; x_wconf 89' lang='lat' dir='ltr'>correctio</span> <span class='ocrx_word' id='word_1_201' title='bbox 760 3862 796 3927; x_wconf 93' lang='lat' dir='ltr'>et</span> <span class='ocrx_word' id='word_1_202' title='bbox 817 3856 993 3927; x_wconf 90' lang='lat' dir='ltr'>institutio</span> <span class='ocrx_word' id='word_1_203' title='bbox 1021 3855 1174 3925; x_wconf 88' lang='lat' dir='ltr'>eiusdem</span> <span class='ocrx_word' id='word_1_204' title='bbox 1202 3853 1366 3924; x_wconf 87' lang='lat' dir='ltr'>ecclesiae</span> <span class='ocrx_word' id='word_1_205' title='bbox 1386 3858 1441 3922; x_wconf 91' lang='lat' dir='ltr'>est</span> <span class='ocrx_word' id='word_1_206' title='bbox 1458 3873 1602 3941; x_wconf 83' lang='lat' dir='ltr'>annexa,</span> <span class='ocrx_word' id='word_1_207' title='bbox 1629 3873 1730 3943; x_wconf 91' lang='lat' dir='ltr'>quem</span> 
     </span>
     <span class='ocr_line' id='line_1_25' title="bbox 182 3973 1733 4068; baseline -0.003 -19"><span class='ocrx_word' id='word_1_208' title='bbox 182 4000 273 4049; x_wconf 90' lang='lat' dir='ltr'>nunc</span> <span class='ocrx_word' id='word_1_209' title='bbox 298 3984 395 4049; x_wconf 90' lang='lat' dir='ltr'>tenet</span> <span class='ocrx_word' id='word_1_210' title='bbox 421 3980 589 4068; x_wconf 87' lang='lat' dir='ltr'>magister</span> <span class='ocrx_word' id='word_1_211' title='bbox 616 3978 785 4049; x_wconf 88' lang='lat' dir='ltr'>Matthias</span> <span class='ocrx_word' id='word_1_212' title='bbox 822 3977 863 4047; x_wconf 90' lang='lat' dir='ltr'>de</span> <span class='ocrx_word' id='word_1_213' title='bbox 892 3975 1140 4066; x_wconf 82' lang='lat' dir='ltr'>(lobylino,</span> <span class='ocrx_word' id='word_1_214' title='bbox 1177 3994 1295 4045; x_wconf 87' lang='lat' dir='ltr'>sacrae</span> <span class='ocrx_word' id='word_1_215' title='bbox 1323 3973 1519 4063; x_wconf 84' lang='lat' dir='ltr'>theologiae</span> <span class='ocrx_word' id='word_1_216' title='bbox 1547 3973 1733 4063; x_wconf 75' lang='lat' dir='ltr'>professor,</span> 
     </span>
    </p>

    <p class='ocr_par' dir='ltr' id='par_1_8' title="bbox 182 4094 1730 4189">
     <span class='ocr_line' id='line_1_26' title="bbox 182 4094 1730 4189; baseline -0.003 -20"><span class='ocrx_word' id='word_1_217' title='bbox 182 4099 241 4189; x_wconf 93' lang='lat' dir='ltr'>qui</span> <span class='ocrx_word' id='word_1_218' title='bbox 269 4099 406 4189; x_wconf 90' lang='lat' dir='ltr'>quidem</span> <span class='ocrx_word' id='word_1_219' title='bbox 434 4099 640 4189; x_wconf 86' lang='lat' dir='ltr'>decanatus,</span> <span class='ocrx_word' id='word_1_220' title='bbox 678 4100 745 4169; x_wconf 91' lang='lat' dir='ltr'>etsi</span> <span class='ocrx_word' id='word_1_221' title='bbox 772 4118 863 4169; x_wconf 92' lang='lat' dir='ltr'>nunc</span> <span class='ocrx_word' id='word_1_222' title='bbox 899 4097 1113 4187; x_wconf 87' lang='lat' dir='ltr'>adaequatus</span> <span class='ocrx_word' id='word_1_223' title='bbox 1140 4096 1187 4166; x_wconf 90' lang='lat' dir='ltr'>sit</span> <span class='ocrx_word' id='word_1_224' title='bbox 1222 4115 1299 4165; x_wconf 83' lang='lat' dir='ltr'>curn</span> <span class='ocrx_word' id='word_1_225' title='bbox 1326 4095 1472 4165; x_wconf 77' lang='lat' dir='ltr'>caeteris</span> <span class='ocrx_word' id='word_1_226' title='bbox 1501 4094 1730 4183; x_wconf 87' lang='lat' dir='ltr'>dignitatibus</span> 
     </span>
    </p>

    <p class='ocr_par' dir='ltr' id='par_1_9' title="bbox 154 4194 1737 4793">
     <span class='ocr_line' id='line_1_27' title="bbox 154 4194 1733 4309; baseline -0.003 -20"><span class='ocrx_word' id='word_1_227' title='bbox 154 4194 218 4289; x_wconf 77' lang='grc'>91</span> <span class='ocrx_word' id='word_1_228' title='bbox 244 4220 452 4309; x_wconf 87' lang='lat' dir='ltr'>praebendis</span> <span class='ocrx_word' id='word_1_229' title='bbox 480 4220 512 4291; x_wconf 90' lang='lat' dir='ltr'>S.</span> <span class='ocrx_word' id='word_1_230' title='bbox 539 4220 703 4309; x_wconf 82' lang='lat' dir='ltr'>Floriani,</span> <span class='ocrx_word' id='word_1_231' title='bbox 732 4218 886 4291; x_wconf 87' lang='lat' dir='ltr'>habebat</span> <span class='ocrx_word' id='word_1_232' title='bbox 910 4225 1028 4291; x_wconf 89' lang='lat' dir='ltr'>tamon</span> <span class='ocrx_word' id='word_1_233' title='bbox 1052 4216 1219 4309; x_wconf 87' lang='lat' dir='ltr'>speciales</span> <span class='ocrx_word' id='word_1_234' title='bbox 1238 4222 1426 4307; x_wconf 87' lang='lat' dir='ltr'>proventus</span> <span class='ocrx_word' id='word_1_235' title='bbox 1453 4221 1534 4285; x_wconf 87' lang='lat' dir='ltr'>ante</span> <span class='ocrx_word' id='word_1_236' title='bbox 1561 4216 1733 4305; x_wconf 88' lang='lat' dir='ltr'>adaequa·</span> 
     </span>
     <span class='ocr_line' id='line_1_28' title="bbox 181 4337 1731 4431; baseline -0.005 -19"><span class='ocrx_word' id='word_1_237' title='bbox 181 4341 329 4429; x_wconf 91' lang='lat' dir='ltr'>tionem,</span> <span class='ocrx_word' id='word_1_238' title='bbox 365 4341 571 4431; x_wconf 90' lang='lat' dir='ltr'>collatioque</span> <span class='ocrx_word' id='word_1_239' title='bbox 599 4342 673 4411; x_wconf 89' lang='lat' dir='ltr'>cius</span> <span class='ocrx_word' id='word_1_240' title='bbox 701 4346 737 4410; x_wconf 89' lang='grc'>91</span> <span class='ocrx_word' id='word_1_241' title='bbox 763 4340 1023 4430; x_wconf 90' lang='lat' dir='ltr'>iuspatronatus</span> <span class='ocrx_word' id='word_1_242' title='bbox 1051 4338 1094 4409; x_wconf 90' lang='lat' dir='ltr'>ad</span> <span class='ocrx_word' id='word_1_243' title='bbox 1123 4337 1380 4410; x_wconf 86' lang='lat' dir='ltr'>serenissimum</span> <span class='ocrx_word' id='word_1_244' title='bbox 1411 4337 1586 4407; x_wconf 87' lang='lat' dir='ltr'>dominum</span> <span class='ocrx_word' id='word_1_245' title='bbox 1613 4356 1731 4425; x_wconf 91' lang='lat' dir='ltr'>regem</span> 
     </span>
     <span class='ocr_line' id='line_1_29' title="bbox 181 4457 1730 4551; baseline -0.004 -19"><span class='ocrx_word' id='word_1_246' title='bbox 181 4460 346 4532; x_wconf 91' lang='lat' dir='ltr'>Poloniae</span> <span class='ocrx_word' id='word_1_247' title='bbox 373 4462 588 4550; x_wconf 86' lang='lat' dir='ltr'>pertinebat,</span> <span class='ocrx_word' id='word_1_248' title='bbox 626 4482 713 4551; x_wconf 91' lang='lat' dir='ltr'>quae</span> <span class='ocrx_word' id='word_1_249' title='bbox 742 4482 832 4531; x_wconf 90' lang='grc'>99119</span> <span class='ocrx_word' id='word_1_250' title='bbox 868 4461 912 4531; x_wconf 91' lang='lat' dir='ltr'>ad</span> <span class='ocrx_word' id='word_1_251' title='bbox 939 4466 1111 4531; x_wconf 91' lang='lat' dir='ltr'>rectorem</span> <span class='ocrx_word' id='word_1_252' title='bbox 1147 4467 1184 4531; x_wconf 90' lang='lat' dir='ltr'>et</span> <span class='ocrx_word' id='word_1_253' title='bbox 1211 4458 1371 4528; x_wconf 91' lang='lat' dir='ltr'>doctores</span> <span class='ocrx_word' id='word_1_254' title='bbox 1409 4462 1512 4546; x_wconf 92' lang='lat' dir='ltr'>atque</span> <span class='ocrx_word' id='word_1_255' title='bbox 1545 4457 1730 4545; x_wconf 88' lang='lat' dir='ltr'>magistros</span> 
     </span>
     <span class='ocr_line' id='line_1_30' title="bbox 183 4576 1737 4673; baseline -0.005 -19"><span class='ocrx_word' id='word_1_256' title='bbox 183 4583 320 4673; x_wconf 90' lang='lat' dir='ltr'>collegii</span> <span class='ocrx_word' id='word_1_257' title='bbox 345 4582 548 4654; x_wconf 87' lang='lat' dir='ltr'>artistarum</span> <span class='ocrx_word' id='word_1_258' title='bbox 583 4584 684 4673; x_wconf 91' lang='lat' dir='ltr'>pleno</span> <span class='ocrx_word' id='word_1_259' title='bbox 712 4583 787 4654; x_wconf 90' lang='lat' dir='ltr'>iure</span> <span class='ocrx_word' id='word_1_260' title='bbox 814 4581 1029 4673; x_wconf 85' lang='lat' dir='ltr'>dignoscitur</span> <span class='ocrx_word' id='word_1_261' title='bbox 1054 4581 1247 4670; x_wconf 86' lang='lat' dir='ltr'>pertinere,</span> <span class='ocrx_word' id='word_1_262' title='bbox 1285 4578 1382 4650; x_wconf 90' lang='lat' dir='ltr'>cuins</span> <span class='ocrx_word' id='word_1_263' title='bbox 1409 4576 1622 4667; x_wconf 85' lang='lat' dir='ltr'>infrascripti</span> <span class='ocrx_word' id='word_1_264' title='bbox 1649 4582 1737 4647; x_wconf 88' lang='lat' dir='ltr'>sunt</span> 
     </span>
     <span class='ocr_line' id='line_1_31' title="bbox 166 4710 381 4793; baseline -0.005 -19"><span class='ocrx_word' id='word_1_265' title='bbox 166 4710 381 4793; x_wconf 82' lang='lat' dir='ltr'>&#39;proventus</span> 
     </span>
    </p>

    <p class='ocr_par' dir='ltr' id='par_1_10' title="bbox 182 4816 1736 5035">
     <span class='ocr_line' id='line_1_32' title="bbox 286 4816 1736 4915; baseline -0.006 -20"><span class='ocrx_word' id='word_1_266' title='bbox 286 4825 501 4915; x_wconf 80' lang='grc'>1919199119,</span> <span class='ocrx_word' id='word_1_267' title='bbox 528 4824 619 4913; x_wconf 87' lang='lat' dir='ltr'>villa,</span> <span class='ocrx_word' id='word_1_268' title='bbox 646 4825 778 4895; x_wconf 88' lang='lat' dir='ltr'>habens</span> <span class='ocrx_word' id='word_1_269' title='bbox 796 4822 1029 4914; x_wconf 89' lang='lat' dir='ltr'>parochialem</span> <span class='ocrx_word' id='word_1_270' title='bbox 1056 4822 1237 4893; x_wconf 85' lang='lat' dir='ltr'>ecclesiam</span> <span class='ocrx_word' id='word_1_271' title='bbox 1263 4819 1299 4890; x_wconf 91' lang='lat' dir='ltr'>iu</span> <span class='ocrx_word' id='word_1_272' title='bbox 1319 4839 1356 4889; x_wconf 93' lang='lat' dir='ltr'>se</span> <span class='ocrx_word' id='word_1_273' title='bbox 1375 4818 1487 4907; x_wconf 91' lang='lat' dir='ltr'>sitam,</span> <span class='ocrx_word' id='word_1_274' title='bbox 1513 4816 1736 4888; x_wconf 78' lang='grc'>1999999111-</span> 
     </span>
     <span class='ocr_line' id='line_1_33' title="bbox 182 4932 1729 5035; baseline -0.006 -16"><span class='ocrx_word' id='word_1_275' title='bbox 182 4964 242 5019; x_wconf 92' lang='lat' dir='ltr'>cus</span> <span class='ocrx_word' id='word_1_276' title='bbox 270 4946 457 5018; x_wconf 87' lang='lat' dir='ltr'>decanatus</span> <span class='ocrx_word' id='word_1_277' title='bbox 483 4932 516 5016; x_wconf 88' lang='lat' dir='ltr'><strong>S.</strong></span> <span class='ocrx_word' id='word_1_278' title='bbox 543 4944 716 5033; x_wconf 87' lang='lat' dir='ltr'>Floriani,</span> <span class='ocrx_word' id='word_1_279' title='bbox 742 4945 777 5015; x_wconf 94' lang='lat' dir='ltr'>in</span> <span class='ocrx_word' id='word_1_280' title='bbox 805 4966 874 5035; x_wconf 91' lang='lat' dir='ltr'>qua</span> <span class='ocrx_word' id='word_1_281' title='bbox 900 4950 982 5014; x_wconf 89' lang='lat' dir='ltr'>sunt</span> <span class='ocrx_word' id='word_1_282' title='bbox 1007 4942 1099 5013; x_wconf 91' lang='lat' dir='ltr'>lanei</span> <span class='ocrx_word' id='word_1_283' title='bbox 1135 4940 1386 5028; x_wconf 71' lang='lat' dir='ltr'>cmethonaleS,</span> <span class='ocrx_word' id='word_1_284' title='bbox 1422 4942 1458 5008; x_wconf 89' lang='lat' dir='ltr'>et</span> <span class='ocrx_word' id='word_1_285' title='bbox 1485 4938 1630 5028; x_wconf 87' lang='lat' dir='ltr'>quilibet</span> <span class='ocrx_word' id='word_1_286' title='bbox 1664 4958 1729 5029; x_wconf 86' lang='lat' dir='ltr'>pro</span> 
     </span>
    </p>
   </div>
   <div class='ocr_carea' id='block_1_8' title="bbox 182 5058 1848 5277">
    <p class='ocr_par' dir='ltr' id='par_1_11' title="bbox 182 5058 1848 5277">
     <span class='ocr_line' id='line_1_34' title="bbox 182 5058 1841 5151; baseline -0.005 -14"><span class='ocrx_word' id='word_1_287' title='bbox 182 5088 297 5139; x_wconf 92' lang='lat' dir='ltr'>annuo</span> <span class='ocrx_word' id='word_1_288' title='bbox 324 5088 428 5137; x_wconf 88' lang='lat' dir='ltr'>censu</span> <span class='ocrx_word' id='word_1_289' title='bbox 454 5065 558 5138; x_wconf 88' lang='lat' dir='ltr'>solvit</span> <span class='ocrx_word' id='word_1_290' title='bbox 594 5067 722 5137; x_wconf 84' lang='lat' dir='ltr'>decano</span> <span class='ocrx_word' id='word_1_291' title='bbox 748 5065 781 5137; x_wconf 88' lang='lat' dir='ltr'>S.</span> <span class='ocrx_word' id='word_1_292' title='bbox 807 5064 972 5136; x_wconf 87' lang='lat' dir='ltr'>Floriani.</span> <span class='ocrx_word' id='word_1_293' title='bbox 1016 5064 1102 5134; x_wconf 90' lang='lat' dir='ltr'>ltom</span> <span class='ocrx_word' id='word_1_294' title='bbox 1130 5061 1213 5134; x_wconf 88' lang='lat' dir='ltr'>villa</span> <span class='ocrx_word' id='word_1_295' title='bbox 1239 5058 1397 5151; x_wconf 88' lang='lat' dir='ltr'>praefata</span> <span class='ocrx_word' id='word_1_296' title='bbox 1423 5058 1528 5130; x_wconf 85' lang='lat' dir='ltr'>solvit</span> <span class='ocrx_word' id='word_1_297' title='bbox 1567 5058 1735 5147; x_wconf 82' lang='lat' dir='ltr'>decimam</span> <span class='ocrx_word' id='word_1_298' title='bbox 1837 5063 1841 5069; x_wconf 86' lang='grc'><em>“</em></span> 
     </span>
     <span class='ocr_line' id='line_1_35' title="bbox 185 5174 1848 5277; baseline -0.005 -20"><span class='ocrx_word' id='word_1_299' title='bbox 185 5174 434 5277; x_wconf 90' lang='lat' dir='ltr'>manipularem</span> <span class='ocrx_word' id='word_1_300' title='bbox 463 5176 681 5259; x_wconf 69' lang='lat' dir='ltr'>de&#39;omnibus</span> <span class='ocrx_word' id='word_1_301' title='bbox 709 5188 802 5276; x_wconf 88' lang='lat' dir='ltr'>agris</span> <span class='ocrx_word' id='word_1_302' title='bbox 829 5187 900 5258; x_wconf 89' lang='lat' dir='ltr'>suis</span> <span class='ocrx_word' id='word_1_303' title='bbox 927 5185 1109 5256; x_wconf 88' lang='lat' dir='ltr'>decanatui</span> <span class='ocrx_word' id='word_1_304' title='bbox 1135 5181 1168 5253; x_wconf 90' lang='lat' dir='ltr'>S.</span> <span class='ocrx_word' id='word_1_305' title='bbox 1193 5179 1359 5269; x_wconf 89' lang='lat' dir='ltr'>Floriani,</span> <span class='ocrx_word' id='word_1_306' title='bbox 1385 5183 1422 5250; x_wconf 91' lang='lat' dir='ltr'>et</span> <span class='ocrx_word' id='word_1_307' title='bbox 1448 5179 1645 5253; x_wconf 85' lang='lat' dir='ltr'>conducunt</span> <span class='ocrx_word' id='word_1_308' title='bbox 1661 5198 1758 5253; x_wconf 81' lang='grc'>9919.</span> <span class='ocrx_word' id='word_1_309' title='bbox 1844 5242 1848 5249; x_wconf 92' lang='grc'>.</span> 
     </span>
    </p>
   </div>
   <div class='ocr_carea' id='block_1_9' title="bbox 183 5298 1736 5515">
    <p class='ocr_par' dir='ltr' id='par_1_12' title="bbox 183 5298 1736 5515">
     <span class='ocr_line' id='line_1_36' title="bbox 183 5298 1736 5419; baseline -0.005 -41"><span class='ocrx_word' id='word_1_310' title='bbox 183 5309 381 5401; x_wconf 81' lang='lat' dir='ltr'>cmethonas</span> <span class='ocrx_word' id='word_1_311' title='bbox 409 5308 561 5399; x_wconf 90' lang='lat' dir='ltr'>propriis</span> <span class='ocrx_word' id='word_1_312' title='bbox 594 5308 753 5379; x_wconf 88' lang='lat' dir='ltr'>curribus</span> <span class='ocrx_word' id='word_1_313' title='bbox 781 5308 817 5377; x_wconf 95' lang='lat' dir='ltr'>in</span> <span class='ocrx_word' id='word_1_314' title='bbox 843 5308 1007 5378; x_wconf 91' lang='lat' dir='ltr'>horreum</span> <span class='ocrx_word' id='word_1_315' title='bbox 1034 5327 1055 5376; x_wconf 93' lang='lat' dir='ltr'>a</span> <span class='ocrx_word' id='word_1_316' title='bbox 1082 5299 1440 5391; x_wconf 70' lang='lat' dir='ltr'>dampnandum,</span> <span class='ocrx_word' id='word_1_317' title='bbox 1475 5298 1736 5419; x_wconf 55' lang='grc' dir='ltr'>9199199919ΙΙ</span> 
     </span>
     <span class='ocr_line' id='line_1_37' title="bbox 185 5426 1672 5515; baseline -0.018 -15"><span class='ocrx_word' id='word_1_318' title='bbox 185 5431 388 5501; x_wconf 88' lang='lat' dir='ltr'>aestimatur</span> <span class='ocrx_word' id='word_1_319' title='bbox 415 5430 458 5501; x_wconf 89' lang='lat' dir='ltr'>ad</span> <span class='ocrx_word' id='word_1_320' title='bbox 478 5485 648 5500; x_wconf 90' lang='lat'><strong>.......</strong></span> <span class='ocrx_word' id='word_1_321' title='bbox 1550 5438 1560 5447; x_wconf 94' lang='lat'><em>·</em></span> <span class='ocrx_word' id='word_1_322' title='bbox 1591 5440 1605 5447; x_wconf 93' lang='lat'>··</span> <span class='ocrx_word' id='word_1_323' title='bbox 1625 5426 1672 5515; x_wconf 65' lang='grc'>91·</span> 
     </span>
    </p>
   </div>
   <div class='ocr_carea' id='block_1_10' title="bbox 289 5562 1574 5638">
    <p class='ocr_par' dir='ltr' id='par_1_13' title="bbox 289 5562 1574 5638">
     <span class='ocr_line' id='line_1_38' title="bbox 289 5562 1574 5638; baseline -0.003 -2"><span class='ocrx_word' id='word_1_324' title='bbox 289 5597 337 5638; x_wconf 79' lang='lat' dir='ltr'>Lib.</span> <span class='ocrx_word' id='word_1_325' title='bbox 347 5597 445 5637; x_wconf 82' lang='lat' dir='ltr'>Benefic.</span> <span class='ocrx_word' id='word_1_326' title='bbox 1379 5579 1387 5591; x_wconf 52' lang='lat'>⁸</span> <span class='ocrx_word' id='word_1_327' title='bbox 1532 5562 1574 5625; x_wconf 63' lang='lat' dir='ltr'>m</span> 
     </span>
    </p>
   </div>
   <div class='ocr_carea' id='block_1_11' title="bbox 0 0 2033 6052">
    <p class='ocr_par' dir='ltr' id='par_1_14' title="bbox 0 0 2033 6052">
     <span class='ocr_line' id='line_1_39' title="bbox 0 0 2033 6052; baseline 0 0"><span class='ocrx_word' id='word_1_328' title='bbox 0 0 2033 6052; x_wconf 95' lang='lat' dir='ltr'> </span> 
     </span>
    </p>
   </div>
  </div>
 </body>
</html>
