4050 6054
312 430 384 504 100

300 631 517 727 etsolvunt
536 638 703 707 decimam
739 621 872 724 canapi.¹
911 635 989 705 Nun
1021 640 1075 705 est
1101 635 1151 705 ibi
1176 635 1290 722 curia,
1326 653 1437 722 neque
1474 632 1673 722 praedium,
1712 634 1856 705 sedeat

302 761 469 848 septimas
506 758 625 828 laneus
663 756 820 845 specialis
857 755 1101 844 ernethenaliS,
1137 755 1179 825 (10
1208 776 1275 843 que
1303 777 1345 823 ex
1374 754 1530 823 urrrnibus
1567 754 1716 843 campie,
1752 753 1855 827 datur

209 863 211 867 ¹
300 881 434 952 decima
462 878 686 967 manipularis
713 899 776 967 pre
804 876 1003 965 praebenda
1029 875 1148 946 Sancti
1175 876 1354 948 Benedicti
1383 880 1616 945 extramuros
1634 873 1856 945 Casimirieu-

301 1023 365 1071 ses.
394 999 610 1069 destinatur
629 998 725 1069 valer
745 998 896 1068 decimae
914 997 1114 1086 praedictae
1142 997 1359 1085 praebendae
1378 995 1690 1085 Wyanczlrowslra,
1718 996 1854 1084 quande

301 1121 449 1211 percipit
485 1119 675 1208 hyemalia,
712 1119 756 1187 ad
789 1122 936 1207 quatuor
973 1137 1126 1205 marcaS,
1163 1116 1298 1206 quando
1337 1137 1419 1186 arere
1455 1115 1653 1204 aestivalia,
1688 1116 1733 1187 ad
1769 1116 1855 1211 duas

298 1263 442 1329 marcas,
458 1240 595 1329 quande
611 1260 693 1310 vere
708 1260 803 1309 aune
814 1239 919 1309 tertia
935 1238 1075 1308 minima
1088 1258 1170 1326 pars
1185 1237 1284 1326 cedit,
1301 1238 1505 1308 aestimatur
1519 1237 1679 1307 adunam
1694 1238 1853 1308 marcam.

403 1362 489 1431 Item
517 1360 716 1450 praebenda
735 1360 912 1448 praedicta
930 1359 1037 1429 habet
1055 1359 1235 1447 septimam
1255 1358 1419 1428 decimam
1440 1357 1476 1427 in
1495 1357 1577 1427 villa
1595 1355 1857 1458 Glubczew,

299 1485 336 1553 in
363 1483 528 1571 parechia
554 1481 719 1551 ecclesiae
747 1481 790 1550 de
817 1480 1170 1570 Raczslawycze
1197 1480 1283 1568 sita,
1311 1480 1407 1549 cuius
1426 1479 1621 1568 proprietas
1640 1480 1793 1566 pertinet
1811 1481 1854 1550 ad

300 1605 450 1677 nubilem
477 1603 671 1673 lohannem
689 1601 956 1691 Petoczsky,
984 1600 1027 1670 de
1052 1620 1181 1690 genere
1208 1592 1493 1689 Szr·enyaua.
1521 1599 1561 1669 ln
1580 1620 1648 1689 qua
1666 1605 1746 1669 suut
1775 1607 1853 1672 ectu

301 1726 393 1795 lanei
412 1724 655 1812 cnmthonales,
683 1744 752 1792 una
769 1724 924 1811 taberna,
943 1722 1167 1792 hortulaniae
1183 1721 1281 1810 duae,
1309 1742 1396 1810 quae
1416 1721 1546 1792 habent
1564 1741 1666 1810 agras
1685 1722 1854 1810 proprius.

301 1847 390 1916 ltem
418 1852 490 1914 tres
518 1845 769 1934 partialitates,
806 1844 892 1913 alias
914 1839 1141 1937 prapaapmhi
1168 1842 1269 1912 villae
1297 1840 1436 1929 Gara,
1473 1842 1668 1930 dequibus
1695 1843 1853 1914 omnibus

302 1967 406 2037 datm·
434 1966 567 2036 decima
595 1965 818 2053 manipularis
846 1964 1030 2035 cuiuslibet
1047 1964 1148 2053 grani
1167 1965 1297 2053 absque
1317 1964 1409 2033 omni
1428 1963 1856 2054 diversificaticne,.prae-

300 2087 432 2158 bendac
468 2086 792 2175 Wyarrczkewskey,
829 2086 926 2157 cuius
962 2084 1061 2155 valer
1096 2085 1300 2155 aestimatur
1335 2084 1379 2155 ad
1414 2089 1490 2154 ecte
1527 2105 1681 2172 marcas,
1717 2084 1856 2157 solvunt

301 2209 405 2278 etiam
433 2208 599 2278 decimam
627 2207 767 2294 canapi:
795 2211 849 2276 est
872 2206 976 2274 etiarn
1005 2205 1053 2276 ibi
1072 2205 1186 2294 curia,
1213 2205 1344 2276 habens
1362 2226 1465 2294 agarus
1485 2205 1690 2295 praedialeS,
1719 2206 1855 2297 ere-qui·

303 2330 366 2401 bus
394 2329 496 2399 datar
524 2328 656 2397 decima
683 2326 919 2415 manipularis.
979 2319 982 2323 ’
1070 2409 1072 2413 ,

404 2448 489 2517 Item
518 2446 717 2536 praebenda
743 2445 900 2535 praefata
927 2446 1033 2515 babet
1060 2451 1218 2516 octavam
1246 2447 1686 2538 decimammanipularem
1713 2449 1749 2518 in
1775 2448 1859 2551 nslla

305 2570 525 2656 Brzeszye,
558 2569 617 2638 ubi
645 2569 749 2637 etiam
776 2568 926 2638 habetur
953 2566 1098 2637 ecclesia
1125 2567 1353 2657 parochialis,
1386 2575 1422 2639 et
1449 2575 1504 2639 est
1534 2569 1731 2640 haereditas
1758 2544 1856 2643 abbi-

304 2691 389 2760 11010
418 2688 582 2758 Stanislai
602 2694 637 2757 et
657 2687 836 2776 Johanuis,
865 2688 1032 2757 dictorum
1061 2688 1546 2780 Marschalkuwyczy,
1561 2691 1604 2761 dc
1634 2692 1736 2762 deme
1761 2691 1858 2762 Plo-

304 2831 510 2899 myenpe,
538 2814 635 2879 trans
654 2808 831 2878 Vislam
860 2829 979 2879 versus
1007 2809 1210 2899 Bochnya
1228 2810 1310 2880 sita:
1330 2809 1371 2880 In
1391 2833 1459 2900 qua
1479 2818 1561 2882 sunt
1579 2812 1746 2884 tredecim
1767 2813 1858 2882 lanei

303 2930 548 3018 emethunales,
576 2935 649 2999 tres
675 2930 841 2999 tabernae
869 2930 1035 3000 habentes
1063 2951 1176 3019 agree,
1204 2931 1293 3002 duae
1319 2932 1539 3014 bertulaniae
1566 2933 1671 3003 etiam
1690 2933 1858 3005 habentes

303 3074 416 3140 agras,
445 3051 486 3120 de
515 3051 638 3139 quibus
666 3049 824 3120 unrrribus
851 3050 956 3121 datur
992 3052 1124 3121 decima
1151 3053 1375 3141 manipularis
1412 3054 1543 3144 absque
1570 3053 1859 3125 diversificatiene

303 3174 371 3243 0011
399 3172 616 3261 praebendae
644 3170 972 3262 Wyanezlrowslrey,
1007 3177 1042 3243 et
1069 3173 1207 3243 ducitur
1234 3194 1296 3262 per
1323 3174 1494 3263 agricolas
1521 3176 1673 3264 propriis
1700 3176 1859 3247 curribus

304 3295 341 3364 10
368 3295 553 3380 horreum,
581 3292 672 3381 qued
700 3293 885 3362 canunicus
913 3293 1075 3382 elegerit,
1102 3294 1242 3365 solvunt
1269 3296 1372 3365 etiarn
1399 3295 1565 3366 decimam
1594 3298 1736 3386 canapi;
1763 3298 1860 3368 valer

287 3415 408 3484 buius
435 3414 586 3483 decimae
613 3413 818 3482 aestimatur
846 3414 890 3483 ad
917 3413 1065 3484 sedecim
1101 3436 1245 3485 marcas.
1286 3415 1351 3486 Est
1378 3417 1483 3487 etiam
1512 3417 1559 3486 ibi
1587 3418 1701 3507 curia,
1727 3418 1859 3490 habeus

302 3556 407 3624 agras
436 3534 650 3624 praedialeS,
677 3533 719 3604 de
747 3535 871 3624 quibus
899 3535 1046 3606 solvitur
1082 3536 1213 3631 decima
1240 3538 1465 3626 manipularis
1494 3538 1640 3628 plebano
1669 3539 1797 3611 ibidem
1824 3541 1859 3610 in

307 3640 555 3745 Braeszye,
594 3656 677 3725 item
707 3655 887 3726 duedecim
924 3656 1028 3744 sulci,
1064 3679 1149 3746 ques
1177 3658 1334 3728 adiunxit
1370 3660 1492 3729 haeres
1529 3661 1696 3731 tabernae
1734 3662 1859 3733 tertiae

306 3778 420 3848 dictae
448 3776 674 3866 blysseze,
702 3775 871 3846 decimant
899 3777 1065 3847 eeclesiae
1092 3778 1127 3846 in
1155 3777 1394 3869 Brzcszye.

408 3899 494 3966 ltenr
524 3896 722 3984 praehenda
747 3895 926 3986 praedicta
953 3898 1059 3968 habet
1085 3920 1209 3968 nonam
1237 3900 1404 3970 decimam
1439 3903 1688 3991 manipadarem
1717 3905 1751 3973 in
1780 3904 1861 3974 villa
1929 3986 1931 3990 v

307 4018 585 4105 Darnbrewa,
613 4018 648 4085 in
677 4018 842 4105 parochia
869 4018 1035 4088 ecelesiae
1063 4019 1104 4088 de
1123 4018 1353 4111 Brzeszye
1380 4023 1597 4113 praedictae,
1625 4025 1721 4095 cuius
1740 4025 1861 4095 haere-

303 4138 398 4206 ditas
424 4137 577 4225 pertinet
605 4137 649 4207 ad
676 4138 871 4224 praedictus
890 4139 1098 4210 Stanislaum
1118 4146 1154 4210 et
1171 4140 1363 4222 Jehannenr
1383 4141 1423 4211 M
1433 4145 1568 4213 arech
1581 4145 1760 4236 alhuwy
1774 4166 1861 4238 czy.

304 4258 344 4327 In
364 4278 434 4346 qua
462 4263 542 4326 sunt
568 4257 661 4326 lanei
689 4258 925 4329 crrrethunales
953 4264 988 4329 et
1015 4261 1102 4368 duae
1130 4262 1297 4333 tabernae
1324 4263 1493 4335 habentes
1523 4286 1635 4355 agras,
1664 4267 1708 4339 de
1736 4269 1861 4357 quibus

306 4380 466 4450 errrnibns
495 4378 641 4448 solvitur
669 4378 800 4448 decima
826 4381 1051 4471 manipularis
1079 4383 1277 4472 praedictae
1303 4385 1521 4474 praebendae
1541 4386 1861 4481 Wyanczkewskey

305 4502 438 4589 absque
465 4499 774 4589 diversificatimm,
802 4502 948 4592 dempto·
968 4504 1140 4575 duntaxat
1164 4526 1233 4576 000
1257 4526 1377 4595 campe
1397 4507 1498 4578 unius
1517 4509 1702 4599 tabernae,
1731 4510 1774 4581 de
1794 4532 1860 4600 qua

305 4622 399 4693 cedit
426 4621 561 4691 decima
589 4622 813 4710 manipularis
840 4624 1005 4695 ecclesiae
1032 4626 1067 4696 in
1094 4626 1346 4717 Brzeszy03
1381 4628 1520 4700 ducitur
1548 4631 1651 4701 etiarn
1679 4652 1741 4720 per
1767 4632 1860 4720 agri-

239 4822 244 4827 ,
305 4743 398 4814 colas
426 4744 577 4832 propriis
605 4744 762 4815 curribus
790 4746 824 4815 in
852 4746 1032 4835 horreum,
1061 4747 1152 4837 quud
1170 4749 1354 4820 canonicus
1383 4751 1623 4842 cerrstituerit,
1650 4759 1686 4823 et
1711 4752 1861 4824 solvitur

306 4865 439 4935 decima
475 4865 616 4954 carrapi,
652 4870 688 4935 et
713 4867 915 4938 aestimatur
952 4869 1067 4940 valor
1086 4869 1200 4940 dictae
1235 4870 1388 4942 decimae
1424 4871 1468 4942 ad
1502 4872 1681 4943 duedecim
1700 4894 1861 4945 marcas·

306 4984 385 5055 Nan
412 4991 466 5055 est
492 4986 540 5057 ibi
568 4987 682 5076 curia,
710 5007 820 5077 neque
847 4990 1027 5077 praedium
1055 4990 1204 5080 aliquod.

372 5192 375 5197 ι
410 5106 497 5176 Item
525 5107 723 5197 praebenda
749 5109 928 5198 praedicta
954 5111 1060 5181 habet
1087 5110 1253 5182 decimam
1271 5112 1522 5203 nrarripularem
1541 5115 1707 5187 decimam
1725 5117 1761 5186 in
1780 5117 1863 5188 villa

275 5274 277 5277 -
305 5227 718 5320 Krakuschewyce,
737 5229 873 5301 villain
892 5231 1058 5320 parochia
1076 5231 1242 5304 ecclesiae
1260 5234 1303 5305 de
1322 5234 1355 5304 N
1362 5252 1633 5326 yegewyeez
1660 5238 1736 5328 sita
1764 5238 1862 5310 cuius

305 5349 503 5424 haereditas
532 5351 685 5443 pertinet
711 5351 755 5425 ad
782 5353 915 5429 nubilas
926 5353 1156 5446 ,810010οι0,
1185 5354 1381 5431 Jehunuem
1398 5363 1437 5431 et
1454 5355 1681 5450 (lethardum,
1699 5360 1743 5432 de
1760 5360 1861 5433 dome
