4080 6068
292 415 340 485 at

291 621 383 692 lanei
410 596 662 707 emethonales,
688 617 772 689 item
799 616 966 705 taberna,
1002 616 1085 686 item
1111 613 1201 686 duae
1227 613 1465 703 hortulaniae,
1492 614 1575 685 item
1602 610 1847 702 molendinum,

291 742 459 812 habentes
487 760 590 829 agros
619 737 794 828 speciales,
823 737 865 829 de
885 736 1009 827 quibus
1028 737 1186 807 omnibus
1210 737 1358 807 solvitur
1385 736 1518 807 decima
1536 735 1765 824 manipularis
1784 755 1848 823 pro

290 862 423 933 vicaria
448 859 615 950 praelata,
634 867 670 929 ot
686 864 849 929 tenentur
867 878 943 928 eam
962 858 1094 959 incplae
1121 858 1274 947 propriis
1296 857 1456 928 curribus
1484 855 1609 929 ducere
1627 857 1662 926 in
1681 855 1845 926 borreum

290 983 468 1082 avicario
495 980 687 1069 locandum,
715 979 854 1050 solvunt
881 977 1048 1048 decimam
1075 998 1138 1068 per
1158 984 1308 1068 quatuor
1334 981 1511 1049 iuncturas
1539 977 1669 1066 canapi,
1689 981 1724 1046 et
1741 975 1849 1046 aesti-

208 1091 214 1104 “
291 1086 405 1173 matur
432 1101 529 1173 valor
556 1101 709 1172 decimae
736 1099 914 1189 praefatae
942 1099 987 1170 ad
1014 1120 1075 1170 sex
1103 1119 1247 1170 marcas.
1276 1099 1341 1170 Est
1360 1101 1464 1171 etiam
1492 1099 1540 1170 ibi
1569 1098 1666 1168 curia
1683 1096 1845 1166 militaris

291 1225 423 1295 habens
451 1244 554 1311 agros
581 1220 787 1311 praediales,
815 1221 857 1290 de
886 1220 1010 1309 quibus
1038 1220 1186 1291 solvitur
1217 1221 1351 1291 decima
1378 1219 1604 1310 manipularis
1630 1218 1843 1288 monasterio
1978 1271 1981 1276 .

292 1343 456 1433 Corporis
484 1341 615 1413 Christi
642 1342 678 1412 in
705 1341 966 1413 Casimiria.
999 1342 1086 1412 Item
1115 1341 1310 1430 proprietas
1337 1348 1374 1412 et
1401 1341 1588 1411 dominium
1616 1339 1720 1410 villae
1747 1359 1847 1426 prae-

291 1465 385 1536 fatae
411 1466 563 1554 pertinet
591 1463 636 1534 ad
662 1462 933 1534 illustrissimum
961 1461 1258 1551 Oasimirum,
1286 1483 1402 1551 regern
1430 1461 1605 1533 Poloniae.

395 1585 483 1655 Item
510 1583 709 1674 praebenda
736 1583 892 1674 praelata
918 1582 1186 1672 Roszyeiovska
1213 1589 1334 1655 taxata
1360 1588 1414 1654 est
1449 1584 1546 1653 iuxta
1577 1581 1722 1671 antiqua
1748 1600 1846 1668 rege-
1905 1615 1906 1618 π
1966 1631 1973 1636 ,-

292 1711 366 1777 stra
393 1706 437 1776 ad
464 1707 716 1796 quinquaginta
741 1707 916 1777 marcas‘

378 2072 623 2157 Praebenda
657 2082 701 2156 at
733 2073 1009 2156 canonicatus
1042 2071 1345 2153 Oracovienais
1380 2069 1768 2151 Boasclrutlrowaka
1903 2180 1907 2185 .

864 2217 903 2293 in
936 2211 1091 2292 dextro
1123 2213 1272 2291 cboro.

398 2437 604 2508 Praebenda
631 2440 667 2506 et
691 2435 913 2508 canonicatus
933 2431 1171 2503 cracoviensis
1191 2432 1492 2523 Bosschutowslra,
1520 2454 1623 2525 quam
1642 2454 1732 2505 nunc
1749 2438 1846 2505 tenet

293 2559 456 2630 Nicolaus
484 2557 527 2627 de
555 2557 750 2646 Syenno,
777 2554 904 2626 nobilis
931 2553 974 2624 de
1001 2554 1349 2643 domo‘Dambno,
1376 2554 1483 2625 habet
1506 2575 1570 2644 pro
1589 2555 1670 2625 dote
1690 2576 1754 2626 sua
1770 2553 1847 2624 sun-

294 2680 374 2750 dum
403 2678 520 2749 villam
547 2677 861 2763 Bossclrutow,
889 2675 1110 2765 semiplenam
1128 2681 1244 2745 tamen
1272 2682 1307 2745 ct
1326 2696 1393 2745 non
1422 2676 1602 2765 integram,
1621 2697 1643 2747 a
1661 2698 1729 2765 qua
1746 2696 1848 2765 prae-

292 2800 406 2871 benda
432 2798 610 2889 praedicta
636 2797 928 2869 Bosschutovska
954 2797 1157 2886 appellatur,
1186 2797 1249 2867 sub
1272 2797 1437 2885 parochia
1455 2796 1620 2867 ecclesiae
1639 2798 1681 2869 de
1700 2797 1845 2867 Wian·

295 2921 433 2992 ezlaw
445 2921 455 2989 i
466 2940 511 2990 cz
522 2941 550 2989 e.
568 2919 608 2989 In
628 2939 696 3008 qua
714 2924 767 2989 est
786 2919 883 2990 curia
901 2918 1118 3006 canonicalis,
1138 2917 1282 3006 pulchra
1300 2898 1431 2988 liabens
1450 2918 1621 3007 aedilicia,
1634 2919 1791 3007 pomeria
1809 2925 1845 2988 et

245 3024 251 3029 ⁹
294 3062 397 3131 agros
415 3040 609 3130 praediales
625 3041 659 3110 in
674 3046 747 3111 tres
767 3059 905 3128 campos
924 3039 1114 3128 distinctos,
1135 3038 1177 3108 de
1192 3039 1316 3127 quibus
1330 3038 1415 3108 nulli
1435 3039 1538 3109 solvit
1555 3040 1723 3110 decimam
1737 3041 1846 3108 mani-

293 3163 457 3251 pularem,
478 3160 628 3232 sedeam
644 3161 737 3233 solus
757 3160 904 3250 percipit
917 3166 953 3230 et
966 3161 1001 3230 in
1015 3161 1179 3230 horreum
1193 3159 1373 3248 proprium
1388 3159 1529 3230 inducit.
1547 3160 1634 3229 ltem
1654 3161 1761 3230 babet
1773 3166 1847 3230 tres

293 3283 413 3353 laneos
432 3282 673 3369 emethonales,
693 3302 735 3352 ex
755 3282 880 3370 quibus
899 3282 967 3353 duo
987 3281 1125 3351 solvunt
1143 3302 1206 3369 pro
1222 3301 1326 3350 censu
1344 3300 1407 3368 per
1421 3300 1525 3350 unam
1544 3301 1763 3369 sexagenam,
1776 3285 1847 3349 tov-

293 3403 363 3473 tius
383 3423 445 3491 per
463 3423 566 3473 unam
585 3422 745 3473 marcam.
763 3402 851 3472 Item
871 3402 1017 3491 quilibet
1035 3402 1171 3472 cmetho
1189 3400 1234 3470 de
1251 3400 1360 3489 laneo,
1379 3421 1399 3469 a
1417 3399 1506 3471 testo
1525 3400 1846 3472 Sanctissartholo-

160 3616 162 3625 Ι
230 3554 243 3560 ·
294 3523 392 3612 maei,
411 3523 455 3593 ad
473 3523 598 3594 festum
617 3523 735 3593 Sancti
753 3523 898 3593 Joannis
913 3523 1104 3612 Baptistae,
1123 3522 1260 3592 laborat
1278 3522 1419 3610 proprio
1435 3543 1537 3591 curru
1552 3529 1613 3591 aut
1626 3527 1745 3592 aratro
1759 3522 1847 3592 druos

254 3630 259 3641 ’
294 3645 329 3713 in
349 3645 543 3734 septimana
561 3645 647 3733 dies,
666 3667 687 3713 a
704 3644 793 3715 festo
813 3665 896 3714 vero
916 3643 1034 3714 Sancti
1052 3641 1208 3730 loannis,
1227 3663 1336 3731 usque
1355 3642 1399 3711 ad
1417 3641 1543 3713 testum
1563 3642 1682 3713 Sancti
1696 3642 1846 3713 Bartho-

294 3765 427 3854 lomaei,
447 3773 518 3837 tres
538 3766 620 3836 dies.
639 3766 727 3836 Item
746 3766 910 3836 ducturas
930 3763 1060 3836 iaciunt
1079 3763 1124 3834 ad
1142 3764 1310 3833 rationem
1331 3763 1465 3833 dicrum
1484 3766 1519 3834 iu
1538 3764 1733 3852 septimana
1751 3763 1847 3833 debi-

294 3894 418 3988 torum,
442 3895 583 3975 praeter
601 3887 782 3958 ducturam
801 3885 901 3975 foeni,
931 3887 1022 3974 quod
1041 3887 1076 3955 iu
1096 3864 1296 3955 Cracoviam
1316 3905 1357 3954 ex
1385 3884 1688 3955 Bosscliutov
1716 3885 1846 3974 absque

228 4042 232 4046 ⁴
295 4007 350 4075 die
370 4007 573 4095 conducunt
601 4029 669 4077 non
689 4007 828 4077 solvunt
847 4026 990 4076 avenam
1019 4007 1105 4075 alias
1123 4027 1229 4097 campo,
1257 4025 1368 4094 neque
1388 4026 1516 4093 caseos,
1545 4004 1604 4075 sed
1633 4005 1779 4093 quilibet
1804 4005 1847 4085 de

295 4125 394 4195 laneo
414 4126 518 4197 solvit
536 4127 681 4215 triginta
699 4148 774 4214 ova,
802 4126 888 4196 duos
907 4147 1064 4214 capones.
1092 4125 1179 4194 Item
1208 4125 1314 4195 habet
1336 4126 1550 4196 hortulauias
1578 4133 1660 4213 trcs,
1679 4127 1846 4196 habentes

295 4265 407 4333 agros,
436 4245 582 4334 quilibet
600 4247 804 4316 hortulanus
832 4246 936 4316 solvit
962 4265 1104 4332 grossos
1128 4247 1396 4334 quatuordocim,
1424 4246 1617 4335 quindecim
1637 4267 1712 4334 ova,
1740 4267 1845 4317 unum

294 4364 433 4455 gallum,
457 4366 540 4436 item
561 4387 663 4436 unum
684 4366 773 4436 diem
793 4366 828 4435 in
847 4366 1040 4454 septimana
1058 4364 1194 4436 laborat
1204 4368 1382 4456 pedester.
1409 4366 1496 4436 item
1515 4366 1558 4435 da
1576 4367 1671 4455 agris
1690 4367 1845 4437 hortula-

293 4487 428 4557 niarum
456 4492 492 4557 et
517 4488 700 4576 tabernae,
729 4486 878 4575 percipit
913 4485 1078 4556 decimam
1117 4489 1366 4578 manipularem
1402 4488 1587 4559 canonicus
1618 4487 1840 4577 praebendae

294 4607 472 4697 praelatae
499 4629 562 4698 pro
582 4591 747 4697 temporo,
776 4613 811 4676 et
829 4607 960 4678 ducunt
977 4628 1053 4677 eam
1080 4610 1232 4699 propriis
1260 4610 1418 4681 curribus
1446 4609 1481 4679 in
1500 4609 1664 4680 horreum
1683 4630 1782 4680 suum
1810 4610 1845 4677 in

294 4729 574 4801 Bosschutow.
601 4729 689 4799 Item
708 4749 826 4798 omues
846 4719 1053 4818 cmetlroneS‚
1072 4731 1247 4805 hortulani
1267 4736 1302 4802 et
1321 4731 1534 4819 tabernator,
1552 4731 1715 4801 laborant
1732 4729 1845 4819 dupli·

295 4870 368 4919 cem
378 4849 569 4944 parricidam
586 4850 621 4919 in
640 4870 740 4919 anno.
759 4848 837 4919 Non
856 4855 911 4920 est
929 4850 976 4920 ibi
995 4852 1237 4941 molendinum,
1257 4851 1318 4922 sed
1336 4858 1410 4926 tres
1429 4872 1556 4942 parvae
1575 4851 1737 4941 piscinae.
1756 4849 1842 4919 Item

294 4971 407 5041 altera
424 4971 591 5041 medietas
609 4970 809 5058 praedictae
827 4959 939 5061 villae,
959 4972 1111 5060 pertinet
1128 4973 1172 5043 ad
1191 4974 1302 5043 altare
1321 4971 1439 5043 Sancti
1459 4972 1610 5042 Tlromae
1630 4970 1791 5059 Apostoli
1810 4971 1845 5040 in

295 5091 440 5161 ecclesia
458 5090 686 5180 cracoviensi,
705 5097 741 5161 ct
755 5091 860 5163 babet
879 5091 927 5164 ibi
946 5094 1074 5163 curiam
1090 5099 1126 5163 et
1140 5114 1243 5182 agros
1262 5093 1468 5182 praediales,
1486 5098 1523 5162 et
1537 5099 1609 5164 tres
1623 5092 1742 5169 laneos
1756 5111 1845 5162 ame-

295 5211 463 5283 tbouales.
489 5212 577 5284 Item
596 5212 638 5284 de
657 5213 815 5285 omnibus
833 5213 943 5283 laneis
962 5214 1234 5284 emethonalibus
1253 5215 1433 5303 utriusque
1452 5213 1572 5302 partia,
1591 5218 1663 5284 tom
1681 5213 1845 5284 videlicet

295 5332 459 5423 canonici,
479 5354 581 5424 quam
599 5333 792 5422 altaristae,
811 5333 959 5405 solvitur
979 5332 1112 5405 decima
1129 5333 1368 5425 manipularis,
1383 5334 1444 5406 sed
1459 5333 1565 5424 varie;
1584 5355 1664 5405 uam
1683 5333 1726 5403 de
1741 5332 1845 5403 certis
