4050 6054
1634 442 1640 449 ’
1727 494 1799 565 355

254 718 342 799 quae
368 696 411 768 de
438 696 591 787 propriis
618 697 833 787 agricultra
858 716 961 787 agros
979 702 1015 767 et
1031 696 1150 768 laneos
1174 695 1434 787 oppidanorum,
1461 682 1568 771 hahet
1594 719 1654 769 sex
1672 699 1800 793 laneos,

253 816 297 897 de
324 817 448 907 quibus
476 816 641 889 decimam
667 816 917 907 manipularem
945 816 1051 888 solvit
1072 816 1235 888 ecclesiae
1253 816 1443 906 parochiali
1469 814 1596 889 ibidem
1622 819 1659 889 in
1678 817 1799 892 Schi-

252 937 387 1035 dlow3
414 937 497 1008 item
524 935 705 1027 praedium
731 937 865 1026 regium
891 936 940 1007 ibi
968 936 1053 1008 satis
1081 958 1235 1027 parvum,
1263 937 1305 1007 de
1325 958 1392 1027 quo
1411 937 1544 1008 decima
1569 920 1673 1009 datur
1691 939 1798 1011 eccle-

251 1058 324 1137 siae
350 1058 386 1128 in
413 1055 648 1130 Schidlov
673 1057 912 1148 manipularis;
949 1058 1032 1128 item
1058 1058 1257 1148 praebenda
1282 1056 1438 1148 praefata
1464 1056 1572 1129 habet
1597 1059 1684 1129 alias
1712 1059 1797 1132 duas

250 1178 400 1255 decimas
427 1177 668 1268 manipulareS,
696 1177 731 1248 in
750 1177 842 1248 villis
868 1176 1131 1249 Sidlovska
1157 1176 1366 1248 Wolicza
1392 1183 1428 1248 et
1450 1178 1485 1247 in
1513 1177 1662 1249 Sueba
1688 1198 1798 1271 prope

248 1297 433 1387 Iisdem,
461 1297 522 1369 sed
549 1296 712 1369 Nicolaus
739 1296 964 1369 Vilhelmi
992 1298 1034 1369 de
1062 1297 1376 1387 Sandomiria,
1403 1296 1685 1391 regniPoloniae
1712 1306 1797 1373 tunc

249 1417 550 1490 vicecancellarius
569 1421 605 1489 et
622 1416 776 1489 eiusdem
803 1417 1022 1508 praebendae
1040 1418 1234 1507 eanonicus,
1261 1417 1436 1489 fundando
1464 1439 1588 1489 novam
1615 1418 1796 1507 parochia-

248 1539 315 1610 lem
342 1538 520 1610 ecclesiam
546 1540 582 1610 in
609 1535 874 1628 Odanchovv,
901 1560 990 1629 quae
1017 1539 1103 1610 alias
1130 1560 1304 1629 nunquam
1331 1539 1379 1625 ihi
1407 1545 1493 1628 erat,
1521 1537 1670 1609 decimas
1694 1560 1795 1630 prae-

247 1659 338 1732 fatas
365 1680 387 1731 a
413 1658 612 1751 praehenda
637 1660 854 1749 abstrahens,
880 1661 974 1750 ipsas
1002 1660 1167 1731 ecclesiae
1194 1661 1230 1730 in
1257 1659 1516 1732 Odanchow
1547 1665 1714 1750 perpetuo
1741 1660 1794 1731 in-

247 1780 396 1871 scripsit.
439 1780 527 1852 ltem
562 1776 761 1872 praebenda
796 1779 954 1870 praefata
979 1781 1282 1871 Zayanezkowsha
1314 1780 1421 1851 habet
1448 1780 1585 1850 domum
1612 1784 1649 1849 et
1673 1800 1790 1851 aream

245 1907 449 1992 perpetuam
475 1902 512 1972 in
538 1899 835 1973 Sandomiria
861 1921 925 1991 pro
943 1901 1132 1972 residentia
1159 1907 1196 1972 et
1221 1900 1464 1972 recollectione
1490 1899 1655 1989 canonici,
1683 1900 1792 1971 conti·
1919 1963 1922 1968 .

243 2042 346 2112 guam
385 2021 568 2112 campanili
604 2021 769 2093 ccclesiae
797 2021 1104 2111 Sandomiriensis3
1139 2022 1222 2093 item
1249 2021 1442 2112 praefatum
1475 2020 1638 2111 oppidum
1664 2020 1793 2092 locavit

245 2141 521 2214 vladislaus
548 2141 784 2214 Secundus
810 2142 1011 2230 Loktek,
1043 2163 1104 2213 rex
1124 2142 1298 2231 Poloniae,
1326 2142 1492 2231 coemptis
1518 2161 1643 2211 novem
1669 2141 1788 2212 taher-

245 2263 307 2352 nis,
334 2282 422 2353 quae
449 2269 551 2335 erant
577 2263 627 2334 ibi
654 2282 675 2332 a
703 2263 893 2353 Tholigneo
920 2262 1318 2354 Kotthuszowshy
1355 2263 1398 2333 de
1426 2261 1526 2333 domo
1553 2261 1789 2352 Zyrzawa,

242 2404 306 2475 pro
333 2385 491 2456 tricentis
517 2385 642 2456 marcis
668 2384 818 2456 latorum
843 2403 1044 2474 grossorum
1070 2383 1309 2474 Pragensium3
1335 2383 1419 2454 item
1445 2383 1481 2453 in
1509 2382 1602 2472 agris
1630 2381 1790 2452 villarum

242 2504 449 2596 Poszyen
476 2509 512 2578 et
536 2503 770 2595 Wolycza,
798 2525 886 2594 quae
912 2504 1137 2576 commutavit
1163 2524 1226 2595 pro
1254 2503 1383 2594 duplici
1409 2502 1645 2574 Kaczicze.

439 2886 444 2895 ι
565 2765 731 2848 Vinaria
766 2765 1035 2872 praebendae
1069 2765 1459 2872 leyenezkoweke.

270 3009 274 3018 ·
341 2984 546 3060 Praebenda
580 2986 869 3060 Sandomiriensis
904 2987 1209 3078 Zayanczhowska
1243 2987 1349 3058 habet
1384 2986 1581 3076 habereque
1609 2986 1788 3059 consvevit

238 3107 403 3207 vicariam
428 3114 632 3199 perpetuam
659 3109 694 3180 in
721 3109 868 3180 ecclesia
893 3107 1182 3197 Sandomiriensi,
1219 3108 1314 3178 cuius
1350 3108 1533 3179 canonieus
1567 3108 1786 3198 praebendae

238 3212 415 3317 praefatae
450 3249 514 3319 pro
541 3227 696 3319 tempore
731 3229 851 3300 unicus
879 3233 933 3300 est
959 3228 1105 3300 collator
1132 3234 1167 3299 et
1193 3234 1380 3318 patronus,
1416 3249 1518 3318 quam
1555 3249 1645 3298 nunc
1678 3229 1787 3301 hahet

237 3347 506 3421 Stanislaus
533 3348 575 3420 de
602 3348 846 3440 Oppoczno
872 3350 1074 3439 presbyter,
1111 3369 1198 3438 quae
1225 3369 1288 3439 pro
1321 3349 1374 3419 sui
1401 3349 1482 3419 dote
1509 3353 1543 3419 et
1570 3340 1784 3439 proprietale

236 3468 372 3542 unicam
399 3469 506 3543 habet
532 3469 698 3542 decimam
725 3471 761 3540 in
787 3469 870 3542 villa
896 3469 1095 3559 Pothok,
1123 3470 1220 3539 cuius
1248 3469 1478 3540 conditionem
1507 3469 1597 3539 inira
1615 3471 1783 3559 ponimns.

338 3589 504 3680 Parnon,
532 3591 615 3662 villa
641 3611 749 3681 prope
776 3590 948 3662 Sidlow
976 3591 1051 3680 sita,
1080 3590 1226 3662 Sanctae
1253 3590 1389 3661 Mariae
1415 3590 1647 3680 parochialem
1675 3591 1783 3661 eecle-

234 3711 322 3784 siam
348 3711 480 3784 habens
507 3712 544 3784 in
571 3733 617 3801 se,
645 3712 690 3782 ad
717 3711 988 3783 illustrissimum
1013 3711 1178 3782 Poloniae
1205 3732 1320 3802 regem
1361 3732 1437 3780 cum
1464 3718 1538 3782 toto
1567 3710 1717 3781 dominio
1746 3717 1782 3782 et

45 3919 47 3923 ‚
104 3926 107 3931 Ι
234 3832 451 3923 proprietate
478 3834 667 3924 pertinens,
693 3833 730 3904 in
758 3854 825 3923 qua
851 3839 933 3905 sunt
960 3833 1221 3923 quatuordecim
1247 3832 1339 3904 lanei
1367 3828 1609 3921 emethonaleS,
1637 3832 1679 3902 de
1707 3833 1782 3923 qui-

234 3952 298 4025 bus
326 3954 483 4026 omnihus
511 3955 641 4045 absque
669 3953 896 4027 diminutione
923 3954 1070 4026 solvitur
1097 3954 1230 4025 decima
1256 3952 1480 4043 manipularis
1498 3959 1534 4024 et
1552 3973 1615 4043 per
1634 3959 1783 4045 quatuor

205 4074 370 4164 ¹ierugas
397 4075 573 4166 canapalis
601 4076 752 4149 vicariae
778 4075 973 4167 praefatae,
1001 4081 1037 4147 et
1063 4075 1193 4147 ducunt
1220 4096 1296 4147 eam
1323 4075 1523 4146 emethones
1556 4076 1591 4146 in
1617 4077 1781 4148 horreum

232 4214 255 4265 a
280 4193 410 4266 vicarm
437 4194 621 4268 locandum
647 4202 684 4269 et
709 4196 808 4270 valor
834 4194 908 4268 eius
936 4196 1141 4267 aestimatur
1168 4195 1212 4267 ad
1239 4195 1367 4285 decern,
1393 4196 1567 4267 interdurn
1585 4195 1629 4267 ad
1653 4196 1781 4268 duode-

231 4314 297 4389 cim
323 4336 468 4388 marcas.
493 4317 582 4389 Item
609 4325 690 4390 sunt
715 4319 765 4390 ihi
791 4317 880 4390 duae
906 4317 1072 4389 tabernae
1098 4317 1267 4389 habentes
1295 4338 1407 4409 agros,
1434 4317 1477 4389 de
1505 4319 1630 4408 quibus
1649 4318 1781 4389 decima

230 4437 457 4533 manipularis
492 4438 641 4512 solvitur
667 4439 832 4513 ecclesiae
858 4439 986 4511 ibidem
1012 4439 1050 4510 in
1080 4438 1282 4528 Poth0k3
1318 4439 1400 4511 item
1427 4459 1496 4511 non
1524 4444 1576 4511 est
1603 4439 1661 4509 ibi·
1678 4460 1779 4529 prae-

230 4557 324 4631 dium
351 4559 500 4649 aliquod,
527 4581 597 4632 non
625 4566 678 4633 est
704 4561 947 4651 molendinum,
974 4582 1043 4633 non
1061 4565 1144 4633 sunt
1161 4560 1391 4650 hortulaniae;
1418 4561 1501 4632 item
1529 4560 1659 4631 vicaria
1679 4581 1778 4651 prae·
1861 4594 1867 4603 ·

206 4678 299 4753 lata
324 4680 432 4754 habet
457 4680 596 4755 domum
622 4689 659 4755 et
684 4683 939 4756 habitationem
975 4681 1152 4774 propriam
1187 4684 1224 4754 in
1259 4664 1577 4771 Sandomiria,¹
1612 4682 1715 4752 sitam
1742 4681 1777 4751 in
1861 4677 1866 4703 '

228 4820 311 4875 area
336 4806 505 4893 perpetua
531 4804 585 4875 sui
612 4803 767 4877 canonici
794 4809 831 4876 et
855 4803 1077 4895 praebendae
1103 4804 1163 4876 Za
1170 4804 1517 4896 yanczhovska.

329 4922 418 4995 Item
444 4924 642 5014 praebenda
667 4924 827 5016 praefata
853 4926 912 4997 Za
920 4926 1263 5017 yanczkonslra
1289 4926 1388 4997 iuxta
1405 4931 1525 4997 vetera
1551 4930 1587 4995 et
1613 4943 1704 4996 nova
1720 4943 1776 4995 re-

226 5049 345 5134 gesara
370 5049 491 5119 arata
516 5051 570 5120 est
595 5046 641 5119 ad
667 5051 799 5139 septem
825 5068 968 5122 marcas.
