4050 6054
233 462 306 575 sae

231 668 543 757 Accipitrum,
578 666 663 738 item
690 665 735 737 ad
763 664 929 735 Thomam
956 663 1234 756 Pyelgrzym
1270 662 1313 733 de
1340 662 1610 756 Scithnihy‚
1646 661 1683 733 in
1711 680 1785 753 qua

231 794 312 860 11111
338 787 599 878 quatuordecim
634 786 726 857 lanei
762 785 1015 874 emethonales3
1051 786 1228 876 pertinent
1253 783 1421 855 tredecim
1446 783 1539 855 lanei
1564 782 1608 854 ad
1634 781 1785 871 nobileS,

230 908 529 1000 quartusdecimus
556 908 601 977 ad
627 907 904 998 praeposituram
931 904 964 976 S.
991 905 1182 977 Michaelis.
1210 906 1299 976 Item
1316 910 1389 975 tres
1417 906 1584 977 tabernae
1610 904 1785 975 habentes

230 1050 343 1121 agros,
370 1031 453 1100 item
480 1048 603 1099 norem
630 1027 851 1098 hortulaniac
878 1027 1046 1097 habentes
1074 1047 1196 1117 agros,
1223 1025 1266 1096 de
1295 1026 1419 1115 quibus
1446 1025 1604 1097 omnibus
1631 1024 1785 1096 solvitur

232 1149 364 1220 decima
391 1148 617 1238 manipularis
643 1147 861 1239 praebendae
880 1145 1111 1236 Crotoniensi,
1139 1167 1227 1236 quae
1254 1152 1400 1217 vocatur
1428 1144 1786 1237 Scythniczska.

230 1268 479 1359 Praepositum
515 1289 599 1339 vcro
635 1267 667 1339 S.
694 1267 877 1338 Michaelis
913 1267 1020 1339 habet
1054 1268 1089 1337 in
1124 1267 1206 1337 villa
1241 1267 1360 1337 eadem
1397 1286 1503 1336 unum
1539 1264 1787 1336 tantummodo

231 1390 368 1461 laneum
402 1389 671 1479 emethonalem,
707 1387 793 1458 nulli
820 1378 932 1477 alteri,
959 1388 1026 1457 nisi
1053 1388 1253 1479 praeposito
1280 1387 1313 1457 S.
1339 1386 1522 1457 Michaelis
1549 1387 1787 1475 pertinentem

231 1516 267 1582 et
286 1510 488 1598 obnoxium,
510 1516 546 1580 ct
574 1509 632 1598 qui
659 1509 695 1579 in
713 1508 872 1598 polonico
900 1507 1064 1578 idiomate
1091 1508 1136 1577 ad
1163 1506 1392 1578 differentiam
1420 1507 1567 1578 aliomm
1601 1507 1788 1578 laneorum

231 1630 334 1701 villae
360 1636 505 1701 vocatur
541 1628 805 1719 Zaduszuy‚
842 1628 1065 1717 quiquidem
1101 1628 1222 1698 laneus
1258 1647 1326 1699 nou
1364 1627 1539 1718 obligatur
1574 1627 1619 1698 ad
1646 1627 1789 1717 aliquas

231 1750 369 1822 labores
404 1771 547 1839 annuos,
574 1749 629 1821 vel
657 1749 920 1838 septimanales,
947 1769 1011 1819 nec
1038 1747 1082 1819 ad
1109 1748 1225 1839 aliqua
1251 1749 1395 1838 tributa,
1423 1753 1483 1818 aut
1509 1748 1634 1838 dacica,
1660 1746 1792 1819 videli-

232 1875 287 1941 cet
303 1870 424 1962 gallos,
450 1890 525 1960 ova,
551 1890 680 1959 caseos,
707 1875 943 1958 1111111111,
970 1869 1030 1939 sed
1049 1874 1120 1939 tam
1139 1889 1203 1959 pro
1229 1869 1372 1940 tributis
1390 1873 1427 1940 11
1444 1869 1561 1959 daciis,
1587 1888 1692 1959 quam
1719 1886 1792 1958 pro
1839 1948 1843 1955 ,

232 2011 335 2062 censu
358 1997 393 2061 11
411 1991 588 2063 laboribus
616 1990 721 2062 solvit
736 1989 937 2081 praeposito
965 1990 998 2060 S.
1016 1989 1199 2061 Michaelis
1226 2010 1289 2080 pro
1316 1995 1474 2079 tempore
1501 2008 1604 2061 unam
1630 2008 1791 2061 marcam

232 2133 308 2183 cum
336 2111 495 2202 dimidIa3
530 2112 613 2182 item
641 2110 732 2182 idem
759 2111 879 2182 laneus
905 2110 1149 2203 Zaduszny
1186 2111 1291 2182 soluit
1326 2111 1493 2182 decimam
1529 2109 1790 2200 manipularem

231 2231 450 2322 praebendae
487 2232 722 2324 Gracovieusi,
755 2252 843 2323 quae
870 2236 1015 2304 vocatur
1040 2231 1382 2303 Scithniczska.

335 2353 666 2443 Musunwczrczu,
693 2354 777 2424 villa
804 2353 869 2424 sub
905 2354 1071 2443 parochia
1098 2353 1263 2424 ecclcsiae
1290 2352 1333 2423 de
1360 2351 1669 2443 Cosczelyecz
1703 2351 1791 2442 sita,

233 2476 328 2545 cuius
356 2474 551 2565 proprietas
586 2479 624 2546 et
649 2473 838 2546 dominium
872 2473 916 2545 ad
950 2473 1229 2564 praeposituram
1265 2472 1298 2544 S.
1324 2472 1507 2544 Michaelis
1543 2473 1716 2563 pertinet,
1750 2473 1792 2543 in

234 2616 302 2686 qua
328 2600 411 2666 sunt
437 2615 499 2667 sex
525 2595 617 2665 lanei
643 2594 896 2684 cmcthonales,
933 2615 1078 2685 quorum
1107 2596 1252 2685 quilibet
1278 2596 1377 2665 annis
1414 2593 1558 2685 singulis
1588 2614 1652 2684 pro
1678 2614 1797 2665 censu

231 2720 303 2787 tres
329 2736 464 2787 marcas
490 2722 528 2788 et
554 2715 702 2805 sedecim
727 2736 867 2806 grossos
903 2715 1014 2787 solvit.
1054 2715 1141 2785 Item
1176 2721 1315 2787 tenetur
1343 2716 1488 2807 quilibet
1514 2714 1557 2797 de
1584 2715 1683 2786 laneo
1711 2714 1790 2785 sol-

233 2857 315 2907 vere
343 2835 428 2908 duas
446 2857 627 2908 mensuras
653 2856 795 2927 avenae,
824 2857 1004 2908 mensurae
1030 2836 1206 2907 confertae
1223 2836 1480 2926 Prosoviensis,
1507 2837 1589 2907 item
1607 2836 1645 2908 in
1661 2834 1800 2908 eadem'

231 2957 315 3028 nilla
340 2965 395 3029 111
420 2978 490 3028 111
515 2959 661 3029 taberna
686 2958 817 3029 habens
845 2977 962 3047 agroS,
989 2959 1167 3047 pertinens
1193 2957 1239 3028 11
1264 2957 1502 3049 praepositum
1528 2956 1562 3029 S.
1587 2956 1792 3049 Michaelis,

233 3100 321 3170 quae
348 3080 493 3170 singulis
520 3080 620 3149 annis
646 3099 710 3168 pro
738 3099 842 3150 censu
871 3079 973 3150 solvit
999 3080 1198 3169 praeposito
1225 3077 1258 3150 S.
1276 3078 1458 3150 Michaelis
1485 3097 1588 3151 unam
1614 3098 1791 3167 marcam3

231 3200 315 3271 item
342 3220 403 3271 sex
421 3200 619 3271 emethones
636 3198 783 3289 praefati
805 3201 1013 3273 coniunctim
1032 3202 1117 3285 alias
1142 3223 1307 3295 zpraqao,
1335 3200 1403 3271 duo
1421 3199 1582 3271 videlicet
1607 3198 1790 3289 iungendo

233 3341 338 3391 unum
365 3342 522 3413 currum,
557 3325 720 3392 tenemur
747 3321 847 3391 annuis
883 3321 1027 3411 singulis
1054 3323 1168 3393 tribus
1204 3322 1381 3410 curribus,
1415 3326 1451 3392 et
1478 3321 1612 3394 duobus
1645 3325 1791 3393 tantum

233 3443 355 3515 dIebus
390 3442 427 3513 in
462 3463 552 3513 anno
587 3442 623 3513 11
660 3442 803 3533 praedio
837 3443 1027 3535 praepositi
1063 3443 1167 3515 villae
1203 3442 1477 3532 Tampoczol
1511 3441 1686 3515 frumenta
1721 3447 1788 3514 aut

231 3564 371 3639 foenum
396 3563 558 3637 inducere
585 3564 621 3633 iu
647 3564 811 3634 horreum
838 3565 1042 3655 praepositi,
1068 3564 1288 3654 praepositus
1314 3570 1430 3635 autem
1456 3567 1597 3636 tenetur
1622 3562 1678 3655 eia¹
1700 3584 1788 3635 con-

231 3691 396 3776 gruentcs
430 3684 628 3756 ministrare
664 3706 852 3774 expensas3
879 3684 921 3755 ad
949 3686 1036 3757 alios
1070 3706 1153 3757 vero
1180 3686 1318 3758 labores
1354 3690 1416 3756 111
1450 3685 1635 3775 ducturas,
1669 3704 1787 3777 neque

232 3806 494 3897 septimanales,
530 3826 640 3895 neque
676 3806 819 3877 annales
854 3805 1060 3895 obligantur.
1100 3806 1188 3877 Item
1223 3806 1259 3876 in
1291 3806 1410 3878 cadem
1447 3806 1531 3877 villa
1565 3811 1619 3876 est
1643 3810 1787 3897 pratum

230 3928 421 4017 praepositi
447 3927 480 3999 S.
498 3926 699 4017 Michaelis,
727 3927 817 4016 quod
842 3947 902 3998 sen
921 3928 1119 3998 cmcthoncs
1143 3926 1290 4017 praelati
1309 3933 1471 3999 tenentur
1489 3928 1640 4019 propriis
1666 3948 1788 4019 sump-

231 4048 325 4119 tibus
352 4054 389 4119 et
406 4047 570 4137 impensis
596 4046 807 4139 falcastrare,
835 4054 997 4139 rastrare‚
1026 4048 1188 4138 colligere
1215 4054 1252 4120 et
1267 4049 1419 4139 propriis
1447 4048 1606 4121 curribus
1632 4048 1668 4119 in
1685 4068 1787 4120 acer-

231 4188 311 4241 vum
347 4169 391 4240 ab
427 4169 477 4239 eis
512 4167 722 4261 parandum,
758 4170 794 4240 in
828 4190 929 4249 usum
965 4175 1000 4240 et
1033 4170 1220 4241 utilitatem
1252 4170 1442 4261 praepositi
1478 4170 1649 4242 inducere.
1693 4168 1784 4243 Item

231 4288 379 4380 praelati
405 4310 466 4361 sex
493 4291 691 4361 cmethones
718 4294 882 4362 tenentur
908 4292 1142 4381 praepositum
1175 4290 1207 4385 S,
1234 4291 1416 4362 Michaelis
1447 4291 1592 4381 singulis
1619 4290 1730 4362 annis·
1746 4298 1787 4363 et

232 4411 338 4481 semel
373 4411 409 4480 in
428 4431 517 4482 anno
545 4432 621 4483 cum
651 4418 881 4501 quotcumque
915 4412 1075 4502 personis
1102 4419 1138 4484 et
1152 4413 1250 4503 equis
1277 4413 1412 4485 venerit
1437 4412 1482 4483 ad
1508 4433 1582 4502 eos,
1615 4412 1788 4503 excipere,

232 4538 267 4603 et
285 4537 357 4602 tarn
385 4532 511 4622 ipsum,
544 4551 645 4622 quam
664 4531 850 4603 familiares
877 4552 971 4624 suos,
998 4552 1117 4624 equos,
1157 4534 1316 4604 omnihus
1342 4534 1547 4605 necessariis
1574 4532 1787 4607 victualibus

230 4674 425 4743 perunum
451 4652 507 4725 vel
534 4653 620 4724 duos
647 4652 722 4724 dies
749 4674 953 4745 procurare,
981 4656 1116 4726 ratione
1143 4655 1241 4726 cuins
1267 4656 1522 4745 procurationis
1548 4676 1617 4727 non
1644 4654 1789 4745 solquut

230 4774 351 4864 gallos,
378 4794 489 4864 neque
518 4795 602 4865 ova,
629 4794 740 4864 neque
768 4796 894 4867 caseos,
922 4796 1033 4868 neque
1060 4797 1213 4847 arenam.

335 4895 457 4987 Tnun,
484 4897 567 4968 m'lla
585 4898 649 4968 sub
669 4898 836 4987 parochia
854 4898 1018 4970 ecclesiae
1041 4898 1084 4970 de
1102 4897 1430 4989 Wroczyrzisz
1448 4898 1535 4990 sita,
1563 4898 1664 4971 cuius
1678 4896 1789 4991 plena
1835 4922 1838 4927 ·

230 5018 428 5109 proprietas
454 5023 491 5089 et
517 5018 705 5091 dominium
733 5018 777 5089 ad
803 5021 1039 5111 praepositum
1076 5018 1109 5091 S.
1135 5020 1317 5091 Michaelis
1344 5041 1409 5112 pro
1435 5027 1591 5112 ternpore
1616 5020 1787 5117 pertinet,

230 5146 267 5211 et
284 5145 339 5211 est
356 5138 497 5230 quintus
522 5138 648 5211 fundus
667 5142 929 5233 praepositurae
948 5140 1143 5232 praefatae,
1170 5141 1207 5212 in
1226 5162 1295 5233 qua
1313 5148 1396 5215 sunt
1423 5143 1547 5233 viginti
1570 5142 1666 5215 lanei
1691 5162 1788 5215 crue-

234 5260 403 5350 tbonales,
422 5281 567 5351 quonam
587 5261 731 5350 quilibet
750 5261 854 5333 solvit
871 5282 935 5351 pro
949 5282 1052 5332 censu
1072 5263 1219 5333 sedecim
1239 5240 1792 5359 11111111111111111111311111,

231 5380 315 5451 item
332 5380 478 5471 triginta
495 5402 579 5473 ora,
607 5383 688 5451 item
707 5382 794 5453 duas
812 5404 991 5453 mensuras
1010 5404 1139 5455 avenae
1159 5383 1353 5473 confertas,
1380 5386 1464 5455 item
1483 5384 1629 5476 quilibet
1645 5384 1790 5460 emetha
