4080 6068
239 460 314 533 492

237 686 438 758 grossorum
476 663 705 754 Pragensinm
745 660 910 732 canonico
950 657 1120 730 secundae
1159 655 1378 748 praebendae
1417 676 1481 745 pro
1516 654 1665 727 decima.
1714 652 1809 724 Item

143 840 146 849 .
239 786 427 877 praedium.

342 906 540 995 86116666,
566 904 650 976 villa
676 903 741 976 sub
769 901 934 993 parocbia
959 900 1126 991 ecelesiae
1153 900 1196 970 de
1223 954 1230 968 .
1258 954 1265 968 .
1293 954 1300 967 .
1327 899 1405 988 sita,
1424 897 1521 968 cuius
1538 895 1749 987 proprietas
1768 902 1805 967 et

240 1028 427 1099 dominium
454 1026 498 1096 ad
526 1081 533 1094 .
561 1080 568 1094 .
596 1080 603 1094 .
630 1024 791 1114 pertinet,
819 1023 855 1093 in
883 1042 951 1112 qua
978 1028 1059 1092 sunt
1085 1020 1177 1090 lanei
1204 1019 1447 1107 omethonales,
1475 1018 1518 1088 de
1537 1037 1691 1108 quorum
1713 1037 1803 1107 quo·

240 1148 327 1219 libet
354 1147 501 1218 solvitur
535 1167 623 1216 unus
649 1144 738 1216 ferto
769 1144 918 1214 latorum
944 1161 1146 1232 grossorum
1172 1139 1398 1230 Pragensium
1426 1138 1591 1210 canonico
1620 1136 1801 1209 secundae

239 1266 458 1356 praebendae
484 1287 547 1357 pro
575 1266 715 1337 decima.
742 1264 829 1335 Item
857 1263 1047 1351 praedium.

345 1387 533 1475 Rosrour‚
560 1385 644 1456 villa
670 1386 734 1456 sub
761 1383 928 1474 parocbia
954 1382 1119 1453 eeclesiae
1147 1381 1190 1452 de
1216 1380 1239 1452 J
1249 1381 1407 1472 aszyel
1436 1379 1562 1469 oppido
1589 1378 1669 1468 sita,
1698 1378 1801 1449 euius

242 1508 437 1597 proprietas
464 1512 501 1577 et
527 1506 716 1577 dominium
742 1504 787 1574 ad
814 1502 1021 1594 Gregorium
1047 1502 1329 1574 Choraszicz
1356 1501 1400 1571 de
1426 1500 1665 1571 Polukoza
1693 1498 1800 1569 domo

241 1628 410 1716 pertinet,
424 1627 473 1721 ¹in
501 1646 569 1715 qua
596 1631 678 1696 sunt
703 1625 796 1695 lanei
827 1622 1077 1711 omethonales,
1105 1622 1148 1692 de
1176 1642 1321 1711 quorum
1349 1620 1503 1711 quolibet
1529 1619 1678 1690 solvitur
1707 1640 1801 1690 unus

240 1745 330 1817 lerto
358 1747 508 1817 latorum
534 1766 733 1835 grossorum
760 1744 987 1833 Pragensium
1014 1744 1177 1814 canonico
1197 1742 1366 1812 secundae
1384 1740 1601 1830 praebendae
1619 1759 1685 1830 pro
1705 1739 1803 1811 daci-

242 1887 299 1936 ma
325 1865 357 1936 S.
385 1866 547 1937 Floriani.
583 1866 672 1936 Item
706 1865 886 1955 praedium
913 1870 968 1935 est
1002 1864 1052 1934 ibi
1089 1863 1284 1951 scoltetiae,
1312 1860 1354 1933 de
1383 1882 1450 1951 quo
1476 1862 1613 1932 ratione
1640 1860 1802 1931 decimae

250 1986 431 2056 solvuntur
459 1991 536 2057 octo
562 1986 677 2075 grossi
703 2005 900 2056 communes
927 1983 1093 2055 ecelesiae
1120 1984 1155 2053 in
1182 1982 1205 2054 J
1215 1981 1380 2072 aszyel.
1729 1986 1737 1995 '

276 2124 281 2133 ·
347 2105 653 2195 Donnmarnunn,
679 2106 763 2177 villa
790 2106 853 2176 sub
880 2105 1047 2194 parochia
1073 2104 1238 2174 eeclesiae
1265 2103 1307 2172 de
1333 2099 1690 2190 Dambowdzyal
1719 2100 1804 2191 sita,

178 2270 180 2275 -
244 2225 340 2296 ouius
367 2226 564 2315 proprietas
591 2232 627 2297 et
652 2226 841 2297 dominium
868 2225 913 2295 ad
939 2224 1132 2296 Jobannem
1161 2223 1203 2293 de
1231 2223 1336 2293 armis
1364 2276 1371 2291 .
1399 2277 1406 2291 .
1435 2221 1635 2311 pertinet,
1663 2221 1702 2291 in
1732 2242 1805 2311 qua

245 2351 326 2415 6661
359 2346 451 2415 16661
487 2346 738 2434 omethonales,
766 2346 809 2416 de
841 2366 986 2435 quornm
1022 2345 1177 2434 quolibet
1213 2343 1359 2415 soluitur
1395 2364 1483 2414 unus
1517 2341 1608 2413 ferto
1644 2341 1804 2413 latorum

243 2485 443 2554 grossorum
470 2465 697 2555 Pragensium
723 2486 786 2555 pro
815 2466 955 2536 decima.
990 2465 1078 2535 Item
1105 2465 1285 2553 praedium
1311 2470 1366 2535 est
1393 2464 1442 2535 ibi
1468 2463 1606 2534 unicum
1633 2461 1805 2552 militare,

244 2583 287 2653 de
322 2584 418 2655 cuius
454 2586 548 2675 agris
583 2586 732 2656 solvitur
768 2586 901 2657 decima
936 2584 1162 2674 manipularls
1198 2585 1364 2655 ecclesiae
1391 2583 1591 2675 parochiali·
1609 2582 1646 2653 in
1672 2582 1805 2655 Dam-

245 2704 460 2774 bowdzal

661 2964 824 3045 lllearla
858 2964 1074 3046 secundae
1108 2963 1393 3069 praebendae.

350 3184 508 3256 Secunda
533 3184 729 3274 praebenda
755 3185 789 3257 S.
815 3186 971 3257 Floriani
997 3186 1104 3256 babet
1122 3185 1318 3276 habereque
1337 3185 1515 3256 consuerit
1532 3184 1700 3256 vicariam
1720 3206 1806 3276 per-

150 3329 153 3333 ·
245 3312 384 3396 petuam
412 3307 447 3375 in
475 3305 619 3376 ecelesia
645 3305 678 3377 S.
704 3306 869 3395 Floriani,
897 3326 998 3395 quarn
1025 3328 1115 3376 nunc
1142 3306 1277 3377 obtinet
1303 3305 1479 3377 lohannes
1507 3306 1549 3376 de
1567 3303 1805 3379 Oraeovia

246 3428 438 3518 presbyter,
466 3427 562 3497 euius
589 3427 772 3497 canonicus
800 3427 971 3497 6666111166
998 3426 1214 3516 praebendae
1242 3426 1274 3496 S.
1292 3426 1447 3496 Floriani
1465 3447 1528 3517 pro
1547 3433 1703 3515 ternpore
1722 3428 1805 3500 uni·

247 3568 307 3618 cus
334 3547 480 3618 collator
506 3553 541 3617 et
567 3553 746 3636 patronus,
770 3547 814 3617 ad
833 3547 1073 3637 aequationem
1092 3547 1337 3618 beneficiorum
1355 3568 1430 3617 esse
1450 3552 1689 3646 consueuerat,
1707 3569 1804 3621 nunc

247 3688 328 3737 vero
356 3666 537 3737 conferunt
563 3687 638 3737 6616
658 3668 693 3736 111
712 3668 882 3738 6616166111
901 3667 1062 3738 doctores
1081 3674 1117 3737 et
1134 3668 1292 3756 magistri
1312 3667 1446 3756 collegii
1467 3668 1669 3738 artistarum
1688 3670 1803 3741 66616·

247 3786 318 3855 siae
345 3786 377 3856 S.
404 3787 557 3856 Floriani
583 3786 787 3857 beneficiati.
814 3787 882 3858 Pro
910 3787 1015 3858 lundo
1043 3794 1158 3858 661661
1186 3793 1222 3858 61
1240 3788 1320 3859 dote
1340 3787 1498 3877 praefata
1516 3788 1646 3861 vicaria
1664 3789 1801 3877 primae

248 3906 464 3995 praebendae
500 3907 608 3977 babet
633 3908 767 3997 aliquos
795 3908 961 3997 speciales
989 3909 1170 3996 introitus,
1198 3915 1234 3979 et
1261 3908 1304 3978 de
1331 3909 1567 3979 communibus
1595 3908 1802 3982 introitibus

247 4024 389 4095 inferius
417 4026 651 4096 describendis
678 4028 873 4117 participat.
900 4027 1016 4098 Habet
1042 4035 1157 4098 tamen
1185 4029 1341 4117 praelata
1359 4029 1489 4099 vicaria
1507 4029 1677 4100 secundae
1695 4050 1802 4120 prae·

247 4145 379 4216 bendae
415 4145 552 4217 domurn
587 4148 765 4236 propriam
802 4149 837 4218 in
873 4150 1080 4218 coemeterio
1112 4148 1144 4218 S.
1172 4147 1346 4236 Floriani3
1373 4149 1455 4218 item
1482 4149 1640 4238 praefata
1666 4150 1802 4223 vicaria

248 4265 417 4336 secundae
444 4267 661 4354 praebendae
687 4268 794 4338 babet
820 4288 883 4357 pro
911 4288 1024 4338 annuo
1052 4290 1114 4338 666
1143 4269 1270 4340 6616116
1298 4290 1319 4338 6
1346 4269 1545 4340 doct-oribus
1564 4276 1599 4340 61
1619 4270 1802 4359 magistris

230 4385 383 4477 ¹collegii
411 4388 611 4457 artistarum
639 4388 673 4456 in
701 4388 846 4458 ecelesia
872 4387 904 4458 S.
933 4388 1087 4458 Floriani
1113 4389 1340 4478 beneficiatis,
1368 4397 1518 4480 quatuor
1544 4411 1677 4461 marcas
1705 4412 1802 4463 corn·

248 4507 361 4577 munis
389 4508 555 4595 pecunIae
583 4508 617 4577 in
644 4528 752 4597 regno
779 4509 961 4579 currentis.

538 4768 679 4848 Tertia
715 4769 970 4872 praebenda,
1004 4772 1211 4874 appellata
1244 4770 1506 4877 taszyelslra.

353 4989 471 5060 Tertia
497 4990 697 5080 praebenda
723 4989 755 5061 S.
783 4988 938 5062 Floriani
964 4992 1159 5081 appellatur
1185 4992 1386 5064 Jaszelszka
1409 5002 1554 5084 propter
1571 4995 1803 5085 principalem

247 5109 413 5179 decimam
441 5112 700 5200 manipularem,
728 5130 830 5201 quarn
857 5111 964 5183 babet
991 5113 1026 5182 in
1054 5113 1180 5202 oppido
1207 5113 1230 5183 J
1240 5114 1386 5203 aszel,
1413 5115 1509 5185 cuius
1537 5116 1803 5204 iuspatronatua

248 5235 329 5300 ante
365 5230 652 5320 adaequationem
687 5232 886 5321 pertinebat
921 5233 966 5302 ad
992 5234 1249 5306 serenissimum
1276 5235 1452 5306 dominnm
1477 5256 1595 5326 regem
1621 5236 1802 5330 Poloniae,

247 5369 339 5420 nunc
374 5371 455 5441 1616
491 5353 643 5442 pertinet
669 5352 714 5425 ad
741 5360 929 5447 rectorem,
957 5354 1115 5427 doctores
1143 5361 1178 5429 61
1205 5356 1391 5445 magistros
1419 5346 1558 5451 collegii
1582 5357 1802 5452 artistarum,
