4080 6068
1733 431 1807 523 255

257 623 438 720 inunctis,
452 631 579 721 quarta
604 629 838 721 propeccatis
860 634 897 703 et
914 629 970 703 die
989 630 1149 704 sabbathi
1168 630 1211 703 de
1228 631 1340 705 Beata
1356 631 1512 725 Virgine,
1529 633 1809 709 hebdomadatim
1944 622 1949 632 ’

258 748 437 843 legendas,
462 749 587 823 diebus
613 750 813 825 solennibus
840 755 877 825 et
902 751 1002 825 festis
1028 752 1229 859 duplicibus
1250 754 1422 827 duntaxat
1439 757 1604 846 exceptis.

289 870 450 969 &Item
476 871 585 942 altare
612 855 807 962 praelatum
833 876 992 969 laxatum
1019 880 1073 945 est
1099 928 1108 944 .
1134 928 1143 945 .
1169 928 1179 947 .

729 1133 876 1216 Altera
906 1134 1089 1217 Sanctae
1123 1135 1335 1240 bledvlpls.

384 1352 509 1425 Altare
535 1306 575 1425 S:
594 1352 768 1445 Hedvigis
802 1377 872 1427 non
897 1357 1006 1428 habet
1030 1356 1203 1446 capellam,
1231 1358 1426 1448 propriam,
1466 1358 1528 1429 sed
1555 1324 1660 1429 situm
1695 1361 1808 1432 estin

261 1474 405 1548 ccclesia
423 1473 646 1547 Oracoviensi
663 1475 761 1548 iuxta
778 1477 905 1548 ostium
923 1477 1084 1567 australe,
1111 1478 1146 1548 in
1159 1483 1260 1575 parte
1279 1479 1431 1570 sinistra,
1448 1479 1628 1551 ecclesiam
1644 1481 1809 1553 maiorem

254 1594 517 1697 Qpnppuienaem
543 1597 727 1685 intrand03
752 1595 932 1669 fundatum
959 1604 1067 1670 estet
1051 1599 1246 1670 tdotatnm
1265 1619 1329 1690 per.
1345 1598 1559 1673 christinam
1578 1600 1621 1671 de
1639 1598 1807 1692 ostrow,
1929 1628 1931 1633 ·

256 1712 483 1825 malianum
508 1715 781 1808 Gracoviensem,
808 1718 958 1790 nobilem
986 1719 1028 1790 de
1057 1718 1157 1790 domo
1184 1726 1221 1790 et
1246 1739 1374 1809 genere
1398 1718 1682 1793 Βιιιιιιιιιιι
1708 1742 1739 1793 a
1763 1721 1806 1793 D

258 1832 380 1937 imp
404 1838 442 1909 in
476 1837 574 1909 cuius
609 1837 751 1928 quidem
783 1839 906 1911 altaris
941 1838 1057 1909 dotem
1092 1838 1180 1910 dnae
1215 1839 1369 1913 decimae
1395 1806 1662 1931 manipulares
1652 1862 1689 1913 m
1715 1841 1806 1915 villis

254 1956 591 2058 Slnwkonycze
619 1963 657 2029 ιι
680 1956 849 2051 Kamyk
875 1978 939 2048 per
966 1959 1210 2030 ecclosiamt
1174 1964 1210 2030 et
1236 1959 1427 2049 capitulum
1455 1959 1683 2033 Cracoviense
1705 1982 1805 2052 prae·

211 2156 217 2161 ,
254 2076 341 2159 latu
361 2077 478 2151 altari
503 2076 536 2149 S.
562 2077 731 2168 Hedrigis
759 2083 805 2151 ,ιι
838 2078 913 2151 eius
943 2077 1121 2181 fundatori
1155 2077 1307 2151 Oristino
1334 2079 1378 2152 de
1403 2078 1589 2171 Ostrow,
1617 2082 1805 2154 castellano

256 2194 479 2303 Grpcovimsi
513 2197 663 2270 donatae
699 2202 735 2268 et
761 2198 948 2288 inscriptae
976 2204 1075 2289 sunt,
1102 2218 1145 2270 ex
1171 2219 1276 2271 causa
1301 2201 1586 2291 permutationis,
1612 2221 1676 2291 pro
1703 2201 1805 2275 domo

252 2316 396 2425 luiden-
417 2319 512 2391 circa
545 2319 699 2408 valvam,
727 2339 796 2409 qua
828 2319 899 2390 itur
932 2318 977 2390 ad
1002 2319 1186 2408 pistrinam
1212 2319 1381 2410 regalem,
1408 2321 1514 2393 etad
1540 2320 1714 2394 Vislum
1741 2323 1805 2394 sub

253 2444 380 2531 ιιιιιο,
406 2459 493 2530 quae
520 2439 602 2511 olim
627 2439 788 2510 balneum
814 2440 931 2529 regale
957 2438 1044 2511 alias
1071 2444 1258 2530 castrense,
1280 2446 1320 2511 ut
1337 2446 1422 2530 erat,
1440 2440 1629 2532 dicebatur,
1647 2447 1683 2514 et
1702 2463 1803 2533 quam

242 2558 431 2649 peculatus
457 2557 630 2631 cristinus
657 2560 699 2630 de
726 2558 904 2631 Ostrow
931 2559 1115 2631 donatione
1141 2568 1310 2651 perpetua
1337 2567 1375 2633 et
1391 2562 1611 2634 irrevocabili
1628 2583 1692 2651 per
1709 2561 1805 2635 Vlu-

254 2678 449 2753 tlislaum
482 2679 693 2769 Secundum,
720 2680 885 2752 Poloniae
920 2700 1054 2771 regem,
1082 2680 1159 2751 dari
1190 2681 1258 2753 sibi
1284 2686 1320 2752 et
1347 2683 1488 2754 inscribi
1516 2683 1734 2771 obtinuerat3
1761 2683 1804 2756 de

252 2800 378 2892 wbus
413 2801 572 2873 omnibus
598 2803 633 2872 in
661 2801 807 2872 ecclesia
833 2801 1056 2875 Gracoviensi
1081 2801 1256 2874 habentur
1282 2802 1437 2893 legitima
1462 2803 1647 2894 privilegiu
1673 2804 1804 2894 scripta

250 2926 289 2995 ιι
312 2922 535 2997 munimenta

354 3040 654 3133 Snnwnowrczn,
681 3043 764 3115 villa
790 3044 855 3115 sub
872 3043 1039 3134 parochia
1056 3044 1223 3117 ecclesiae
1241 3043 1284 3116 de
1301 3041 1586 3135 Biskupicze
1613 3045 1691 3136 sita,
1705 3045 1803 3118 cuins

250 3162 377 3261 bures
409 3160 536 3235 Petrus
570 3163 892 3255 Blandowsky,
919 3164 1045 3235 nobilis
1082 3164 1125 3235 de
1152 3164 1253 3235 domo
1279 3163 1536 3254 Polukoza,
1563 3167 1599 3237 ιι
1627 3186 1696 3257 qua
1721 3174 1803 3239 sunt

250 3288 384 3389 septam
410 3283 502 3356 lanei
529 3285 770 3374 cmethonales,
797 3285 879 3355 item
906 3285 1054 3357 taberna
1079 3304 1159 3375 una,
1184 3285 1269 3356 item
1295 3283 1494 3356 hortulania
1519 3306 1597 3374 una,
1616 3285 1802 3376 dequibus

250 3404 410 3478 omnibus
440 3405 587 3477 solvitur
613 3404 747 3476 decima
773 3405 997 3501 manipularis
1023 3404 1128 3475 altari
1154 3403 1328 3494 praefato,
1355 3412 1392 3475 ιι
1417 3425 1481 3495 per
1506 3405 1636 3476 incolas
1663 3406 1802 3477 ducitur

249 3524 401 3616 propriis
427 3525 622 3599 curribus
612 3547 648 3595 ιι
675 3525 839 3607 horreum
865 3526 909 3597 ab
936 3525 1095 3597 altarista
1117 3525 1406 3616 constituendum,
1425 3532 1460 3596 et
1477 3526 1616 3599 solvunt
1633 3526 1800 3607 decimam

249 3647 374 3739 canapi
408 3666 471 3738 per
498 3651 647 3737 quatuor
673 3647 854 3717 iuncturas
881 3651 916 3717 et
942 3647 1041 3718 valor
1068 3645 1219 3716 decimae
1246 3646 1452 3717 aestimatur
1478 3646 1522 3717 ad
1550 3652 1683 3737 septem
1709 3666 1800 3718 mar-

249 3788 317 3860 cas,
343 3769 426 3840 item
453 3769 490 3840 in
516 3768 638 3839 eadem
663 3768 747 3839 villa
773 3775 828 3838 est
854 3768 951 3839 curia
977 3767 1138 3838 militaris
1165 3767 1297 3839 hahens
1317 3789 1420 3856 agros
1438 3767 1643 3858 praediales,
1663 3768 1705 3839 de
1725 3769 1800 3858 qui-

247 3886 313 3961 bus
338 3889 473 3962 decima
496 3888 719 3981 manipularis
746 3889 849 3961 datur
875 3889 1021 3979 plebano
1048 3894 1085 3959 et
1112 3887 1276 3959 ecclesiae
1303 3888 1340 3959 in
1367 3888 1682 3980 Lyanszyany.

254 4090 262 4101 ,
350 4008 492 4100 linum,
518 4008 601 4080 villa
627 4010 690 4081 sub
717 4010 883 4099 parochia
908 4009 1072 4080 ecclesiae
1099 4009 1142 4079 de
1159 4008 1479 4101 Nyegowyedz
1506 4010 1584 4099 sita,
1603 4010 1700 4081 cuins
1717 4008 1799 4082 hae-

247 4150 312 4221 res,
330 4128 458 4203 Petrus
482 4126 837 4221 Kostrzeczsky,
863 4130 989 4203 nobilis
1016 4130 1059 4201 de
1086 4129 1187 4201 domo
1214 4128 1423 4222 Szarzyo,
1449 4131 1486 4201 in
1514 4152 1583 4221 qua
1609 4135 1689 4203 sunt
1716 4152 1798 4221 qua·

245 4256 330 4355 W,
353 4251 446 4345 lanei
470 4251 714 4341 cmethonoles,
741 4251 785 4322 de
812 4251 937 4342 quibus
964 4251 1122 4322 omnibus
1149 4250 1296 4322 solvitur
1322 4249 1455 4325 decima
1481 4251 1706 4342 manipularis
1733 4272 1797 4341 pro

241 4368 555 4487 *inpraeinla
582 4378 618 4443 ιι
643 4371 796 4463 propriis
823 4373 981 4456 curribus
1008 4371 1145 4442 ducitur
1170 4371 1207 4441 in
1233 4371 1397 4443 horreum
1424 4372 1469 4443 ab
1496 4371 1656 4443 altarista
1681 4371 1797 4442 locan-
1863 4409 1869 4423 ·

239 4486 339 4607 ὴ,
357 4498 404 4585 ,ιι
426 4492 566 4567 solvunt
591 4492 758 4564 decimam
784 4494 907 4583 canapi
932 4512 996 4582 per
1023 4497 1172 4582 quatuor
1198 4492 1377 4564 iuncturas
1404 4498 1440 4564 et
1466 4492 1672 4595 aestimatur
1698 4491 1797 4563 valor

245 4610 399 4711 ιιιιιιιιι
424 4612 470 4685 ad
497 4619 647 4705 quatuor
673 4634 822 4701 marcas;
849 4635 917 4685 non
944 4619 999 4685 est
1024 4613 1074 4684 ibi
1099 4613 1263 4703 taberna,
1290 4633 1401 4703 neque
1427 4613 1657 4702 hortulaniae,
1685 4631 1796 4703 neque

245 4732 489 4835 molendinum,
515 4735 613 4806 curia
638 4738 692 4804 est
718 4755 787 4805 una
812 4735 950 4806 noviter
975 4733 1080 4824 facta,
1107 4754 1194 4825 quae
1221 4754 1264 4806 ex
1290 4734 1385 4824 agris
1411 4734 1633 4836 amethonum
1658 4732 1796 4839 praedi·
1897 4760 1903 4767 ·

244 4872 304 4953 pp]
338 4855 406 4927 sihi
433 4855 631 4943 constituit,
658 4854 719 4925 sed
746 4854 913 4927 decimam
940 4854 1188 4944 manipularem
1216 4855 1277 4926 dat
1303 4857 1338 4925 in
1362 4850 1570 4949 poodbwcm
1595 4874 1660 4943 pro
1687 4853 1796 4925 altari

227 5260 328 5319 ,ἐι
