4050 6054
1637 402 1638 407 Ν
1663 446 1737 522 aaa

190 643 358 729 ecclesiae
384 653 417 727 S.
443 653 555 745 Pauli,
580 649 618 727 e't
643 653 775 729 ducunt
801 674 877 726 eam
904 655 940 726 iu
966 655 1131 727 borreum
1148 619 1202 727 ab'
1212 654 1374 727 altarista
1389 654 1571 729 locandum
1588 661 1631 729 et
1643 655 1742 729 valor

190 775 267 860 cius
300 774 506 847 aestimatur
542 774 587 847 sd
613 778 686 847 tres
712 793 867 865 marcas3
893 794 1061 866 cenapum
1088 796 1159 848 non
1185 774 1277 848 dant
1316 775 1405 848 Item
1432 775 1594 848 altarista
1618 777 1741 850 altaris

191 893 339 989 praefati
374 900 538 970 oneratus
554 910 557 915 ·
574 900 629 968 est
663 894 709 967 ad
743 893 946 968 solvendum
984 916 1090 968 uuam
1116 916 1194 968 cum
1220 895 1335 968 media
1359 915 1494 968 marcas
1519 896 1741 971 universitati

191 1017 401 1090 vicariorum
419 1015 751 1091 Sandomirieusium
769 1037 833 1109 pro
852 1021 956 1089 cantu
973 1016 1100 1091 misme
1117 1013 1266 1108 roratae,
1280 1037 1381 1109 quem
1398 1014 1528 1091 iaciunt
1540 1018 1576 1092 iu
1590 1017 1743 1093 adventu

191 1138 340 1211 Domini.

292 1259 380 1331 Item
406 1260 517 1332 altare
543 1257 737 1350 praelatum
764 1260 863 1334 iuxta
889 1260 1005 1333 omnia
1029 1261 1188 1352 segestro
1204 1265 1361 1332 taxatum
1378 1265 1433 1333 est
1450 1260 1494 1333 ad
1512 1261 1631 1333 decem
1650 1281 1743 1335 mar-

191 1401 257 1473 eas,
283 1380 368 1453 item
394 1379 556 1453 altarista
582 1386 747 1454 oneratus
773 1387 829 1454 est
855 1380 899 1453 ad
926 1379 1110 1472 legendum
1136 1382 1173 1454 in
1200 1381 1306 1454 altari
1332 1381 1499 1473 praefato.
1542 1435 1553 1449 ,

294 1501 384 1574 item
410 1500 465 1573 ius
490 1505 697 1593 patronatus
722 1501 870 1593 praelati
895 1501 1020 1574 altaris
1036 1501 1235 1575 vendicavit
1251 1503 1320 1576 sibi
1336 1504 1518 1595 episcopua
1535 1502 1741 1577 cracovien-

192 1622 251 1714 sis,
275 1621 359 1695 licet
384 1627 564 1697 asseratur
590 1621 635 1695 ad
659 1623 981 1715 praesentationem
1006 1621 1296 1698 Sandomirieusis
1322 1623 1467 1716 capituli
1492 1624 1677 1716 pertinere.

247 1866 857 1951 Ecclealae·8andomlrlensla
888 1869 1037 1972 villae,
1069 1868 1262 1952 decimae
1302 1876 1347 1952 et
1388 1875 1623 1977 proventus
1654 1873 1695 1953 ln

857 2009 1081 2090 cummuni.

298 2228 368 2301 Pro
404 2228 517 2302 cultus
552 2225 661 2303 divim
694 2233 731 2300 et
757 2248 820 2300 sua
837 2228 1127 2319 ministratione,
1154 2228 1448 2321 subsistentiaque
1474 2230 1581 2303 habet
1598 2231 1744 2303 ecclesia

194 2325 485 2424 Saudomiriensis
511 2348 598 2421 duas
625 2348 726 2420 villas
752 2349 788 2421 iu
815 2350 987 2422 communi
1013 2370 1078 2440 per
1094 2370 1195 2441 reges
1213 2353 1249 2422 et
1265 2351 1442 2441 principes
1461 2349 1560 2442 regni
1577 2350 1743 2424 Poloniae

193 2472 329 2564 priores
355 2469 467 2543 eidem
494 2469 658 2563 donatas,
686 2490 833 2561 quarum
860 2475 1049 2562 proventus
1074 2471 1111 2543 iu
1138 2467 1361 2544 refectionem
1388 2474 1425 2543 et
1450 2471 1741 2545 restaurationem

116 2654 120 2665 .
194 2591 369 2683 ecclesiae,
395 2597 431 2664 et
457 2591 494 2663 io
521 2592 782 2683 coemptionem
801 2591 878 2683 olei,
905 2611 1017 2681 cerae,
1044 2597 1081 2664 et
1108 2591 1296 2664 carbonum
1324 2596 1430 2682 atque
1455 2590 1571 2664 thuris
1589 2596 1744 2664 caetera·

193 2734 339 2804 rumque
372 2712 620 2785 necessitatum
656 2712 821 2785 ecelesiae
848 2711 1005 2784 converti
1031 2710 1163 2803 solent,
1191 2732 1278 2804 quas
1304 2733 1393 2785 unus
1421 2733 1463 2785 ex
1488 2712 1656 2804 praelatis
1682 2715 1744 2785 aut

194 2832 368 2906 canonicis
394 2832 561 2907 ecclcsiae
587 2853 651 2924 per
676 2831 866 2923 capitulum
892 2830 1171 2905 Sandomiriense
1196 2831 1385 2924 eligendus,
1411 2852 1534 2925 regere
1560 2837 1598 2905 et
1618 2852 1744 2924 procu·

193 2973 273 3027 rare
299 2953 487 3048 consvevit,
514 2973 659 3045 quarum
685 2952 827 3028 uomina
851 2957 889 3026 et
913 2952 1120 3046 positionem
1147 2951 1390 3027 describemus.

829 3154 833 3168 ’
901 3216 1046 3300 viriae.

117 3534 124 3542 ἱ
297 3440 448 3530 Orous,
475 3439 560 3512 villa
597 3439 662 3511 sub
698 3437 865 3530 parocbia
889 3437 1055 3510 ecclesiae
1082 3436 1126 3509 de
1153 3438 1438 3530 Szvvycchov
1464 3440 1549 3528 sita,
1576 3445 1612 3510 et
1638 3460 1744 3531 supra

136 3598 140 3607 r
194 3563 306 3654 ripam
341 3559 491 3632 fluminis
527 3559 679 3649 Visla,
709 3579 798 3650 quae
832 3558 978 3636 Minor
1007 3556 1201 3651 Oppolra
1227 3559 1397 3651 appellari
1424 3561 1620 3652 consvevit,
1647 3561 1744 3633 cuius

194 3683 391 3775 proprietas
427 3687 464 3754 et
499 3680 688 3754 dominium
719 3679 764 3752 ad
790 3680 981 3772 capitulum
1006 3679 1285 3754 Sandomiriense
1310 3680 1480 3772 pertinet,
1507 3681 1542 3752 in
1569 3701 1640 3779 qua
1665 3687 1747 3754 sunt

194 3794 256 3878 sea
289 3803 383 3876 lanei
418 3800 671 3892 emethouales,
699 3821 846 3893 quorum
881 3801 1027 3893 quilibet
1061 3801 1166 3875 solvit
1201 3801 1352 3893 capitulo
1388 3822 1453 3893 pro
1488 3822 1604 3875 annuo
1639 3823 1774 3876 ceusu·
1887 3865 1897 3877 ,

195 3924 344 3998 medium
379 3942 549 4012 marcam,
577 3920 664 3994 duos
694 3921 827 4013 gallos,
852 3923 998 4014 triginta
1025 3943 1100 4015 ova,
1126 3923 1215 3996 duos
1241 3942 1379 4014 emeca,
1406 3926 1444 3996 et
1469 3923 1616 4016 quilibet
1640 3944 1747 4023 unam

196 4048 287 4119 diem
313 4045 350 4118 in
376 4042 594 4117 bebdomada
618 4043 761 4135 proprio
788 4064 895 4116 curru
920 4049 983 4116 aut
1008 4043 1308 4117 aratrolaborare
1325 4049 1476 4117 tenetur.
1501 4045 1592 4119 Item
1608 4047 1659 4120 ibi
1675 4066 1747 4119 uua

193 4166 342 4240 taberna
367 4165 499 4238 habeus
525 4184 639 4256 agros,
667 4184 756 4256 quae
769 4184 847 4256 ,pro
874 4185 981 4238 ceusu
1007 4165 1241 4238 solviturum
1268 4186 1438 4260 marcam3
1463 4167 1549 4240 item
1575 4167 1629 4240 ibi
1645 4150 1747 4240 ¹navi-

194 4284 289 4380 gium
316 4287 354 4359 in
379 4285 519 4376 Visla,
546 4285 589 4358 de
615 4306 683 4377 quo
710 4286 939 4358 communitor
964 4285 1147 4359 solvuntur
1171 4286 1324 4379 quinque
1341 4307 1502 4378 marcae;
1527 4287 1746 4361 hortulaniue

195 4409 245 4482 ibi
279 4429 350 4481 non
386 4411 476 4479 sunt
514 4407 604 4479 Item
634 4412 688 4479 est
715 4408 765 4480 ibi
791 4407 971 4498 praedium
998 4407 1210 4499 capitulare,
1239 4408 1283 4482 de
1310 4409 1409 4481 cuius
1436 4409 1531 4501 agris
1558 4408 1746 4500 capitulum
1872 4478 1877 4484 .

195 4529 283 4603 nulli
309 4529 371 4602 dat
396 4528 573 4620 decimam,
600 4527 662 4600 sed
688 4547 765 4601 eam
791 4549 855 4620 pro
882 4549 920 4602 se
945 4528 1040 4601 tollit
1065 4533 1102 4602 et
1127 4528 1164 4603 in
1191 4550 1292 4603 suum
1318 4530 1483 4604 horreum
1501 4529 1644 4620 inducit,
1661 4529 1746 4602 item

196 4650 396 4725 emetbones
423 4648 467 4722 de
493 4649 566 4722 suis
592 4649 702 4721 laneis
721 4649 862 4722 solvunt
879 4648 1048 4722 decimam
1064 4650 1314 4742 manipularem
1332 4651 1493 4743 episcopo
1511 4649 1749 4741 cracoviensi3

198 4774 282 4846 item
318 4771 402 4844 villa
437 4769 595 4862 praelata
630 4768 781 4843 confluat
817 4791 895 4844 cum
920 4770 1271 4884 Jakubovicze,
1297 4770 1469 4845 Maiori
1495 4769 1686 4864 Oppolra
1710 4776 1778 4867 ab

197 4894 402 4968 Rachov.
1198 4924 1201 4928 ⁴

248 5031 250 5033 ’
299 5014 439 5106 Zaar0,
465 5013 550 5085 villa
576 5014 640 5087 sub
666 5012 834 5105 parochia
860 5009 1039 5087 ecclesiae
1052 5014 1096 5088 de
1122 5013 1325 5107 Wrzavy
1352 5014 1441 5105 sita,
1468 5014 1566 5087 cuius
1590 5014 1749 5107 proprie·
1828 5046 1831 5053 ·

195 5142 251 5208 tas
277 5138 315 5208 et
340 5133 528 5207 dominium
555 5135 601 5208 ad
627 5135 815 5226 capitulum
842 5134 1121 5209 Saudomiriense
1147 5135 1311 5226 pertinet,
1336 5135 1374 5208 iu
1401 5155 1469 5228 qua
1495 5139 1578 5209 sont
1598 5138 1750 5229 quatuor

195 5255 287 5327 lanei
314 5251 557 5349 cmetbonales,
585 5277 731 5350 quorum
758 5256 905 5349 quilibet
931 5256 1036 5329 solvit
1062 5255 1215 5348 capitulo
1241 5275 1307 5348 pro
1333 5277 1448 5331 annuo
1474 5255 1764 5333 ceusumcdian·

196 5397 368 5475 marcam,
393 5378 540 5477 triginta
570 5400 653 5476 ova,
681 5378 768 5460 duos
792 5371 932 5477 'caecos
962 5377 1050 5458 duos
1075 5377 1207 5480 palos,
1233 5383 1271 5458 et
1296 5378 1443 5477 quilibet
1467 5379 1506 5463 ia
1530 5376 1750 5483 modom
1777 5384 1782 5393 '
1825 5414 1829 5421 ·
