4050 6054
1634 482 1708 552 ‘267

152 691 224 787 per,
251 677 400 760 quatuor
437 675 576 763 ierugas
607 680 643 744 et
669 675 766 746 valor
793 676 944 747 decimae
971 678 1174 749 aestimatur
1201 680 1246 750 ad
1273 688 1352 751 octo
1379 703 1534 772 marcas,
1562 686 1645 756 item
1672 688 1708 758 in

152 790 272 861 cadem
309 793 391 863 villa
426 801 481 864 est
507 794 604 865 curia
629 794 793 867 militaris
819 796 951 869 habens
975 817 1080 887 agros
1107 800 1321 891 praediales,
1341 801 1392 885 ,de
1419 804 1545 892 quihus
1572 805 1708 879 decima

153 911 378 1003 manipularis
405 912 553 985 solvitur
568 913 744 1009 ¹ecclesiae
770 917 962 1007 parochiali
989 920 1024 989 in
1051 919 1084 989 N
1095 920 1357 1010 aglowicze.

413 1172 567 1276 Quinta
601 1178 880 1258 mansionaria
913 1178 1042 1261 hahet
1074 1203 1197 1260 unam
1230 1181 1448 1264 decimam.

90 1282 227 1489 ἢ*
257 1394 651 1485 Nrnwsnrnowuczn,
679 1397 762 1469 villa
792 1397 857 1468 suh
883 1399 1049 1488 parochia
1075 1401 1239 1472 ecclesiae
1265 1403 1308 1474 de
1336 1403 1708 1497 Drya-lposzicze,

151 1498 250 1587 iuius
277 1516 400 1586 haeres
431 1513 584 1587 loannes
611 1515 654 1586 de
681 1515 915 1609 Gzyszow,
941 1519 1068 1591 nobilis
1096 1520 1138 1590 de
1166 1521 1267 1592 domo
1294 1522 1550 1615 Polukoza,
1576 1527 1613 1597 in
1640 1548 1708 1616 qua

153 1642 235 1709 sunt
270 1635 451 1708 duodecim
485 1635 576 1707 lanei
611 1638 861 1728 emethonales,
890 1646 927 1711 et
956 1639 999 1712 de
1027 1647 1105 1713 octo
1133 1642 1272 1731 quidem
1298 1643 1407 1714 laneis
1434 1646 1708 1719 cmethonalibus
1760 1616 1763 1621 .

153 1757 257 1828 datur
282 1756 415 1829 decima
441 1756 684 1829 mansionariis
711 1759 946 1851 manipularis,
971 1766 1009 1833 et
1033 1766 1196 1833 tenemur
1223 1763 1317 1833 illam
1341 1766 1540 1837 cmothones
1556 1769 1708 1858 propriis

152 1878 311 1949 curribus
346 1862 474 1949 ducere
507 1877 543 1948 in
579 1877 742 1949 horreum
778 1900 799 1949 a
833 1881 1085 1952 mansionariis·
1100 1882 1300 1973 locandum,
1328 1889 1365 1954 et
1390 1885 1557 1957 decimam
1584 1888 1708 1979 canapi

153 1999 292 2071 solvunt
326 2019 390 2089 per
426 2004 574 2088 quatuor
609 1999 748 2090 ierugas
775 2006 812 2071 et
837 2001 935 2073 valor
961 2001 1115 2073 decimae
1141 2004 1345 2076 acsthnatur
1371 2004 1417 2083 ad
1443 2012 1523 2079 octo
1549 2027 1703 2098 marcas,

152 2120 197 2191 de
223 2126 371 2211 quatuor
397 2140 480 2190 vcro
507 2120 626 2208 laneis,
652 2122 722 2211 qni¹
739 2121 911 2212 quondam
937 2130 1038 2193 erant
1064 2123 1231 2195 militares
1259 2133 1295 2195 et
1321 2092 1527 2217 praedial&
1554 2128 1703 2201 solvitur
1805 2188 1808 2193 .

151 2239 282 2313 decima
316 2240 541 2330 manipularis
567 2240 722 2331 plebano
758 2249 795 2315 et
829 2243 993 2337 ecclesiae
1029 2245 1065 2314 in
1092 2245 1152 2315 Dr
1162 2245 1449 2336 yalosziczc,
1477 2268 1547 2319 non
1573 2253 1629 2321 est
1655 2248 1706 2329 ihi

65 2360 71 2373 '
150 2362 340 2453 praedium,
367 2363 428 2433 sed
455 2362 601 2433 taberna
627 2370 690 2454 est,
717 2364 849 2437 habens
875 2386 988 2456 agros
1014 2386 1103 2456 quae
1129 2366 1235 2439 solvit
1261 2367 1429 2439 decimam
1455 2370 1705 2460 manipularem

151 2503 215 2573 pro
242 2484 495 2556 mansionariis.

423 2747 554 2828 Sexta
589 2749 868 2828 mansionaria
902 2749 1031 2829 hahet
1061 2770 1186 2829 unam
1218 2748 1437 2830 decimam.

252 2969 483 3060 Zuunuuczn,
509 2969 601 3058 villa,
621 2970 657 3040 in
675 2976 816 3059 quaest
834 2970 981 3041 ecclesia
1000 2969 1221 3061 parochialis,
1240 2972 1339 3043 cuins
1357 2972 1481 3043 haeres
1500 2971 1706 3064 Nanayko

152 3090 532 3183 Wyeloglowslry,
559 3091 685 3163 nobilis
704 3090 867 3163 dedomo
894 3091 1206 3183 Anti-quorum
1231 3092 1464 3183 liquorum,
1483 3094 1518 3163 in
1538 3059 1608 3184 ilua
1626 3102 1708 3166 sunt

152 3214 270 3287 decem
297 3214 388 3285 lanei
415 3213 659 3302 cmethonaleS,
686 3213 768 3284 item
796 3234 865 3284 una
891 3215 1047 3303 taberna,
1074 3215 1158 3285 item
1185 3213 1275 3287 duae
1292 3214 1520 3304 hortulaniae,
1538 3214 1706 3287 habentes

151 3356 254 3425 agros
280 3334 457 3425 speciales,
484 3334 526 3405 de
554 3335 684 3424 quihus.
706 3333 864 3406 omnibus
892 3334 1040 3405 solvitur
1066 3334 1200 3407 decima
1216 3334 1442 3424 manipularis
1460 3334 1704 3407 mansionariis

152 3455 337 3547 praefatis,
363 3460 401 3529 et
433 3455 567 3527 incolae
602 3460 766 3539 tenentur
801 3453 895 3527 illam
930 3454 1083 3544 propriis
1120 3455 1279 3525 curribus
1315 3454 1443 3525 ducere
1478 3454 1513 3524 in
1541 3454 1707 3527 horreum

11 3591 15 3595 ’
150 3596 173 3649 a
197 3575 439 3661 mansionariis
473 3575 674 3665 locandum,
700 3581 738 3648 et
772 3575 913 3647 solvunt
946 3575 1115 3646 decimam
1153 3575 1276 3665 canapi
1302 3596 1366 3665 per
1392 3580 1541 3664 quatuor
1569 3574 1708 3664 irrogas

154 3705 190 3770 et
224 3697 323 3770 valor
358 3696 511 3769 decimae
547 3695 751 3768 aestimatur
786 3694 831 3765 ad
866 3695 1016 3766 sedecim
1043 3716 1196 3784 marcas;
1222 3695 1305 3765 item
1332 3700 1386 3765 est
1412 3696 1448 3764 in
1474 3694 1595 3765 mem
1623 3693 1707 3765 villa

19 3809 27 3823 '
152 3819 252 3891 curia
276 3839 348 3890 nna
373 3818 547 3889 duntaxat
572 3817 742 3907 militaris,
770 3817 901 3888 habens
928 3838 1031 3907 agros
1058 3815 1260 3907 praediales,
1280 3815 1322 3887 de
1341 3815 1467 3906 quibus
1483 3813 1617 3893 decima
1633 3836 1706 3887 ma·
1759 3856 1763 3865 ·

153 3939 322 4033 nipularis
347 3939 494 4013 solvitur
520 3940 670 4031 plebano
696 3945 733 4011 et
758 3937 925 4011 eeclesiae
951 3939 1079 4010 ibidem
1106 3938 1142 4009 in
1168 3937 1491 4028 Zyelyenicze.

184 4116 447 4269 Olfflcatora
489 4189 867 4268 mansionariorum
908 4186 1036 4266 habat
1078 4208 1200 4267 unam
1233 4185 1440 4267 decimam
1473 4188 1518 4267 et
1550 4205 1676 4264 unum

195 4350 200 4357 ·
834 4327 1014 4406 hortum⁵

257 4547 566 4638 Suauszowuczn,
594 4547 678 4619 villa
704 4547 836 4618 habens
862 4547 898 4617 in
925 4566 963 4618 se
991 4545 1170 4619 ecclesiam
1196 4544 1439 4636 parochialem,
1458 4545 1554 4615 cuius
1572 4543 1708 4634 propri-

153 4676 228 4743 etas
263 4675 300 4741 et
334 4668 522 4741 dominium
558 4668 602 4740 ad
636 4668 910 4740 illustrissimum
936 4667 1101 4741 Poloniae
1126 4687 1244 4758 regem
1271 4667 1442 4757 pertinet,
1467 4666 1504 4736 in
1531 4684 1599 4755 qua
1625 4671 1708 4734 sunt

153 4791 273 4864 decem
307 4797 344 4863 et
378 4798 456 4864 octo
483 4791 576 4863 lanei
603 4791 855 4879 cmethonales,
881 4791 965 4861 item
991 4791 1138 4863 taberna
1165 4809 1252 4879 una,
1278 4789 1363 4860 item
1388 4787 1566 4860 hortulani
1592 4785 1708 4877 aliqui,

153 4910 196 4986 de
224 4913 348 5005 qrribus
376 4914 534 4985 omnihus
562 4912 711 4985 solvitur
738 4912 871 4983 decima
896 4911 1122 5002 manipularis
1150 4932 1213 5000 pro
1240 4908 1484 4983 mansionariis
1512 4915 1548 4981 et
1574 4929 1636 4998 per
1656 4907 1709 4999 in-

152 5036 246 5108 colas
273 5034 411 5108 ducitur
437 5035 473 5107 in
492 5036 656 5107 horreum
674 5055 695 5105 a
713 5033 956 5105 mansionariis
974 5033 1166 5121 locandum,
1184 5038 1220 5104 et
1238 5032 1378 5103 solvunt
1396 5031 1563 5103 decimam
1582 5029 1705 5120 canapi

154 5178 217 5248 per
243 5164 393 5248 quatuor
419 5158 558 5248 ierugas
583 5162 621 5229 et
647 5155 850 5227 aestimatur
876 5155 974 5226 valor
1001 5155 1076 5225 eius
1102 5153 1147 5225 ad
1173 5152 1353 5224 duodecim
1371 5172 1525 5241 marcas;
1551 5152 1639 5226 item
1656 5156 1711 5222 est

153 5278 333 5369 praedium
360 5277 487 5368 regale,
515 5276 607 5368 quod
621 5276 760 5377 ¹iactum
787 5281 841 5347 est
863 5296 906 5346 ex
933 5275 1027 5364 agris
1054 5273 1200 5363 scolteti,
1226 5273 1270 5344 de
1297 5294 1364 5363 quo
1391 5272 1525 5344 decima
1550 5271 1708 5361 manipu-

154 5399 239 5479 laris
265 5398 411 5480 solvitur
437 5400 582 5499 plebano
610 5404 646 5471 ot
672 5397 836 5475 ecclesiae
863 5398 898 5472 in
925 5395 1319 5473 Szmarszouicze.
1846 5394 1852 5399 '
