4050 6054
1704 474 1778 548 221

231 678 414 755 conterens
440 646 683 787 eidemifflori
709 682 745 751 in
773 682 888 752 dotem
915 680 1163 770 manipularem
1188 701 1293 771 super
1320 690 1392 779 (Μ,
1415 681 1554 771 quidem
1578 680 1780 785 fundatione

231 798 475 875 Oraooviensis
501 800 648 873 ecclesia
674 802 781 873 babet
807 800 953 891 praefati
991 799 1211 873 Gasimiri
1247 802 1341 891 regis
1375 800 1603 905 privilegium·
1619 802 1780 899 ⁵speciale

232 920 348 1023 sigillo
374 922 568 993 maiestatis
594 922 860 1010 communitum3
886 920 1120 1030 praelatarum
1147 925 1262 992 autern
1284 920 1498 995 tlocimarum
1517 922 1605 995 baec
1621 927 1702 995 sunt
1719 942 1780 993 no-

231 1040 329 1115 nina
354 1043 389 1113 in
416 1041 598 1133 priuilegio
624 1044 721 1133 regio
748 1063 929 1132 expressa:
1293 1136 1298 1147 Ι
1675 1042 1678 1047 ’

185 1227 188 1231 .
272 1198 275 1205 -
338 1162 518 1235 Ynzmow
559 1185 612 1254 zn,
640 1165 704 1235 sub
730 1164 895 1253 parocbia
920 1163 1086 1235 ecclesiae
1114 1162 1157 1235 de
1253 1240 1257 1245 ,
1289 1150 1302 1253 'J
1327 1162 1478 1254 ,pitulari
1511 1160 1540 1233 Z
1548 1163 1749 1254 yalyonk
1757 1185 1781 1255 y

233 1282 438 1372 consistens,
463 1184 556 1367 a&
575 1284 681 1374 rogia,
709 1304 797 1373 quae
824 1285 935 1355 veteri
961 1284 1099 1354 nomine
1126 1222 1461 1357 Yoziliowiczo·
1480 1283 1652 1374 ammisso,
1679 1284 1781 1375 Zye-

232 1404 409 1495 lponlry,
433 1403 530 1494 regia
557 1405 723 1476 haetenus
755 1403 968 1494 appellatur,
1003 1423 1111 1494 prope
1147 1402 1347 1477 Croooviom
1383 1403 1466 1494 sita,
1500 1424 1607 1495 supra
1641 1403 1781 1475 fluvium

231 1522 491 1612 Prandnilr3
526 1525 562 1595 in
590 1546 658 1615 qua
684 1529 739 1596 est
773 1525 870 1596 curia
904 1523 1003 1614 regia
1029 1525 1161 1594 babens
1181 1494 1301 1615 *ag'ros
1335 1525 1550 1615 praediales,
1585 1525 1781 1617 dequibus

232 1646 409 1733 omnibus,
445 1646 529 1717 item
555 1645 598 1716 de
624 1665 693 1716 uno
720 1645 833 1725 laneo¹
849 1644 1075 1733 emethonali,
1111 1644 1194 1715 ilem
1229 1644 1272 1715 de
1298 1667 1368 1718 una
1402 1632 1600 1717 hortulani'a
1635 1646 1782 1717 solvitur

230 1764 364 1837 decima
382 1764 606 1855 manipularis
624 1763 728 1835 altari
745 1763 913 1891 ρῇξίαῖο,
932 1768 968 1835 et
986 1764 1084 1836 valor
1101 1765 1175 1841 eius
1194 1766 1397 1837 aestimatur
1414 1766 1459 1838 ad
1477 1770 1625 1856 quatuor
1638 1785 1781 1837 marcos.

265 1986 269 1993 Ι
333 1885 537 1991 Ζῑιςῳκκῐ
564 1904 682 1971 naurs,
709 1884 793 1956 villa
819 1885 883 1957 sub
910 1885 1078 1974 parochia
1104 1885 1147 1956 lle
1164 1885 1406 1977 Zyelonky
1432 1886 1615 1977 capitulari
1641 1886 1718 1975 sita,
1745 1887 1781 1957 in

231 2026 308 2115 qap
325 2026 396 2077 non
423 2010 504 2077 nunt
529 2005 622 2076 lanei
648 2004 883 2094 dimensurati,
909 2004 1069 2076 feruntur
1086 2011 1202 2077 tamen
1230 2026 1306 2077 esse
1333 2007 1381 2078 ibi
1407 2011 1538 2100 septem
1565 2027 1642 2077 cum
1669 2004 1781 2077 medio

229 2126 332 2215 lanei,
360 2130 507 2215 quatuor
529 2126 704 2214 tabernac,
731 2147 854 2197 novem
872 2126 1097 2217 hortulaniac,
1125 2126 1196 2196 tria
1213 2126 1419 2217 molendina,
1446 2127 1488 2198 de
1507 2127 1631 2217 quibus
1650 2124 1783 2199 decima

231 2232 504 2333 diuersificatnr;
539 2265 619 2315 nam
647 2245 689 2316 de
716 2247 829 2317 tribus
857 2248 966 2318 laneis
998 2268 1074 2318 cum
1102 2248 1234 2335 modio,
1270 2247 1354 2318 item
1382 2247 1425 2318 ‹le
1452 2247 1586 2318 duabus
1614 2248 1780 2318 tabernis‘

230 2367 313 2438 item
340 2368 382 2438 de
409 2388 478 2437 uno
505 2366 711 2456 molendino,
738 2368 821 2439 item
849 2369 892 2440 de
920 2369 1032 2440 tribus
1045 2368 1253 2439 hortulaniis
1280 2375 1317 2438 et
1333 2368 1378 2453 de
1394 2369 1507 2440 tribus
1534 2367 1654 2438 stadiis
1672 2368 1778 2438 trium

230 2488 377 2559 aliorum
403 2487 582 2558 laneorum
610 2488 886 2578 cmethonalium,
913 2489 996 2560 item
1023 2489 1066 2559 de
1088 2490 1201 2560 tribus
1229 2489 1357 2577 campis
1384 2488 1618 2577 praedialibus
1645 2508 1706 2558 seu
1724 2508 1782 2558 cu-

213 2610 385 2710 urialibus,
412 2609 473 2699 qui
498 2615 665 2680 vocantur
691 2608 872 2701 Jutrzyny,
898 2608 1000 2681 datur
1019 2608 1153 2681 decima
1174 2608 1400 2697 manipularis
1419 2614 1455 2679 et
1472 2608 1648 2698 canapalis
1675 2608 1782 2681 eccle-

231 2731 304 2802 siae
330 2737 367 2800 et
391 2722 538 2839 plpblno
566 2728 599 2799 S.
618 2728 783 2818 Stephani
809 2730 846 2800 in
873 2728 1110 2819 Craoovia,
1136 2734 1174 2803 ot
1191 2728 1290 2800 valor
1316 2730 1453 2800 eiusad
1472 2736 1773 2820 quatuormarons

229 2851 314 2923 item
331 2850 375 2921 de
391 2834 488 2941 apris
500 2849 734 2940 praedialibus
753 2854 788 2921 et
806 2851 978 2942 aliquibus
993 2834 1275 2938 cmetbonalibus,
1294 2850 1354 2939 qui
1371 2857 1539 2922 vocantur
1553 2846 1774 2945 przpmicrloi

228 2971 289 3062 qui
315 2969 398 3043 olim
423 2976 524 3041 erant
549 2970 762 3061 praediales,
789 2972 891 3043 datur
917 2973 1021 3043 altari
1043 2971 1076 3043 S.
1104 2969 1273 3042 Vladislai
1304 2971 1340 3042 in
1366 2972 1512 3043 ecclesia
1537 2970 1776 3058 Cracoviensi3

228 3091 310 3162 item
329 3091 372 3162 de
391 3095 540 3181 quatuor
556 3090 667 3164 laneis
686 3093 975 3181 emetbonalibus,
1001 3091 1135 3163 duabus
1153 3091 1318 3180 tabernis,
1336 3090 1471 3164 duobus
1488 3091 1693 3163 molendinis
1711 3111 1773 3162 seu

231 3211 437 3283 bortulaniis
463 3232 527 3300 pro
554 3213 753 3302 praebenda
779 3212 1000 3284 Cracoriensi
1025 3212 1265 3284 Zakrzowska.

334 3331 652 3421 Taornnowrczn,
688 3333 771 3404 villa
797 3335 894 3424 regia
920 3334 984 3405 sub
1011 3333 1176 3423 parocbia
1201 3333 1366 3403 ecclesiae
1393 3332 1427 3403 S.
1453 3331 1592 3423 Aegidii
1633 3333 1677 3403 de
1704 3328 1782 3402 Ge-

229 3452 440 3525 boltbow
465 3473 573 3544 prope
601 3453 802 3525 Cracoviam
830 3455 915 3542 sita,
951 3455 986 3524 in
1014 3474 1082 3543 qua
1107 3453 1204 3524 curia
1230 3452 1358 3542 regalis
1392 3453 1525 3523 babens
1551 3472 1654 3541 agros
1680 3472 1783 3542 prae-

233 3573 362 3662 dialos,
397 3573 440 3645 de
468 3575 592 3664 quibus
619 3574 765 3646 solvitur
792 3573 924 3643 decima
950 3573 1175 3662 manipularis
1201 3571 1303 3642 altari
1330 3571 1495 3661 praelato,
1522 3577 1558 3643 et
1584 3572 1681 3643 valor
1708 3574 1782 3643 eius

233 3695 438 3767 aestimatur
456 3695 500 3766 ad
518 3695 604 3766 duas
630 3714 775 3782 marcas;
802 3695 1001 3765 cmetbones
1019 3699 1134 3764 autem
1152 3692 1254 3764 villae
1273 3691 1449 3782 praelatae
1466 3692 1510 3762 de
1527 3692 1645 3762 decem
1662 3692 1783 3782 laneis,

228 3817 313 3889 item
339 3816 486 3888 taberna
511 3814 727 3888 Kutlrlow
754 3815 796 3886 de
823 3814 916 3905 agris
944 3815 1024 3902 suis,
1052 3813 1219 3885 decimam
1246 3813 1385 3884 solvunt
1410 3812 1659 3903 manipularem
1685 3814 1777 3887 vica-

229 3936 302 4008 riae
328 3934 558 4025 Graooviensi,
586 3957 673 4026 quae
700 3935 852 4025 pertinet
877 3935 922 4007 ad
949 3935 1187 4007 canonicatum
1205 3939 1241 4005 et
1257 3932 1492 4024 praebendam
1518 3934 1782 4009 cracoviensem

229 4042 699 4131 vocatar'ii'Raciborowslra.

302 4176 625 4279 ,Masszowrczm
661 4179 743 4250 villa
776 4178 875 4269 regia
909 4179 975 4251 sub
1001 4175 1168 4303 pprocbia
1202 4152 1368 4249 ecclelia
1403 4175 1597 4250 nativitatis
1632 4179 1779 4252 Sanctae

228 4297 364 4371 Mariae
391 4300 433 4370 de
459 4299 699 4391 Zyolonky
725 4299 918 4389 capitulari,
945 4288 1055 4390 prope
1080 4294 1283 4370 cracoviam
1310 4299 1523 4389 consistens,
1551 4299 1589 4370 in
1616 4321 1684 4391 qua
1710 4321 1779 4377 non

230 4425 311 4490 sunt
337 4419 535 4491 emethones
562 4440 673 4510 neque
699 4420 893 4510 hortulani,
921 4419 983 4491 sed
1008 4418 1246 4491 tantummodo
1274 4418 1371 4489 curia
1396 4419 1493 4510 regia
1518 4425 1554 4492 et
1579 4420 1654 4511 agri
1681 4441 1781 4512 prae-

228 4540 355 4628 diales,
391 4540 434 4611 de
461 4561 607 4631 quorum
642 4541 827 4613 medietate
864 4539 997 4611 decima
1030 4539 1254 4631 manipularis
1288 4538 1391 4613 datur
1417 4541 1519 4611 altari
1545 4542 1720 4631 praesenti
1739 4548 1784 4621 ,et

227 4661 324 4733 valor
351 4661 425 4732 eius
452 4662 656 4733 aestimatur
681 4660 838 4733 adduas
867 4680 1021 4748 marcas3
1058 4660 1102 4732 de
1129 4660 1242 4733 altera
1272 4680 1356 4734 vero
1383 4662 1567 4737 medietate
1594 4662 1696 4734 datur
1723 4660 1782 4734 de-

228 4782 319 4853 cima
344 4782 449 4853 etiarn
475 4781 701 4872 manipularis
727 4782 877 4871 plebano
905 4786 942 4852 et
969 4781 1135 4853 ecclesiae
1161 4783 1198 4853 in
1226 4780 1477 4874 Zyelonlry.

332 4902 609 4992 SummamczA,
645 4904 731 4976 alias
758 4902 905 4998 Wonrn
931 4901 1237 4993 Wrnnzmczsrrn,
1272 4902 1357 4977 villa
1391 4905 1489 4994 regia
1525 4906 1589 4976 sub
1616 4905 1783 5015 parocbia

229 5024 393 5095 ecclesiae
412 5024 455 5095 de
481 5023 788 5115 Zarnowyecz
815 5026 901 5112 sita;
924 5024 1048 5115 inqua
1074 5025 1170 5096 curia
1196 5024 1310 5114 regia,
1336 5024 1468 5096 habens
1494 5044 1597 5115 agros
1623 5020 1783 5117 praedia-

227 5143 297 5234 les,
329 5144 373 5216 dc
400 5144 525 5235 quibus
552 5145 709 5217 omnibns
737 5146 882 5243 soluitur
908 5144 1043 5217 decimo
1062 5144 1285 5234 manipularis
1312 5144 1415 5215 altari
1441 5145 1597 5237 praefato
1624 5152 1661 5220 et
1685 5148 1784 5219 valor

227 5266 302 5342 eius
336 5266 539 5361 aestimatur
573 5266 618 5337 ad
644 5271 716 5339 tres
751 5287 902 5363 marcas,
928 5266 1021 5345 lanei
1045 5266 1160 5413 wo]
1187 5264 1419 5347 amathonales
1446 5266 1585 5373 solrupt
1616 5266 1783 5349 decimam
