4050 6054
257 452 329 526 126

355 661 442 732 Item
478 659 584 731 babet
618 659 774 749 quintam
811 658 978 729 decimam
1004 657 1253 747 manipularem
1280 656 1448 728 decimam
1474 657 1520 738 in,
1537 655 1804 747 Zyznowka,

122 843 129 851 .
252 783 336 855 villa
363 782 426 853 sub
453 780 619 871 parochia
645 780 810 852 ecclesiae
837 779 880 850 de
907 778 1211 868 Trzsczyana,
1238 777 1335 850 cuius
1362 777 1560 867 proprietas
1587 779 1740 868 pertinet
1757 778 1803 851 ad

251 903 488 996 praepositum
524 901 645 973 domus
681 901 723 972 de
751 900 1047 990 Trzscnyana.
1083 899 1123 970 In
1152 919 1220 990 qua
1246 904 1328 970 sunt
1354 898 1506 989 quinque
1532 898 1623 970 lanei
1650 899 1820 971 cmetbo·'

251 1025 355 1113 nales,
383 1024 466 1094 item
493 1022 608 1093 nullae
635 1023 810 1112 tabernae,
837 1022 921 1093 item
948 1018 1036 1092 unus
1063 1020 1278 1109 hortulanus,
1304 1021 1389 1092 item
1405 1018 1640 1092 molendinum
1659 1020 1801 1109 nullum,

250 1145 293 1216 de
320 1145 444 1235 quibus
480 1121 637 1214 omnibus
673 1143 802 1233 absque
834 1143 1060 1214 diminutione
1086 1141 1234 1212 solvitur
1261 1141 1394 1212 decima
1420 1140 1647 1231 manipularis
1674 1147 1710 1213 et
1737 1141 1800 1213 du-

251 1268 343 1338 citur
367 1286 430 1356 per
465 1264 594 1335 incolas
630 1264 780 1354 propriis
808 1263 966 1335 curribus
992 1263 1029 1333 in
1056 1262 1217 1333 borreum
1245 1283 1309 1352 pro
1335 1263 1536 1352 praebenda
1561 1261 1738 1353 praelata,
1764 1269 1802 1336 et

251 1387 390 1459 solvunt
416 1386 583 1457 decimam
618 1385 740 1476 canapi
766 1406 829 1475 per
856 1391 1005 1475 quatuor
1031 1384 1209 1456 iuncturas
1236 1389 1272 1455 et
1299 1383 1505 1456 aestimatur
1530 1383 1628 1456 valor
1654 1384 1729 1456 eius
1755 1383 1801 1456 ad

250 1508 400 1601 quinque
426 1526 570 1577 marcas.
597 1505 674 1578 Non
703 1512 756 1577 est
781 1506 831 1577 ibi
858 1505 962 1595 curia,
990 1525 1100 1595 neque
1126 1505 1316 1595 praedium.

353 1628 441 1699 Item
467 1627 573 1699 habet
600 1626 803 1698 sedecimam
821 1627 1069 1717 manipularem
1088 1625 1254 1696 decimam
1273 1627 1309 1697 in
1328 1625 1411 1696 Trz
1422 1646 1594 1717 czyana
1620 1625 1708 1697 alias
1726 1625 1800 1697 Lu-

250 1749 508 1841 byechowa,
535 1748 595 1819 ubi
621 1728 766 1820 ecclesia
792 1748 1016 1838 parochialis·
1029 1767 1090 1818 seu
1117 1747 1344 1836 coenobialis,
1372 1747 1469 1818 curius
1496 1746 1694 1836 proprietas
1721 1767 1800 1837 per·

251 1870 341 1941 tinet
366 1869 412 1940 ad
437 1869 672 1959 praepositum
699 1875 735 1941 et
761 1869 1009 1942 monasterium
1035 1867 1102 1939 loci
1129 1866 1278 1957 praefati
1303 1868 1339 1938 in
1367 1866 1641 1958 Trzczyana,
1669 1867 1801 1940 ordinis

159 1975 164 1983 “
252 1990 369 2062 Sancti
405 1989 591 2081 Augustini
626 1991 669 2062 de
704 1990 918 2082 poenitentia
944 1990 1133 2062 Beatorum
1160 1987 1367 2080 Martyrum.
1407 1989 1446 2059 In
1474 2009 1542 2079 qna
1558 1994 1642 2061 sunt
1667 1995 1800 2079 septem

249 2111 341 2182 lanei
369 2111 610 2201 cmethonales‚
637 2113 720 2183 item
746 2117 819 2184 tres
846 2114 1022 2203 tabernae,
1049 2110 1133 2183 item
1160 2115 1232 2180 tres
1259 2109 1495 2199 hortulaniae,
1523 2109 1608 2182 item
1632 2109 1801 2182 molendi-

249 2252 341 2321 num,
368 2232 536 2305 babentes
560 2253 662 2323 agros
680 2234 855 2324 speciales,
874 2234 916 2305 de
935 2234 1060 2325 quibus
1079 2231 1237 2304 omnibus
1256 2231 1386 2320 absque
1404 2230 1641 2321 diminutione,
1659 2236 1800 2322 praeter

251 2369 354 2442 agros
381 2353 622 2442 tabernarum,
650 2353 796 2426 solvitur
823 2353 955 2426 decima
981 2352 1207 2444 manipularis
1234 2356 1271 2422 et
1298 2351 1436 2423 ducitur
1462 2352 1614 2442 propriis
1641 2353 1800 2425 curribus

249 2473 285 2542 in
313 2473 475 2544 horreum
502 2494 565 2564 pro
592 2475 789 2563 praebenda
814 2473 972 2566 praefata
997 2495 1061 2565 per
1087 2473 1226 2563 incolas,
1254 2476 1290 2544 et
1317 2472 1456 2544 solvunt
1482 2472 1649 2544 decimam
1676 2475 1799 2564 canapi

249 2614 312 2683 per
339 2598 488 2683 quatuor
514 2595 692 2667 iuncturas
719 2601 755 2667 et
782 2597 986 2669 aestimatur
1012 2597 1110 2668 valor
1137 2594 1211 2667 eius
1239 2593 1283 2666 ad
1310 2598 1443 2684 septem
1469 2614 1612 2666 marcas.
1653 2593 1719 2665 Est
1748 2594 1798 2666 ibi

231 2715 495 2786 *monasterium
521 2715 668 2788 fratrum
687 2717 972 2809 praedIcatorum,
992 2719 1124 2790 babens
1143 2737 1245 2808 agros
1268 2714 1472 2806 praediales,
1491 2715 1534 2786 de
1553 2715 1677 2808 quibus
1691 2715 1800 2787 ‘illud-

249 2841 321 2907 met
347 2836 495 2929 percipit
522 2837 696 2928 decimam,
723 2839 808 2911 nulli
836 2859 912 2911 eam
937 2835 1095 2912 reddens.
1135 2838 1224 2909 Item
1251 2836 1294 2907 de
1320 2837 1547 2926 agris‘trium
1575 2837 1800 2909 tabernarum

252 2954 401 3028 solvitur
429 2957 560 3030 decima
586 2959 812 3050 manipularis
838 2981 902 3051 pro
929 2960 1140 3033 monasterio
1168 2955 1324 3051 praefato
1347 2957 1384 3029 in
1411 2956 1689 3049 Trzczya‘na,
1715 2957 1800 3029 item

251 3078 397 3149 taberna
432 3077 686 3152 Siradzska
721 3081 785 3152 sub
821 3080 988 3152 limitibus
1024 3087 1060 3151 et
1090 3079 1306 3171 proprietate
1333 3078 1436 3149 villae
1464 3059 1728 3168 Trzcz'yana
1753 3077 1799 3150 ad

247 3201 493 3272 monasterium
519 3201 705 3293 pertinens,
732 3202 864 3274 babens
891 3222 992 3292 agros
1020 3201 1196 3292 speciales,
1224 3199 1266 3270 de
1294 3199 1418 3290 quibus
1445 3199 1549 3271 datur
1574 3198 1708 3271 decima
1724 3219 1798 3270 ma-

249 3319 416 3413 nipularis
442 3322 660 3413 praebendae
687 3322 874 3414 praefatae,
902 3324 998 3395 cuius
1014 3323 1229 3394 aestimatur
1255 3320 1353 3393 valor
1380 3319 1425 3392 ad
1451 3319 1537 3393 duas
1563 3338 1716 3406 marcas,

352 3443 439 3515 Item
475 3444 580 3516 babet
616 3444 783 3516 decimam
817 3444 998 3534 septimam
1025 3465 1094 3515 non
1121 3441 1369 3532 manipularem
1396 3441 1582 3531 decimam,
1608 3441 1670 3514 sed
1696 3461 1800 3532 pecn-
1834 3514 1842 3523 ,
1931 3483 1936 3495 ·

249 3564 374 3638 nialem
409 3566 444 3638 in
481 3565 747 3658 Gzychawa,
776 3565 859 3637 villa
894 3567 958 3638 sub
993 3565 1159 3656 parochia
1194 3563 1358 3636 ecclesiae
1385 3562 1593 3656 parochiabs
1620 3564 1664 3635 de
1689 3562 1798 3636 Kro-

247 3685 434 3779 lyewka,
462 3689 559 3762 cuius
578 3690 700 3761 haeres
718 3686 1214 3776 JoannesMarszousky,
1233 3684 1359 3757 nobilis
1377 3684 1419 3757 de
1438 3684 1539 3757 domo
1557 3680 1797 3757 Polnlroza

247 3807 288 3881 In
316 3832 383 3901 qua
408 3816 490 3883 sunt
517 3811 641 3902 viginti
669 3816 818 3901 quatuor
845 3810 936 3881 lanei
964 3807 1206 3897 cmethonales,
1233 3806 1276 3878 de
1304 3806 1428 3899 quibus
1455 3805 1587 3878 decima
1608 3807 1799 3897 pecunialis

247 3931 345 4003 anuis
372 3932 518 4024 singulis
553 3953 616 4023 pro
652 3930 743 4004 festo
774 3931 891 4003 Sancti
926 3929 1072 4001 Martini
1100 3929 1247 4001 solvitur
1273 3927 1470 4000 summatim
1496 3927 1611 4000 media
1635 3927 1799 4001 videlicet
1932 3986 1938 3994 ,

223 4038 379 4143 marca,
405 4074 509 4144 super
546 4073 613 4142 quo
650 4053 847 4124 cmethones
879 4052 992 4124 villae
1008 4051 1187 4142 praelatae
1214 4050 1344 4122 habere
1372 4070 1409 4121 se
1437 4054 1597 4121 asserunt
1623 4048 1796 4140 quoddam

138 4188 142 4194 ·
168 4166 169 4170 ’
245 4173 464 4265 privilegium
492 4173 669 4245 cuiusdam
695 4174 865 4264 haeredis,
892 4174 952 4264 qui
978 4175 1110 4264 primus
1137 4173 1255 4244 villam
1272 4171 1410 4262 locavit,
1429 4171 1619 4242 concedens
1636 4169 1705 4242 dns
1724 4176 1797 4243 tam

143 4327 147 4338 ·
246 4302 384 4368 tenuem
411 4299 448 4367 et
474 4295 661 4367 abscissam
689 4295 856 4368 decimam
882 4294 1104 4386 pecunialem,
1131 4295 1167 4366 in
1192 4315 1259 4384 quo
1278 4293 1382 4366 credo
1399 4292 1440 4364 fit
1457 4313 1527 4364 non
1545 4313 1654 4382 parua
1671 4293 1799 4366 iniuria

245 4418 464 4509 praebendae
491 4416 680 4508 praelatae,
707 4438 783 4489 cunr
810 4418 933 4491 haeres
961 4418 1091 4508 absque
1113 4417 1255 4488 licentia
1273 4414 1440 4487 ordinarii
1458 4414 1640 4487 solutionis
1658 4415 1798 4489 modum

179 4595 181 4598 -
245 4541 282 4614 in
309 4539 444 4614 decima
470 4560 539 4611 non
566 4540 680 4630 potuit
706 4560 818 4630 neque
846 4544 1010 4630 statuere,
1036 4558 1148 4630 neque
1176 4537 1384 4629 qualificare.

348 4662 437 4734 Item
463 4660 664 4752 praebenda
689 4660 846 4751 praefata
881 4662 989 4733 habet
1014 4660 1192 4732 vicariam.
1206 4663 1411 4749 perpetuam
1437 4657 1474 4730 in
1501 4657 1646 4757 ecclesia
1672 4655 1799 4732 Grano-

243 4784 363 4873 viensi,
390 4782 495 4854 cuius
513 4783 588 4873 ipse
615 4783 799 4855 canonicus
826 4783 948 4855 unicus
975 4786 1029 4854 est
1056 4781 1201 4854 collator
1220 4786 1255 4852 et
1273 4786 1451 4873 patronus,
1471 4800 1573 4870 quam
1591 4800 1683 4852 nunc
1699 4785 1799 4854 tenet

244 4906 411 4997 magister
437 4904 616 4977 Iohannes
644 4903 942 4997 Ghrobersky
970 4905 1013 4978 de
1040 4902 1162 4996 Myle
1171 4911 1276 4994 yow',
1303 4923 1391 4995 quae
1418 4923 1482 4995 pro
1510 4922 1573 4974 sua
1599 4903 1690 4993 dote,
1716 4924 1799 4993 pro-

244 5027 395 5118 prietate
432 5032 538 5118 atque
573 5026 677 5099 titulo
713 5027 820 5099 habet
854 5026 991 5099 unicam
1025 5023 1263 5098 tantummodo
1290 5023 1540 5115 manipularem
1568 5024 1735 5097 decimam
1762 5026 1798 5098 in

244 5146 449 5241 Kouary,
475 5146 560 5220 villa
586 5149 649 5220 sub
677 5148 842 5241 parochia
869 5147 1035 5220 ecclesiae
1062 5145 1105 5219 de
1131 5145 1462 5236 Proszowicze,
1488 5127 1585 5218 cuius
1608 5144 1797 5220 dominium

245 5269 448 5358 bipartitum
485 5274 555 5359 est,
590 5291 672 5341 nam
711 5268 933 5341 medletatem
974 5266 1067 5341 illins
1106 5266 1213 5340 babet
1247 5267 1422 5359 palatinus
1464 5266 1702 5340 cracoviensis
1732 5290 1797 5360 pro

245 5394 401 5480 tempore
427 5410 491 5485 pro
515 5410 577 5470 tuo
604 5390 716 5473 officio
744 5395 849 5491 atque
876 5390 1094 5491 magistratu,
1120 5389 1252 5465 habens
1279 5390 1411 5464 curium
1439 5389 1622 5485 specialem
1640 5396 1677 5464 et
1694 5410 1799 5482 agros
