4050 6054
314 469 387 539 548

417 673 511 743 Duo
540 693 721 743 scamna
748 672 935 743 sutorio
946 693 976 742 a.
1011 672 1099 744 Item
1126 672 1370 763 praepositura
1395 672 1641 745 Sandeczeusis
1667 675 1774 745 habet
1802 676 1867 745 ha-

313 797 465 883 bereque
492 794 670 863 consuerit
696 792 765 862 duo
792 813 932 862 scamna
958 795 1117 864 sutorina
1158 794 1193 863 in
1229 792 1356 883 oppido
1384 793 1631 884 Sandeczensi,
1667 794 1868 885 dequibus

314 915 366 986 illi
393 935 457 1005 pro
485 933 599 985 ammo
627 933 732 983 ceusu
758 913 905 983 solvitur
932 934 1001 983 una
1028 934 1144 984 marca
1171 921 1330 985 monetae
1358 914 1488 985 usualis
1515 921 1552 985 et
1578 915 1775 986 communis.

418 1034 623 1103 Institae
651 1037 753 1102 tres
780 1032 823 1102 iu
852 1033 1024 1122 oppido'
1048 1033 1260 1105 Saudecz.
1279 1034 1366 1103 Item
1385 1035 1627 1125 praepositura
1646 1033 1864 1107 Sandeczeu·

320 1156 369 1225 sis
396 1155 501 1224 habet
527 1154 723 1241 habereque
751 1153 929 1223 cousuevit
956 1153 1093 1224 institas
1119 1160 1191 1224 tres
1219 1153 1253 1223 in
1282 1155 1408 1245 oppido
1436 1154 1676 1245 Saudeczensi,
1704 1176 1793 1245 quae
1812 1155 1868 1227 illi

316 1295 380 1365 pro
407 1294 520 1344 anuuo
549 1293 653 1343 censu
680 1273 819 1343 solvunt
846 1294 948 1343 uuam
975 1294 1126 1344 marcam
1153 1280 1312 1344 monetae
1340 1275 1478 1345 usualis.

419 1393 555 1463 Horti
584 1392 744 1482 oppidi
772 1392 1121 1463 Saudeczousis.
1148 1394 1236 1463 Item
1263 1396 1504 1484 praepositura
1526 1394 1773 1468 Sandeczensis
1801 1398 1869 1468 ba-

315 1517 376 1585 bet
402 1514 597 1602 habereque
625 1513 801 1584 consuevit
829 1534 967 1583 censum
994 1535 1145 1584 aunuum
1182 1514 1225 1585 de
1253 1515 1410 1586 omnibus
1445 1516 1557 1587 hortis
1585 1516 1703 1607 oppidi
1734 1516 1870 1589 Sande-

316 1634 468 1722 czeusis,
505 1633 563 1723 qui
590 1655 712 1704 census
749 1633 905 1704 extendit
931 1655 968 1705 se
996 1633 1040 1704 ad
1067 1640 1141 1705 tres
1167 1655 1302 1706 marcas
1335 1642 1370 1706 ct
1397 1656 1520 1706 novem
1548 1642 1679 1708 scottos
1705 1642 1870 1710 monetae

318 1753 458 1826 usualis.

419 1874 673 1964 Prmmuown,
710 1874 793 1945 villa
829 1875 892 1944 sub
921 1874 1085 1963 parochia
1120 1875 1283 1946 ecclesiae
1322 1875 1364 1946 de
1391 1875 1517 1947 Nova
1552 1876 1750 1949 Sandecz
1786 1878 1870 1969 sita,

317 1997 414 2067 cuius
441 1996 638 2086 proprietas
665 2000 701 2066 et
727 1995 916 2068 dominium
943 1995 987 2066 ad
1014 1995 1271 2087 serenissimum
1299 2018 1415 2087 regem
1442 1996 1607 2069 Polouiae
1634 1999 1804 2089 pertinet,
1830 1999 1872 2071 in

319 2138 388 2207 qua
414 2123 495 2187 suut
522 2117 614 2187 lanei
641 2117 891 2206 emethonaleS,
929 2138 1073 2206 quorum
1110 2116 1255 2207 quilibet
1291 2139 1355 2208 pro
1382 2118 1515 2189 decima
1550 2120 1722 2209 pecuniali
1757 2120 1871 2192 solvit

318 2237 581 2328 praepositurae
608 2237 834 2308 Saudeczensi
863 2259 968 2307 uuum
994 2236 1162 2308 fertonem
1190 2243 1347 2309 monetae
1375 2240 1575 2309 eommunis,
1606 2230 1874 2331 ltem'praepo-

319 2358 430 2428 situra
456 2356 615 2446 praefata
641 2356 886 2427 Sandeczensis
920 2358 1026 2427 habet
1061 2357 1258 2447 habereque
1295 2359 1472 2429 consuevit
1508 2359 1645 2430 domum
1673 2365 1709 2431 et
1735 2360 1874 2433 curiam

318 2478 497 2567 pulchram
524 2498 630 2568 penes
657 2499 790 2548 murum
821 2476 938 2566 oppidi
965 2477 1000 2546 in
1021 2478 1228 2548 coemeterio
1256 2478 1373 2568 sitam,
1399 2500 1463 2568 pro
1482 2480 1606 2551 maiori
1632 2485 1731 2570 parte
1757 2482 1875 2553 muris

318 2598 530 2689 fabricatam,
558 2619 647 2688 quae
675 2597 846 2688 quondam
873 2598 918 2668 ad
945 2599 1138 2687 plebaniam
1167 2598 1345 2688 praefatae
1372 2600 1537 2671 ecclesiae
1565 2621 1630 2691 pre
1659 2601 1712 2672 sui
1737 2602 1877 2674 medie-

325 2724 398 2790 tate
424 2719 631 2819 pertinebat.

423 2840 510 2911 Item
536 2839 697 2930 praesuta
722 2839 967 2929 praepositura
993 2844 1113 2911 taxata
1139 2846 1193 2911 est
1220 2840 1264 2911 ad
1283 2894 1453 2910 .......

796 3205 1036 3287 Decauatos
1069 3206 1393 3288 Saudeczcuaic.

425 3445 672 3516 Saudeczensis
699 3445 885 3516 decanatus
913 3466 956 3515 ex
983 3445 1208 3533 proventibus
1244 3445 1409 3516 ecclesiae
1437 3446 1645 3535 parochialis
1674 3446 1756 3517 olim
1784 3444 1878 3518 San-

325 3566 511 3656 deczensiS,
538 3586 628 3636 nunc
654 3565 867 3655 collegiatae,
894 3564 997 3636 datus
1015 3571 1051 3635 et
1068 3565 1208 3636 dotatus
1236 3571 1301 3656 est,
1328 3587 1428 3656 quem
1456 3587 1546 3636 nunc
1572 3572 1669 3637 tenet
1690 3564 1877 3639 Johaunes

323 3686 617 3777 Geslaushy,
644 3686 769 3756 nobilis
796 3686 839 3757 de
866 3686 968 3757 domo
995 3694 1031 3756 et
1057 3685 1188 3756 familia
1222 3686 1602 3776 Zambrzaglowa
1638 3687 1724 3757 alias
1755 3684 1879 3778 Wyc-

322 3828 497 3898 uyawa,
526 3807 584 3897 qui
611 3827 674 3896 pro
702 3807 755 3877 sui
782 3806 863 3877 dote
881 3813 917 3877 et
934 3806 1136 3878 fundatione
1163 3807 1298 3878 unicam
1325 3814 1460 3879 tantum
1488 3809 1595 3879 habet
1614 3807 1779 3878 decimam
1798 3828 1877 3879 ma-

324 3927 516 4018 nipularem
543 3926 687 3998 inferius
715 3927 993 4016 describendam,
1029 3927 1083 3997 cui
1111 3928 1247 4017 quidem
1276 3928 1460 4000 decanatui
1485 3928 1679 4018 institutio,
1714 3927 1875 4017 regimen

321 4053 357 4119 et
384 4066 467 4117 cura
493 4046 644 4117 emnium
671 4046 878 4117 vicariorum
906 4046 1192 4118 Sandeczensium
1219 4049 1405 4138 ascriptam
1432 4054 1468 4121 et
1494 4068 1662 4119 annexam
1690 4053 1727 4120 et
1744 4046 1875 4119 eorun-

324 4167 402 4239 dem
428 4166 661 4238 visitationem
688 4172 724 4237 et
750 4167 999 4239 correctionem
1020 4222 1190 4239 .......

427 4287 580 4377 Kurrow,
608 4286 692 4359 villa
718 4288 782 4359 sub
808 4288 973 4378 parochia
1000 4288 1165 4359 ecclesiae
1192 4289 1235 4359 de
1261 4287 1576 4378 Wyelegleuy
1610 4293 1646 4360 et
1672 4287 1716 4359 ad
1741 4287 1877 4360 fluenta

323 4408 418 4479 fluuii
445 4408 690 4499 Dunapecz
718 4410 803 4497 sita,
839 4407 936 4479 cuius
964 4409 1074 4478 omnis
1101 4408 1297 4498 proprietas
1324 4414 1360 4478 et
1387 4408 1573 4479 dominium
1601 4407 1646 4478 ad
1673 4407 1877 4498 episcopum
1921 4454 1925 4461 -

325 4527 589 4600 Gracovieusem
627 4548 691 4619 pre
722 4534 877 4619 tempere
912 4529 1085 4619 pertinet,
1120 4527 1155 4598 in
1184 4549 1252 4618 qua
1278 4533 1359 4599 sunt
1392 4527 1612 4618 vigintiduo
1648 4547 1724 4599 cum
1758 4525 1877 4599 medio

324 4650 417 4721 lanei
444 4649 686 4738 emetlronalcs,
713 4649 795 4720 item
823 4654 877 4719 est
902 4649 952 4720 ibi
979 4670 1048 4721 uua
1073 4651 1220 4720 taberna
1246 4648 1378 4720 habens
1406 4670 1518 4738 agros,
1546 4647 1736 4738 dequibus
1761 4648 1877 4719 omni-

324 4773 390 4841 bus
416 4769 566 4841 solvitur
591 4770 724 4841 decima
749 4769 976 4859 manipudaris
1003 4776 1039 4841 et
1064 4790 1128 4860 per
1146 4775 1295 4861 quatuor
1321 4769 1460 4859 ierugas
1487 4768 1662 4859 canapalis
1689 4768 1878 4840 decanatui

325 4888 562 4980 Saudeczensi,
590 4895 625 4961 et
651 4894 814 4960 terrentur
839 4889 934 4959 illam
961 4892 1161 4961 emethones
1186 4897 1221 4962 et
1244 4892 1446 4961 tabernator
1473 4889 1597 4960 ducere
1624 4887 1775 4980 propriis
1793 4910 1877 4960 cur-

326 5011 423 5081 ribus
450 5011 486 5080 hr
512 5011 675 5081 horreum
703 5028 724 5079 a
751 5007 880 5080 decano
915 5008 1097 5081 locandum
1133 5016 1169 5080 et
1196 5011 1294 5082 valor
1327 5010 1401 5081 eius
1437 5009 1643 5081 aestimatur
1678 5008 1723 5079 ad
1748 5007 1878 5099 viginti

329 5150 390 5202 sex
415 5150 560 5218 marcas3
587 5130 669 5199 item
696 5149 765 5200 uon
792 5136 875 5201 sunt
900 5130 936 5201 iu
955 5129 1074 5202 eadem
1101 5130 1185 5202 villa
1206 5130 1424 5201 hortulaniae
1450 5130 1596 5220 aliquae,
1623 5129 1707 5200 item
1732 5148 1802 5199 nou
1819 5134 1880 5201 est

327 5251 361 5320 in
388 5249 473 5321 villa
498 5248 619 5321 eadem
655 5249 795 5339 aliquod
831 5250 1010 5340 praedium
1046 5249 1260 5343 episcopale,
1298 5250 1379 5327 item
1406 5271 1475 5327 uon
1501 5255 1555 5327 est
1581 5250 1616 5325 iu
1643 5248 1763 5325 cadem
1790 5248 1879 5325 villa

327 5370 504 5459 scolaces,
530 5390 642 5460 neque
669 5370 911 5447 molendinum.
