4050 6054
237 478 310 552 512

232 687 405 760 ordinatio
432 686 469 759 in
495 690 607 759 toturn
634 685 803 777 abrogata
829 692 892 775 est,
919 688 955 758 et
981 706 1071 759 nova
1097 684 1161 758 sub
1188 684 1242 758 his
1269 683 1525 758 conditionibus
1552 689 1590 757 et
1616 682 1784 777 capitulis

233 809 404 899 instituta,
430 812 470 879 ut
495 808 658 880 videlicet
685 808 831 898 quilibet
856 807 1024 897 magister
1050 811 1087 878 et
1112 806 1235 879 doctor
1261 809 1297 878 in
1324 807 1470 879 ecclesia
1496 804 1529 878 S.
1545 804 1710 913 Floriani
1727 804 1788 879 be·

233 928 422 1020 neficiatus,
449 929 596 1020 triginta
622 949 756 1001 marcas
775 929 964 1001 communis
991 929 1156 1018 pecuniae
1183 928 1282 999 annis
1305 928 1449 1018 singulis
1476 928 1659 1019 percipiat,
1687 916 1789 999 sede-

234 1051 300 1121 cim
326 1049 489 1122 videlicet
514 1070 578 1140 pro
597 1070 750 1140 corpore,
765 1051 828 1121 ito
845 1054 885 1121 ut
903 1049 1029 1120 dentur
1048 1050 1190 1120 cuilibet
1208 1053 1357 1138 quatuor
1375 1068 1521 1138 marcae,
1548 1069 1612 1139 pro
1632 1052 1789 1139 quatuor

234 1170 457 1261 temporibus
485 1171 515 1241 si
542 1178 663 1242 tamen
684 1170 851 1242 lectiones
878 1191 956 1240 eum
982 1176 1229 1241 concernentes
1257 1174 1336 1240 actu
1363 1169 1570 1260 expleverit,
1596 1173 1634 1241 et
1661 1174 1788 1260 quatu·

207 1291 386 1363 'ordecim
413 1312 548 1363 marcas
574 1312 638 1381 pro
665 1290 920 1380 refectionibus
948 1291 979 1361 si
1000 1295 1117 1361 tamen
1144 1290 1288 1379 singulis
1316 1289 1437 1362 diebus
1465 1289 1648 1361 dominicis
1675 1290 1788 1361 eccle·

190 1483 198 1496 ,
235 1413 322 1484 siam
348 1412 380 1483 S.
398 1411 555 1483 Floriani
581 1413 811 1502 personaliter
829 1411 1034 1502 visitaverit,
1060 1411 1112 1483 ita
1129 1417 1169 1483 ut
1187 1411 1330 1482 cuilibet
1356 1410 1514 1482 visitanti
1540 1431 1603 1501 pro
1627 1410 1789 1501 quolibet

234 1533 289 1605 die
317 1532 489 1605 dominico
516 1533 680 1623 solvatur,
708 1536 769 1603 aut
795 1532 932 1604 absenti
959 1530 1148 1604 defalcetur
1174 1530 1279 1622 ferto,
1305 1532 1374 1602 nisi
1400 1531 1490 1603 sorte
1517 1531 1644 1622 aliquis
1670 1530 1788 1623 aegri-

235 1654 365 1744 tudine,
393 1656 522 1745 sennio,
549 1654 815 1744 praedicatione,
846 1659 907 1724 aut
931 1654 1023 1725 aeris
1050 1654 1271 1743 intemperie,
1299 1659 1361 1724 aut
1387 1653 1503 1743 aliquo
1531 1652 1599 1723 alio
1625 1652 1788 1747 legitimo

142 1756 145 1763 ’
235 1774 478 1865 impedimento
507 1775 742 1864 impediretur3
769 1775 820 1846 ita
838 1780 877 1844 ut
894 1775 1028 1845 ratione
1054 1775 1160 1845 trium
1179 1774 1472 1864 cancellariorum,
1498 1772 1663 1845 videlicet
1689 1771 1788 1845 Sira-

235 1893 382 1986 diensis,
417 1894 650 1966 Lanciciensis
677 1902 713 1966 et
739 1894 986 1967 Poznaniensis
1013 1894 1123 1965 eidem
1151 1895 1315 1966 ecclesiae
1341 1893 1374 1965 S.
1401 1894 1557 1966 Floriani
1583 1894 1787 1984 incorpora-

233 2021 357 2105 tarum,
384 2021 458 2087 tres
485 2016 745 2109 constituantur
763 2016 800 2086 in
819 2015 938 2086 eadem
965 2015 1111 2087 ecclesia
1128 2014 1161 2085 S.
1181 2015 1335 2087 Floriani
1362 2014 1558 2086 cancellarii
1585 2015 1661 2087 sive
1677 2014 1788 2087 benc·

235 2134 360 2226 ficiati,
396 2137 460 2207 sub
488 2135 742 2228 qualificatione
778 2135 1012 2226 praescripta,
1047 2142 1082 2208 et
1109 2137 1263 2225 ipsorum
1298 2136 1444 2226 quilibet
1478 2157 1543 2226 pro
1571 2154 1720 2226 corpore
1747 2141 1802 2227 et·

234 2255 479 2328 refectionibus
505 2257 652 2347 triginta
677 2277 821 2347 marcas,
849 2257 879 2327 si
905 2263 1022 2327 tamen
1050 2257 1272 2347 pecuniarum
1298 2255 1447 2329 facultas
1474 2260 1695 2347 suppeteret,
1723 2256 1787 2327 ba·

233 2378 361 2467 bituri3
397 2398 466 2448 non
493 2383 610 2448 tamen
637 2379 734 2468 prius
762 2377 806 2449 ad
832 2377 1090 2468 perceptionem
1116 2378 1255 2449 illorum
1281 2377 1505 2467 admittendi,
1540 2376 1602 2448 sed
1628 2376 1787 2449 conteuti

234 2518 310 2569 esse
338 2497 465 2569 debent
492 2498 727 2588 collegiaturis
754 2498 939 2589 prioribus
966 2498 1035 2568 nisi
1062 2499 1238 2588 perprius
1266 2519 1400 2569 summa
1426 2497 1544 2570 debita
1560 2501 1597 2568 et
1614 2496 1787 2588 neglecta

235 2617 387 2708 antiquis
413 2617 627 2690 beneficiatis
654 2618 784 2690 luerint
809 2618 1004 2709 persoluta;
1037 2619 1219 2709 caverique
1247 2619 1395 2689 maxime
1422 2617 1543 2708 debet,
1578 2637 1624 2689 ne
1650 2617 1786 2689 creatio

235 2758 403 2811 novorum
438 2738 681 2810 beneficiorum
717 2746 854 2811 veteres
890 2740 1025 2811 insuia
1060 2738 1229 2810 fructibus
1265 2745 1301 2811 et
1328 2738 1487 2810 censibus
1523 2736 1787 2829 quomodolibet

235 2857 411 2947 impediat.
446 2857 627 2930 Universis
655 2865 772 2930 autem
797 2859 974 2949 magistris
1002 2864 1038 2930 et
1064 2858 1264 2930 doctoribus
1290 2858 1334 2930 ad
1361 2859 1540 2930 ecclesiam
1566 2856 1599 2929 S.
1625 2856 1787 2930 Floriani

235 2978 308 3049 sive
336 2978 380 3049 ad
406 2979 538 3070 prisca,
574 2979 647 3051 sive
673 2979 718 3050 ad
745 3000 835 3051 nova
860 2979 1027 3052 beneficia
1054 2980 1222 3069 promotis
1250 2983 1286 3050 et
1313 2978 1573 3070 promovendis,
1609 2977 1787 3070 ingeritur

234 3099 431 3190 necessitas,
457 3105 497 3170 ut
522 3101 558 3171 in
585 3120 627 3171 eo
653 3099 826 3192 facultate,
854 3101 1023 3192 adquam
1050 3101 1200 3191 promoti
1226 3099 1365 3190 fuerint,
1393 3099 1552 3192 diligenti
1578 3099 1695 3173 studio
1713 3099 1786 3172 lec-

235 3220 348 3292 tiones
375 3220 419 3291 ad
446 3240 531 3310 quas
559 3221 767 3311 obligantur,
796 3221 966 3312 expleant.
992 3221 1132 3293 Decano
1160 3225 1275 3292 autem
1302 3220 1334 3292 S.
1352 3206 1507 3292 Floriani
1532 3241 1596 3310 pro
1623 3226 1786 3313 tempore

234 3345 271 3411 et
295 3342 450 3432 regimen
486 3342 638 3413 omnium
673 3343 842 3415 bonorum
869 3342 1049 3414 ecelesiam
1076 3341 1108 3413 S.
1135 3342 1291 3414 Floriani
1326 3342 1606 3413 concernentium
1631 3341 1669 3412 in
1694 3346 1786 3414 iem·

233 3462 422 3554 pacalibus,
445 3469 482 3534 et
508 3462 709 3535 distributio
744 3464 968 3553 pecuniarum
995 3463 1031 3533 in
1058 3463 1212 3553 singulos
1238 3463 1471 3553 beneficiatos
1499 3467 1535 3534 ct
1561 3462 1718 3535 robertio
1746 3462 1784 3534 in

141 3560 172 3666 ,⁹
233 3583 449 3676 negligentes
482 3588 519 3655 et
544 3585 708 3656 remissos
744 3584 990 3675 committitur,
1026 3606 1089 3675 pro
1126 3605 1194 3675 quo
1220 3584 1341 3656 labore
1376 3591 1412 3655 et
1439 3604 1523 3656 cura
1557 3603 1617 3655 sex
1642 3603 1785 3657 marcae

234 3704 286 3775 illi
313 3706 407 3776 ultra
433 3710 588 3778 caeteros
615 3705 835 3777 adiiciuntur.
875 3704 971 3796 Item,
1000 3706 1030 3776 si
1057 3706 1174 3796 aliqua
1200 3726 1333 3777 summa
1359 3726 1402 3777 ex
1428 3703 1653 3796 proventibus
1679 3726 1785 3797 prae-

234 3824 315 3897 latis
342 3825 464 3897 solutis
490 3826 704 3898 beneficiatis
731 3827 917 3917 perprius
945 3833 980 3897 et
1007 3827 1177 3916 expeditis
1204 3825 1444 3917 resultaverit,
1479 3827 1516 3898 in
1542 3825 1662 3898 fiscum
1689 3846 1785 3899 com-

233 3967 335 4017 mune
362 3943 550 4036 redigenda
576 3952 639 4037 est,
666 3952 702 4018 et
727 3968 791 4037 pro
818 3945 1014 4038 reiectione,
1041 3947 1297 4020 construetione
1324 3952 1360 4019 et
1386 3947 1541 4039 qualibet
1565 3945 1598 4018 S.
1624 3946 1785 4019 Floriani

233 4065 390 4156 legitima
415 4070 452 4138 et
478 4073 636 4157 urgente·
650 4068 858 4139 necessitate
886 4069 1138 4159 convertenda3
1170 4089 1239 4160 qna
1265 4068 1466 4141 difficultate
1493 4074 1530 4140 et
1556 4067 1722 4140 ecclesiae
1750 4066 1784 4138 S.

235 4187 390 4259 Floriani
407 4188 615 4259 necessitate
633 4189 862 4279 incumbente,
888 4190 1099 4262 tenebuntur
1120 4190 1316 4262 beneficiati
1335 4190 1378 4262 de
1396 4191 1468 4262 suis
1487 4189 1631 4281 privatis
1658 4188 1784 4261 introi-
1848 4224 1855 4243 ι

233 4308 338 4400 tibus,
365 4309 439 4380 eius
467 4310 628 4399 supplere
655 4314 866 4400 structuraS,
893 4311 1050 4381 aedificia
1077 4318 1113 4382 et
1140 4311 1292 4402 singulas
1311 4312 1546 4383 necessitates.
1572 4310 1784 4383 Decemitur

233 4430 383 4520 insuper,
409 4435 451 4501 ut
476 4430 507 4501 si
533 4430 628 4502 ultra
654 4431 769 4502 omnia
795 4432 986 4522 praemissa
1012 4453 1145 4504 summa
1171 4432 1296 4522 viginti
1322 4453 1516 4504 marcarum
1542 4432 1722 4504 annuatim
1739 4452 1785 4503 ex

233 4551 459 4641 proventibus
485 4550 652 4642 praelatis
678 4552 910 4645 resultaverit,
940 4560 1066 4625 extunc
1092 4554 1251 4645 provisor
1274 4575 1317 4625 ex
1335 4552 1532 4625 huiusmodi
1559 4572 1692 4624 summa
1708 4572 1785 4624 ma·

231 4673 343 4764 gistro
369 4672 425 4745 vel
452 4672 587 4744 doctori
621 4674 818 4745 immediate
853 4674 1107 4766 promovendo,
1142 4696 1247 4746 unam
1273 4695 1424 4746 marcam
1459 4673 1605 4765 singulis
1632 4680 1785 4764 quatuor

232 4794 447 4886 temporibus
473 4794 655 4885 largiatur.
673 4794 710 4867 Si
729 4795 806 4887 quis
823 4816 906 4868 vcro
924 4795 1122 4867 huiusmodi
1139 4797 1420 4868 constitutionem
1442 4795 1649 4867 temerarius
1666 4800 1785 4867 bans

232 4936 373 5007 grecam
407 4922 568 5007 repertus
604 4915 727 5007 fuerit,
763 4917 936 4989 sententia
970 4917 1332 4989 excommunicationis
1364 4916 1584 5007 procellitur,
1620 4916 1785 5008 quamsi

232 5038 355 5131 primo,
382 5038 534 5112 secundo
553 5044 589 5109 et
606 5037 710 5109 tertio
737 5038 942 5128 admonitus,
971 5038 1218 5109 contumaciter
1236 5038 1428 5128 pertulerit,
1456 5036 1601 5108 facultas
1619 5037 1785 5128 privandi

232 5166 268 5230 et
293 5161 466 5250 spoliandi
491 5181 569 5231 eum
596 5158 763 5232 beneficio
790 5159 1003 5250 decernitur,
1030 5160 1260 5232 committitur
1286 5166 1322 5231 et
1349 5164 1566 5249 reservatur,
1602 5158 1784 5235 ordinario

232 5297 296 5369 pro
322 5285 478 5373 tempore
504 5280 684 5353 existente.
