4050 6054
236 453 310 529 lac

232 660 392 735 cnrnbus
417 659 453 729 in
479 657 641 729 borreum
667 672 732 743 per
756 651 923 723 [actorem
954 648 1097 738 capituli
1122 645 1339 737 eligendum,
1372 658 1411 717 et
1436 643 1577 717 solunt
1608 644 1785 717 decinam

232 781 354 872 canapi
380 798 443 869 per
469 781 618 869 quatuor
644 775 791 864 ierugos,
817 778 854 843 et
879 771 1086 841 aestimatur
1111 769 1210 840 valor
1235 768 1311 839 eius
1336 768 1382 838 ad
1407 776 1488 839 octo
1511 784 1657 839 meas
1690 765 1786 839 ltcm

231 908 288 975 est
312 902 348 972 in
374 898 495 971 eadem
530 896 615 968 villa
639 894 892 981 molendinum,
926 891 990 963 sed
1016 912 1086 962 non
1112 890 1220 961 babet
1244 911 1368 980 agros,
1403 888 1488 959 item
1513 892 1572 959 est
1594 887 1634 959 in
1657 886 1786 961 eadem

231 1023 317 1095 villa
340 1022 437 1094 cuma
462 1018 635 1107 militaris,
669 1016 803 1089 babens
837 1035 942 1104 agros
978 1012 1145 1103 speciales
1179 1010 1393 1101 praediales,
1426 1008 1623 1100 dequibus
1646 1007 1788 1081 decima
1871 1046 1877 1053 ·

231 1141 458 1233 manipularis
483 1139 631 1212 solvitur
655 1137 805 1228 plebano
831 1135 998 1207 ecclesiae
1023 1135 1060 1206 in
1087 1133 1255 1223 Bobin,
1289 1137 1327 1204 et
1351 1131 1451 1205 valor
1474 1131 1552 1205 dus
1576 1112 1788 1205 mansur

232 1263 279 1337 ad
304 1266 453 1354 quatuor
479 1280 623 1333 wcas

240 1507 442 1589 Decimae
475 1503 760 1609 manipulares
789 1500 962 1606 capituli
978 1498 1295 1599 cracoviensis,
1326 1501 1445 1579 circa
1466 1428 1785 1581 Surblminm
1864 1456 1869 1463 Ι

855 1641 1157 1722 consistentes.

336 1866 557 1938 'tenuitatem
592 1870 822 1954 proventuum
857 1861 1100 1953 capitvdarium
1130 1865 1168 1932 et
1194 1858 1458 1950 multiplicatam
1492 1880 1535 1931 ac
1567 1859 1787 1952 frequentem

232 1988 457 2063 residentiam
492 1986 728 2077 praelatorum
763 1992 801 2057 et
830 1984 1073 2055 canonicorum
1108 1980 1350 2053 cracoviensis
1384 1981 1570 2069 eoeleaiae,
1603 1978 1789 2055 Jobmes

231 2108 542 2198 Rzessorvslsy
577 2108 760 2198 episcopus
785 2104 1027 2177 cracoviensis
1060 2103 1294 2193 perpendens,
1329 2103 1389 2194 pia
1412 2102 1636 2175 miseratiom
1661 2123 1786 2177 corum

230 2231 500 2305 necessitatibus
526 2233 563 2300 et
589 2226 800 2299 residentiae
825 2225 1068 2314 subventuros,
1095 2244 1187 2295 anno
1212 2224 1353 2296 Domini
1383 2224 1492 2297 1474.
1517 2224 1665 2315 septima
1689 2243 1790 2309 men-

232 2353 281 2424 sis
309 2350 481 2439 Octobris,
507 2352 642 2438 septcm
669 2344 821 2418 decimas
847 2343 1082 2434 manipulares
1106 2365 1248 2416 mensae
1268 2365 1353 2419 errae
1378 2344 1596 2436 episcopalis,
1621 2343 1791 2419 videlicet

234 2474 273 2545 in
299 2471 661 2560 Jakubowycze,
696 2464 863 2555 Bobin,
899 2462 1225 2558 Gyeboltbow,
1258 2466 1516 2558 Boszcayn‚
1555 2464 1789 2557 Quassin,

232 2593 576 2681 Marszowycze
625 2593 663 2659 et
706 2585 1098 2679 Phylippovycze
1142 2585 1549 2678 capitulo'cracovionsi
1593 2587 1789 2661 donatione

233 2717 405 2806 perpetua
430 2717 468 2783 et
492 2707 713 2782 irrevocabili
738 2706 809 2799 dat,
835 2708 953 2799 donat,
979 2708 1178 2799 privilegiet
1195 2713 1232 2780 et
1249 2708 1418 2797 inscribit
1444 2708 1489 2781 de
1505 2729 1575 2800 quo
1592 2708 1630 2781 in
1646 2709 1789 2783 mario

232 2832 475 2909 cracoviensis
501 2829 667 2903 ecclesiae
693 2829 843 2919 speciale
868 2828 1089 2902 donationem
1107 2829 1304 2903 huiusmodi
1331 2830 1511 2903 continens
1536 2831 1687 2903 babetur
1712 2830 1789 2921 pri·

233 2953 416 3045 vilegium,
442 2958 601 3024 statuens
626 2956 665 3023 et
689 2950 896 3041 decernens,
930 2956 972 3023 ut
998 2951 1153 3022 decimae
1178 2949 1357 3042 praefatae
1382 2956 1599 3026 ostenaet
1623 2972 1647 3022 a
1672 2951 1789 3043 modo,

234 3077 279 3148 ad
305 3073 578 3166 possessionem,
614 3071 864 3164 proprietatem
889 3077 926 3144 et
950 3071 1140 3145 dominium
1175 3071 1321 3162 capituli
1345 3071 1597 3162 cracoviensis,
1623 3072 1669 3145 ad
1694 3093 1790 3147 com·

233 3216 353 3269 munes
379 3216 463 3267 usus
489 3199 527 3266 et
555 3194 601 3265 ad
627 3193 891 3267 distributiones
926 3193 1147 3284 quotidianas
1182 3193 1446 3283 convertendae,
1482 3200 1652 3285 perpetuo
1678 3196 1792 3285 perti·

233 3323 347 3407 noant,
375 3314 638 3407 publicibusque
664 3314 796 3387 usibus.
810 3314 1061 3405 capitularibus
1087 3313 1305 3405 deserviant,
1331 3336 1395 3388 nec
1421 3316 1558 3405 possint
1584 3314 1690 3387 alicui
1714 3317 1791 3406 pri·

233 3444 337 3512 votae
355 3454 534 3528 personae,
551 3436 657 3509 etiam
675 3457 719 3509 ex
731 3435 898 3526 praelatis
911 3440 948 3505 ot
962 3436 1136 3507 canonicis
1149 3435 1438 3509 cracoviensibus
1452 3437 1488 3506 in
1503 3435 1792 3526 praestimonium

233 3565 295 3633 aut
322 3580 420 3632 osum
447 3558 660 3649 singularem
685 3556 854 3629 conferri:
889 3576 1035 3647 quarum
1060 3556 1199 3648 quidem
1227 3557 1436 3629 decimarum
1463 3557 1612 3647 calores,
1637 3557 1727 3629 situs
1752 3562 1794 3629 et

235 3681 467 3770 conditiones,
503 3701 568 3770 pro
602 3678 723 3752 lutura
756 3698 873 3750 rerum
908 3682 947 3751 et
977 3676 1174 3752 huiusmodi
1209 3678 1408 3759 donationis
1443 3679 1620 3768 memoria
1645 3676 1790 3768 dignm

234 3802 397 3874 duximus
423 3802 458 3872 in
487 3800 776 3892 subsequentibus
802 3798 1011 3871 describere.

338 3923 638 4011 Jnnuaowrczs,
665 3921 749 3992 villa
775 3920 839 3992 sub
864 3920 1034 4011 parocbia
1059 3919 1226 3993 ecclesiae
1251 3918 1547 3991 Scarbimiriensis
1574 3920 1662 4009 sita,
1688 3918 1793 4021 offis

233 4043 403 4116 haeredes
429 4042 566 4131 Petrus,
591 4040 779 4131 Jobannes,
806 4038 964 4130 Zegotba
988 4039 1424 4129 Marczinkovvsczy,
1450 4040 1585 4113 nobiles
1613 4038 1793 4133 dem

91 4173 94 4177 '
232 4164 552 4256 Bippenuium.
579 4163 620 4234 In
646 4182 716 4253 qua
742 4169 824 4233 sunt
850 4161 942 4233 lanei
969 4161 1218 4249 emethonales,
1254 4160 1297 4232 de
1324 4163 1449 4250 quibus
1474 4161 1624 4234 solvitur
1650 4158 1788 4235 daho

233 4283 461 4374 manipularis
487 4286 524 4356 et
548 4303 612 4373 per
639 4288 788 4373 quatuor
815 4283 953 4372 ierugas
979 4283 1173 4374 consputis,
1212 4286 1249 4353 et
1273 4286 1439 4353 tenentur
1464 4283 1561 4354 illam
1587 4282 1789 4355 cruetbones

234 4404 388 4497 propriis
423 4403 582 4476 curribus
617 4402 745 4475 ducere
782 4404 817 4475 in
843 4404 1009 4475 borreum
1034 4424 1057 4474 a
1083 4402 1236 4494 capitulo
1272 4400 1495 4475 cracoviensi
1529 4402 1725 4493 locandum,
1750 4407 1791 4477 et

234 4526 333 4598 valor
360 4524 436 4597 eius
461 4524 667 4597 aestimatur
692 4524 737 4596 ad
763 4524 944 4598 duodecim
971 4544 1115 4596 marcas.
1158 4525 1249 4597 Item
1276 4524 1458 4615 praedium
1492 4529 1548 4595 est
1572 4523 1622 4596 ibi
1648 4523 1789 4597 unicum

233 4646 394 4735 militare,
419 4644 463 4717 de
491 4666 558 4737 quo
586 4644 720 4717 decima
745 4646 971 4738 manipularis
998 4646 1146 4719 solvitur
1164 4699 1334 4717 .......
1356 4646 1441 4719 item
1468 4645 1615 4719 taberna
1640 4699 1649 4717 .
1671 4698 1679 4716 .
1698 4698 1707 4715 .
1724 4684 1735 4715 ·.
1753 4696 1791 4717 ..

234 4768 319 4841 item
346 4766 533 4840 hortulani.

339 4889 480 4979 Bonan,
507 4887 591 4960 villa
616 4888 852 4980 parochialem
877 4890 1058 4961 ecclesiam
1083 4888 1236 4980 ligneam
1260 4888 1394 4961 babens
1411 4888 1447 4959 in
1466 4908 1515 4978 se,
1541 4888 1641 4960 cuius
1662 4888 1792 4961 haeres

234 5009 398 5084 Nicotaus
415 5010 506 5103 Rey
533 5010 576 5083 de
594 5009 893 5102 Scbumpslro,
919 4998 1107 5084 nobilisde
1132 5011 1235 5084 domo
1262 5008 1432 5100 Olrsza,
1458 5015 1604 5101 propter
1630 5029 1787 5100 morem,

234 5131 361 5206 nobilis
388 5131 559 5205 lobannis
585 5131 812 5224 Slavyecs
838 5132 956 5206 filiam.
983 5132 1024 5203 In
1041 5152 1111 5222 qua
1127 5136 1210 5205 sunt
1228 5131 1320 5204 lanei
1337 5131 1588 5221 ometbonales,
1606 5130 1651 5203 do
1667 5130 1796 5221 quibus

233 5254 394 5326 omnibus
420 5253 569 5326 solvitur
595 5252 728 5326 decima
753 5253 991 5346 manipularis,
1009 5256 1046 5324 et
1061 5272 1125 5341 per
1143 5256 1294 5342 quatuor
1315 5253 1456 5345 ierugas
1482 5251 1671 5342 campalis,
1695 5250 1791 5341 capi·

231 5374 306 5447 tulo
332 5371 576 5469 cracoviensi,
611 5378 649 5447 et
673 5379 838 5457 alentur
863 5374 960 5455 lan
984 5373 1187 5453 cmcthoucs
1223 5372 1563 5469 propriisscorribas
1599 5371 1727 5449 duwe
1751 5370 1794 5446 in
