4050 6054
56 437 127 509 128

54 641 199 714 solvitur
225 644 360 717 decima
385 652 422 718 et
448 608 585 721 ducitur
611 651 760 741 propriis
787 651 945 722 curribus
971 671 1034 743 per
1060 623 1190 722 incolas
1216 650 1262 722 ad
1279 650 1442 723 borreum
1460 672 1523 741 pro
1542 672 1600 723 ca-

52 763 184 852 nonico,
211 769 247 834 et
272 765 413 873 solvunt
437 768 602 842 decimam
628 772 749 862 canapi
774 793 837 862 per
864 778 1014 862 quatuor
1031 771 1208 842 iuncturas
1227 776 1263 842 et
1280 773 1483 844 aestimatur
1501 772 1600 843 valor
1684 760 1690 769 ‘

53 880 204 956 decimae
231 886 408 975 praelatae
430 890 480 983 ,ad
495 891 589 963 duas
616 913 758 965 marcas.
783 892 839 964 Ex
867 892 1038 982 aliquibus
1064 892 1169 964 etIam
1197 894 1325 982 campis
1344 900 1429 983 'post
1455 893 1598 966 dunum

52 1000 184 1074 decima
209 1004 313 1076 datur
337 1008 374 1079 in
400 1007 686 1103 Podlyansze
712 1035 775 1104 pro
793 1013 991 1105 praebenda
1008 1012 1229 1086 Oracovieusi
1250 1013 1600 1105 Roszeyowska,

54 1121 136 1193 item
163 1131 218 1195 est
244 1126 293 1198 ibi
319 1130 497 1218 praedium
523 1134 649 1205 bonum
676 1134 881 1223 coenobiale,
909 1134 952 1205 de
979 1155 1047 1224 quo
1074 1134 1242 1206 decimam
1268 1135 1427 1225 percipit.

157 1243 357 1341 staurano,
383 1253 466 1325 villa
491 1256 554 1327 snb
580 1256 745 1345 parochia
771 1255 933 1327 ecclesiae
961 1254 1003 1325 de
1029 1254 1282 1328 Bodzanow
1309 1257 1386 1344 sita,
1414 1256 1511 1327 cuins
1537 1255 1599 1327 do·

53 1362 196 1435 minium
214 1366 259 1437 ad
276 1376 521 1446 monasterium
538 1377 847 1449 sanctimonialium
866 1378 901 1447 in
929 1375 1037 1447 Stan
1049 1376 1256 1466 yanthlry
1282 1377 1443 1465 pertinet.
1470 1377 1512 1446 ln
1530 1397 1599 1467 qna

54 1490 187 1575 septem
221 1487 329 1580 lanei,
358 1514 400 1566 en
428 1497 550 1586 quibus
576 1498 743 1569 medietas
771 1498 922 1569 decimae
949 1497 1096 1568 solvitur
1123 1518 1186 1587 pro
1214 1497 1413 1587 praebenda
1438 1474 1596 1587 praefata

54 1609 91 1674 et
117 1605 260 1679 ducitur.
279 1612 316 1682 Iu
342 1614 502 1689 horreum
519 1612 554 1688 in
573 1618 875 1710 Sthanyatky,
902 1623 938 1689 et
954 1617 1121 1688 medietas
1139 1618 1286 1706 plebano
1305 1620 1340 1687 in
1360 1618 1600 1709 Brzeszye,

54 1730 90 1795 et
107 1727 205 1799 valor
222 1731 305 1823 eius,
319 1757 405 1831 quae
424 1739 515 1810 cedIt
532 1715 748 1830 praebendae
762 1738 992 1828 cracoviensi,
1007 1739 1209 1810 aestimatur
1226 1738 1271 1808 ad
1290 1743 1439 1829 quatuor
1457 1759 1600 1811 marcas.
1720 1716 1724 1724 ⁴

158 1849 246 1922 Item
273 1853 377 1930 habet
394 1861 533 1932 tertiam
551 1860 799 1951 manipularem
817 1860 985 1931 decimam
1006 1860 1042 1930 in
1061 1857 1223 1950 Gorky,
1250 1859 1334 1930 villa
1352 1860 1416 1931 sub
1434 1860 1600 1949 parochia

54 1967 218 2043 ecclesiae
244 1974 286 2047 de
312 1977 546 2074 Brzeszye,
573 1983 669 2054 cuius
696 1982 893 2073 proprietas
920 1968 956 2052 et
983 1980 1170 2053 domimum
1196 1981 1348 2071 pertinet
1364 1981 1409 2053 ed
1426 1987 1600 2054 monaste·

55 2087 143 2161 rium
170 2099 477 2175 sanctimonialium
504 2103 546 2175 de
574 2103 827 2175 Staniantk
839 2126 870 2194 y.
896 2103 937 2173 ln
956 2121 1025 2192 qua
1041 2102 1137 2173 nulla
1154 2107 1208 2175 est
1225 2102 1332 2192 curia,
1350 2099 1481 2193 nullum
1499 2121 1601 2192 prae·

54 2208 156 2303 dium,
182 2217 243 2294 ,sed
267 2225 501 2297 tantummodo
529 2230 610 2317 sunt
636 2228 785 2315 quatuor
811 2224 903 2295 lanei
930 2223 1170 2295 cmetbonales.
1197 2223 1265 2295 Sed
1288 2224 1370 2295 villa
1387 2223 1544 2313 praefata
1560 2224 1597 2294 in

53 2336 129 2404 toto
155 2335 329 2416 desertata
354 2353 417 2435 est,
444 2351 481 2416 et
503 2346 586 2416 licet
603 2345 679 2435 agri
697 2345 853 2417 colantur
870 2365 933 2434 per
949 2344 1152 2416 coenobium
1170 2344 1213 2415 de
1231 2343 1461 2436 Stanyath
1472 2344 1538 2435 ky,
1556 2343 1600 2414 de

54 2455 211 2530 omnibus
237 2467 352 2535 tamen
379 2466 522 2537 culturis
549 2464 715 2555 praelatis
743 2465 890 2537 solvitur
917 2465 1050 2536 decima
1075 2451 1301 2555 manipularis
1319 2486 1382 2555 pro
1401 2464 1601 2555 praebenda

54 2576 210 2663 praefata
236 2589 272 2654 et
297 2587 500 2658 aestimatur
526 2586 624 2658 valor
651 2585 725 2657 eins
752 2585 796 2656 ad
823 2592 972 2676 quatuor
998 2606 1142 2657 marcas.
1352 2580 1353 2587 ’

159 2702 245 2775 Item
271 2706 377 2779 habet
404 2715 563 2798 quartam
582 2706 749 2780 decimam
767 2692 1016 2797 manipularem
1034 2707 1070 2777 in
1098 2705 1518 2797 Grzegorzowicze,
1536 2707 1600 2777 snb

56 2824 219 2910 parochia
244 2829 407 2900 ecclesiae
434 2829 477 2900 de
504 2827 1001 2920 Schieczyechowicze,
1028 2829 1065 2899 in
1084 2849 1152 2919 qna
1170 2828 1359 2900 dominium
1376 2829 1508 2900 habent
1524 2828 1601 2917 plu-

55 2961 112 3032 res
138 2946 278 3038 nobiles,
308 2946 344 3020 et
371 2950 549 3040 signanter
567 2950 744 3044 Iohannes
763 2948 1062 3042 Pyenyaszelq
1090 2949 1132 3020 de
1152 2949 1257 3020 armis
1285 2948 1601 3037 Odrowansch,

55 3069 95 3135 et
116 3064 293 3162 Iohannes
319 3070 553 3162 Nakanda,
581 3071 624 3142 de
652 3070 757 3142 armis
783 3070 1097 3163 Bippennium.
1127 3070 1168 3142 In
1195 3090 1263 3161 qua
1288 3078 1371 3150 sunt
1396 3070 1489 3142 lanei
1510 3089 1601 3142 cme-

54 3185 212 3264 tbonales
239 3247 246 3263 .
273 3247 282 3263 .
309 3246 316 3264 .
343 3246 352 3262 .

155 3313 242 3385 Item
268 3315 374 3386 habet
401 3313 568 3385 decimam
594 3312 844 3403 manipularem
861 3313 897 3383 in
923 3311 1129 3403 Zagorze
1155 3313 1247 3402 villa,
1266 3313 1335 3384 sita
1352 3312 1417 3385 sub
1435 3312 1601 3405 parocbia

53 3432 215 3507 eeclesiae
241 3434 284 3523 de
311 3434 517 3524 Bodzanow,
545 3435 641 3506 onius
667 3435 863 3525 proprietas
890 3435 1044 3524 pertinet
1070 3434 1115 3505 ad
1140 3435 1388 3506 monasterium
1415 3433 1600 3507 sanctimo
1724 3436 1727 3441 ’

53 3553 191 3628 nialium
218 3558 254 3630 in
282 3556 556 3649 Stanyatlry.
596 3556 636 3627 In
664 3576 733 3646 qua
757 3562 840 3628 sunt
866 3562 997 3646 septem
1024 3555 1117 3626 lanei
1143 3555 1393 3645 cmetbonales,
1420 3554 1504 3627 item
1531 3574 1600 3626 una

51 3670 203 3770 taberna,
230 3680 314 3752 item
341 3699 410 3750 una
436 3677 647 3767 hortulania,
674 3677 842 3749 habentes
870 3697 973 3766 agros
1000 3677 1178 3767 speciales,
1205 3676 1397 3773 dequibus
1424 3675 1611 3765 perceptio·
1646 3658 1660 3686 ”

51 3797 200 3872 decimae
227 3799 490 3890 diversificatur,
516 3819 597 3870 nam
623 3798 667 3871 de
686 3797 798 3887 agris,
825 3797 885 3887 qni
912 3803 993 3869 sunt
1018 3804 1116 3869 trans
1142 3802 1344 3886 torrentem,
1371 3797 1430 3887 qui
1456 3802 1602 3869 vocatur

51 3919 287 4010 Szamicza,
314 3920 407 3992 cedit
433 3919 566 3990 decima
591 3940 655 4014 pro
673 3918 850 4008 praesenti
867 3919 1066 4008 praebenda
1084 3916 1313 4007 Oraqoviensi,
1332 3917 1382 3988 de
1394 3917 1487 4007 agris
1506 3936 1602 4004 vero,

52 4043 110 4130 qui
144 4046 226 4112 sunt
257 4042 346 4112 citra
379 4045 588 4130 torrentem,
620 4039 713 4111 cedit
745 4038 879 4110 decima
905 4060 968 4130 pro
996 4040 1160 4111 coenobio
1188 4039 1225 4109 in
1255 4038 1537 4128 Stanyatlry,
1565 4031 1619 4109 et'

51 4163 254 4233 aestimatur
280 4161 378 4232 valor
404 4160 477 4232 eins
503 4160 548 4231 ad
575 4167 723 4251 quatuor
749 4181 892 4233 marcas.
919 4161 1008 4232 Item
1034 4182 1103 4232 non
1121 4166 1176 4232 est
1193 4160 1243 4233 ibi
1261 4160 1402 4250 aliquod
1420 4159 1601 4250 praedium

52 4282 262 4374 coenobiale,
464 4288 470 4293 ’

152 4405 242 4476 Item
269 4404 375 4476 habet
401 4403 567 4474 decimam
593 4403 843 4495 manipularem
870 4404 1027 4493 quintam
1055 4402 1197 4474 invilla
1222 4401 1432 4492 Laschlry
1459 4402 1523 4474 snb
1541 4421 1603 4491 pa-

52 4526 174 4599 rocbia
199 4520 363 4597 eeclesiae
391 4524 433 4596 de
460 4523 900 4613 Scheczechonicze,
927 4523 1024 4596 cuins
1050 4524 1174 4595 haeres
1202 4578 1209 4593 .
1237 4578 1245 4593 .
1272 4578 1279 4593 .
1307 4578 1315 4593 .
1366 4588 1368 4595 1

102 4712 104 4717 ,
161 4646 249 4720 Item
283 4647 391 4718 habet
426 4646 593 4717 decimam
620 4631 868 4737 manipularem
895 4652 1027 4716 sextam
1054 4629 1090 4715 in
1117 4645 1201 4716 villa
1235 4642 1458 4716 Zakrzow
1493 4663 1601 4733 prope

49 4769 213 4861 oppidum
245 4767 571 4858 Wlodzyslaw,
598 4768 662 4839 snb
689 4767 856 4856 parochia
883 4765 926 4836 de
952 4765 1327 4855 Pyotrkowicze,
1355 4765 1452 4837 onius
1478 4765 1603 4860 haeres

50 4891 290 4979 Abraham,
317 4888 442 4960 nobilis
470 4888 512 4959 de
539 4887 639 4959 domo
668 4884 940 4959 Griffonnm
967 4886 1007 4956 ln
1026 4907 1094 4978 qna
1112 4887 1230 4958 decem
1247 4886 1340 4976 lanei
1358 4885 1602 4976 cmetbonales,

50 5011 134 5082 item
159 5031 228 5082 una
261 5010 408 5084 taberna
443 5009 575 5081 habens
603 5029 725 5099 agros,
752 5009 795 5082 de
822 5008 947 5099 quibus
974 5008 1134 5080 omnibns
1160 5008 1307 5080 solvitur
1334 5007 1467 5079 decima
1492 5008 1603 5078 mani-

50 5131 182 5221 pularis
208 5152 271 5222 pro
299 5130 499 5221 praebenda
535 5129 694 5219 praefata
728 5136 764 5200 et
789 5149 852 5220 per
878 5128 1008 5200 incolas
1035 5128 1175 5200 ducitur
1200 5129 1236 5200 in
1261 5130 1425 5201 horreum
1452 5149 1474 5200 a
1500 5149 1603 5201 cano
1688 5110 1691 5119 ¹

49 5253 126 5325 nico
152 5253 345 5342 locandum,
372 5259 408 5323 et
435 5251 575 5324 solvunt
600 5250 767 5322 decimam
795 5249 917 5340 canapi
943 5270 1007 5339 per
1033 5256 1182 5340 quatuor
1208 5251 1347 5341 ierugas
1373 5256 1410 5321 et
1427 5250 1525 5321 valor
1543 5228 1605 5321 dess

49 5374 157 5446 cimae
197 5371 377 5465 praelatae
414 5372 618 5445 aestimatur
644 5371 688 5444 ad
703 5375 792 5443 octo
817 5386 962 5444 marcas.
1001 5370 1090 5442 Item
1117 5392 1185 5443 non
1213 5377 1294 5446 aunt
1319 5370 1539 5443 hortulaniae
1565 5370 1611 5467 iu,
