4050 6054
240 439 289 509 86

239 643 463 748 manipularis
496 665 562 732 pro
587 644 791 716 scholastria
819 644 1048 736 Cracoviensi,
1075 668 1139 736 per
1157 648 1301 717 abusum
1327 652 1442 718 tamen
1470 652 1506 718 et
1533 648 1781 740 negligentiam

238 763 520 834 scholasticorum
547 761 825 837 Oracoviensium
853 788 1020 838 conversa
1055 774 1109 838 est
1145 768 1179 837 in
1211 768 1424 857 pecunialem
1464 775 1500 840 et
1536 769 1640 841 solvit
1676 771 1778 841 annis

237 883 380 975 singulis
406 888 479 956 tres
505 905 640 959 marcas
666 885 816 959 latorum
842 909 1043 979 grossorum
1069 886 1306 977 Progensium.

770 1150 996 1233 Distrietus
1028 1151 1257 1255 Zywyeez.

337 1388 509 1478 Oppidum
535 1388 736 1479 Zvvvrncz,
772 1390 903 1461 habens
930 1391 965 1460 in
993 1411 1030 1461 se
1057 1391 1289 1481 parochialem
1317 1391 1506 1479 eeclesiam,
1533 1393 1629 1463 cuius
1656 1393 1781 1465 haeres

233 1507 361 1579 Petrus
393 1507 726 1602 comorowsky,
753 1511 878 1582 nobilis
906 1511 949 1581 de
976 1511 1077 1583 domo
1104 1510 1385 1602 Gryfionum.
1416 1512 1457 1582 ln
1485 1533 1553 1603 qua
1579 1519 1660 1585 sunt
1686 1513 1779 1585 lanei

232 1629 363 1718 civiles,
391 1629 434 1700 de
461 1631 586 1720 quibus
613 1630 746 1702 decima
771 1632 996 1721 manipularis
1024 1654 1045 1703 a
1071 1632 1248 1722 primaeva
1274 1631 1476 1703 fundatione
1503 1633 1666 1704 ecclesiae
1693 1632 1779 1704 cca-

233 1749 402 1834 eoviensis
430 1750 630 1822 solvebatur
659 1752 884 1824 scholastriae
903 1752 1133 1843 cracoviensi,
1161 1753 1204 1824 ob
1232 1752 1543 1844 sequestrationem
1568 1775 1652 1825 vero
1679 1756 1779 1844 regni

232 1867 397 1941 Poloniae
416 1877 452 1943 et
468 1870 623 1961 ‘gwerras
649 1871 790 1944 decimis
816 1874 984 1947 mutilatis
1012 1874 1194 1945 solvuntur
1220 1874 1396 1963 pecuniae,
1416 1881 1451 1945 et
1469 1873 1662 1964 praefatum
1681 1876 1779 1965 oppi-

232 1989 313 2061 dum
340 1991 445 2062 solvit
469 2013 593 2063 novem
622 1999 752 2064 scottos
779 1994 927 2065 latorum
954 2014 1155 2084 grossorum
1181 2016 1252 2065 una
1278 2015 1354 2064 cum
1381 1994 1458 2065 vieo
1485 1972 1723 2086 Sporzysz.

337 2110 513 2194 Anrreun
540 2112 733 2202 vavncz,
760 2113 844 2184 villa
870 2115 933 2185 sub
960 2115 1126 2204 parochia
1152 2114 1316 2185 ecclesiae
1344 2113 1386 2183 de
1413 2114 1650 2205 Zywyecz,
1682 2115 1779 2186 cuius

233 2232 422 2304 dominium
448 2233 603 2322 pertinet
629 2232 674 2304 ad
700 2232 894 2322 praefatum
916 2232 1059 2306 Petrum
1077 2234 1415 2325 Komorovvslry.
1442 2234 1482 2304 In
1502 2255 1570 2325 qua
1588 2240 1669 2305 sunt
1686 2235 1779 2305 lanei

233 2353 477 2443 cmethonalcs,
504 2353 690 2445 dequibus
718 2352 876 2424 omnibus
903 2353 1007 2424 datur
1025 2355 1168 2444 darique
1191 2354 1295 2425 debet
1321 2353 1454 2424 decima
1470 2354 1696 2445 manipularis
1714 2377 1778 2445 pro

167 2541 169 2545 .
232 2473 439 2545 scholastria
465 2472 702 2563 Gracoviensi,
729 2473 832 2545 huius
860 2474 965 2544 etiam
992 2474 1169 2577 perceptio
1195 2475 1231 2544 in
1259 2474 1443 2564 manipulis
1471 2475 1649 2546 abstracta
1675 2481 1730 2545 est
1757 2497 1779 2545 a

234 2592 449 2683 scholastria,
476 2600 512 2664 et
539 2593 670 2665 incolae
698 2594 763 2666 soli
790 2594 884 2665 illam
911 2593 1057 2684 quilibet
1082 2580 1136 2667 de
1153 2617 1214 2666 suo
1242 2615 1327 2684 agro
1354 2596 1551 2685 percipiunt
1576 2601 1613 2666 et
1639 2596 1778 2667 solvunt

233 2715 428 2785 summatim
468 2736 532 2804 pro
567 2715 628 2785 illa
663 2714 869 2787 scholastico
904 2715 1124 2787 cracoviensi
1160 2716 1420 2806 quatuordecim
1456 2720 1587 2788 scottos
1626 2716 1777 2787 latorum

233 2854 442 2923 grossorum.

283 2982 289 2987 ’
335 2955 697 3046 Prnnnzrnowrczn,
723 2957 807 3027 villa
833 2959 897 3029 sub
924 2957 1090 3047 parochia
1116 2956 1280 3027 ecclesiae
1307 2956 1350 3027 de
1377 2956 1774 3048 Ludwygovvicze,

125 3086 129 3091 ’
233 3077 330 3148 cuius
357 3077 481 3148 haeres
508 3077 621 3149 dictus
644 3077 773 3149 'Petrus
791 3077 1129 3167 Komorowshy,
1157 3075 1282 3147 nobilis
1309 3075 1352 3147 de
1380 3077 1481 3147 domo
1500 3075 1776 3168 Gryliorum.

231 3198 272 3269 ln
300 3217 368 3288 qua
394 3202 476 3269 sunt
501 3199 594 3268 lanei
620 3199 862 3288 cmethonalcs,
890 3199 933 3269 de
952 3198 1076 3290 quibus
1095 3197 1252 3268 omnibus
1271 3196 1404 3268 decima
1421 3198 1646 3288 manipularis
1673 3198 1777 3268 datur

233 3317 377 3407 darique
406 3317 509 3390 dehet
536 3340 599 3407 pro
618 3318 824 3390 scholastria
842 3317 1071 3407 cracoviensi,
1099 3338 1161 3407 per
1181 3317 1325 3388 abusum
1343 3322 1459 3388 tamen
1478 3322 1514 3387 et
1531 3318 1776 3408 negligentiam

231 3438 513 3510 scholasticorum
532 3437 811 3511 Cracoviensium
837 3460 1004 3510 conversa
1031 3444 1086 3509 est
1110 3438 1147 3508 in
1166 3438 1388 3527 pecuniolam,
1415 3444 1451 3508 et
1478 3436 1659 3509 solvuntur
1677 3438 1777 3508 annis

83 3592 88 3604 ·
231 3559 376 3650 singulis
403 3559 610 3632 scholastico
637 3559 762 3651 viginti
788 3566 861 3632 tres
888 3556 1041 3631 fertones
1068 3559 1218 3630 latorum
1244 3579 1444 3647 grossorum
1471 3558 1706 3648 Pragensium.

334 3680 665 3771 Lunwrcovvuczn,
693 3681 785 3770 villa,
812 3681 861 3752 ibi
888 3680 1033 3752 eeclesia
1060 3678 1277 3770 parochialis,
1305 3678 1401 3750 cuius
1428 3678 1551 3750 haeres
1579 3678 1691 3750 dietus
1710 3675 1776 3748 Pe-

230 3808 306 3872 trus
329 3800 662 3894 Komarovvshy,
688 3800 814 3873 nobilis
841 3801 884 3872 de
912 3800 1013 3872 domo
1032 3798 1305 3889 Gryliorum.
1332 3800 1460 3890 Inqua
1478 3805 1559 3870 sunt
1576 3800 1668 3870 lanei
1686 3819 1775 3869 cme-

230 3921 399 4011 thonaleS,
426 3921 469 3992 d'e
488 3922 612 4012 quibus
631 3922 789 3994 omnibus
812 3921 944 3992 decima
970 3920 1196 4010 manipularis
1215 3940 1236 3990 a
1253 3919 1431 4010 primaeva
1456 3918 1658 3990 fundatione
1677 3919 1777 4000 scho-

230 4040 373 4111 lastriae
400 4040 621 4114 cracoviensi
648 4041 865 4130 solvebatur,
893 4042 937 4113 ob
965 4017 1277 4132 sequestrationem
1303 4060 1386 4129 vero
1413 4041 1512 4129 regni
1539 4039 1705 4111 Poloniae
1740 4045 1778 4111 et

231 4161 554 4250 gwerras'decimis
580 4161 749 4233 mutilatis
777 4162 959 4234 solvuntur
984 4162 1164 4251 pecuniae,
1191 4167 1228 4232 et
1253 4159 1412 4251 praefata
1437 4160 1521 4232 villa
1547 4161 1652 4231 solvit
1678 4160 1777 4259 scho-

231 4279 375 4352 lastriae
402 4280 625 4352 cracoviensi
649 4281 807 4353 undecim
834 4287 964 4354 scottos
991 4282 1141 4353 latorum
1168 4300 1378 4371 grossorum.

334 4400 549 4492 Znnnoczn,
585 4402 669 4473 villa
695 4403 758 4474 sub
785 4403 951 4493 parochia
976 4403 1141 4474 ecclesiae
1177 4401 1220 4472 de
1255 4401 1491 4493 Zywyecz,
1527 4403 1625 4472 cuius
1653 4402 1776 4473 haeres

232 4523 358 4594 Petrus
385 4521 725 4616 Komorowslry.
752 4523 793 4594 ln
820 4544 888 4614 qua
915 4529 997 4596 sunt
1022 4523 1114 4593 lanei
1141 4522 1383 4612 cmethonales,
1410 4522 1453 4592 de
1476 4523 1601 4613 quibus
1620 4522 1778 4594 omnibus

233 4643 337 4757 datur
363 4643 508 4735 darique
536 4643 639 4717 debet
665 4644 798 4716 decima
823 4644 1049 4745 manipularis
1073 4662 1139 4735 pro
1167 4643 1374 4716 scholastria
1400 4642 1629 4715 Cracoviensi.
1666 4643 1778 4714 Huius

231 4764 336 4835 etiam
363 4766 540 4855 perceptio
566 4766 602 4836 in
620 4766 805 4856 manipulis
832 4767 1010 4837 abstracta
1027 4771 1082 4836 est
1110 4786 1132 4835 a
1158 4765 1375 4854 scholastria,
1394 4770 1430 4835 et
1447 4764 1581 4834 incolae
1600 4764 1664 4835 soli
1683 4752 1777 4834 illarn
1891 4850 1895 4857 Ι

232 4885 378 4976 quilibet
412 4885 455 4957 de
482 4906 566 4977 agro
594 4907 657 4958 suo
694 4887 890 4977 percipiunt
925 4892 961 4957 et
996 4887 1135 4959 solvunt
1161 4885 1358 4958 summatim
1392 4906 1456 4975 pro
1483 4885 1545 4955 illa
1571 4884 1776 4957 scholastico

232 5005 380 5083 mediam
406 5027 558 5078 marcam
572 5007 736 5079 latorum
761 5027 971 5097 grossorum.

335 5125 677 5216 Moszeznnnvczn,
712 5126 796 5198 villa
834 5127 899 5200 sub
934 5126 1101 5218 parochia
1139 5126 1304 5198 ecclesiae
1340 5127 1384 5198 de
1409 5126 1645 5218 Zyvvyecz,
1682 5126 1779 5199 cuius

231 5248 354 5320 haeres
381 5247 558 5338 praefatus
584 5248 710 5321 Petrus
734 5247 1084 5339 -Komorowskp
1128 5247 1168 5318 In
1196 5268 1265 5338 qua
1291 5254 1373 5320 sunt
1406 5248 1499 5319 lanei
1526 5248 1778 5337 cmethonalcs,

232 5368 275 5448 de
302 5368 426 5469 quibus
453 5368 612 5447 omnibus
638 5368 745 5445 datur
770 5367 914 5465 darique
941 5367 1046 5444 debet
1072 5367 1204 5444 decima
1229 5369 1455 5469 manipularis
1481 5389 1545 5462 pro
1573 5369 1800 5446 anolatria
1887 5438 1898 5449 .
