4050 6054
788 800 1031 884 Praebende
1066 800 1328 909 llonyczska.

383 1024 586 1105 Praebepda
604 1023 891 1095 Saudomiriensis
917 1020 1125 1113 Konyczska
1147 1021 1269 1093 avilla
1287 1021 1469 1112 principali
1488 1022 1542 1094 sui
1560 1021 1685 1094 fundus
1704 1044 1830 1115 cogno·

280 1170 359 1220 men
385 1145 591 1236 Konyczska
617 1145 742 1215 sortita
769 1150 841 1232 est,
877 1163 978 1232 quam
1005 1163 1096 1214 nunc
1121 1142 1259 1233 posidet
1284 1142 1437 1214 lacobus
1462 1142 1506 1214 de
1532 1142 1830 1232 DominikoW,

280 1267 406 1339 nobilis
432 1265 476 1337 de
494 1265 599 1336 armis
616 1262 893 1354 ,Grzimalya
937 1261 1033 1333 Haec
1059 1282 1102 1332 er
1125 1262 1289 1333 ecclesiae
1306 1261 1453 1333 Sanctae
1475 1261 1610 1334 Mariae
1628 1262 1832 1354 parochiali,

281 1388 319 1459 in
344 1385 639 1458 Zawichosth
673 1383 859 1474 fructibus,
895 1382 987 1454 villis
1014 1388 1050 1453 et
1076 1382 1217 1454 decimis
1244 1381 1388 1454 bmdata
1414 1389 1450 1454 et
1477 1382 1599 1454 dotata
1629 1389 1702 1471 est,
1730 1389 1766 1454 et
1791 1384 1829 1454 in

282 1507 489 1580 evidentiam
524 1506 634 1594 illius,
669 1505 852 1576 canonieus
887 1502 1105 1594 praebendae
1139 1502 1347 1594 Konyczska
1381 1503 1502 1575 unicus
1538 1507 1593 1574 est
1623 1502 1768 1575 collator
1795 1509 1833 1576 et

282 1633 450 1720 patronus
468 1626 645 1717 praefatae
662 1624 828 1696 ecclesiae
845 1624 991 1695 Sanctae
1009 1622 1144 1695 Mariae
1162 1623 1205 1695 de
1223 1623 1534 1713 Zawichosth,
1552 1624 1650 1697 cuius
1667 1624 1832 1697 introitus

166 1824 168 1829 .
282 1748 525 1839 aggrediemur
549 1747 620 1818 iam
646 1745 851 1818 describere.
988 1800 991 1807 .

383 1868 579 1971 Konrczn,
604 1867 688 1938 villa
714 1866 777 1938 sub
804 1865 970 1956 parochia
995 1863 1038 1936 de
1060 1862 1482 1956 Woyciecbowicze
1510 1865 1597 1952 sita,
1624 1863 1750 1937 modus
1776 1873 1831 1937 est

280 1989 464 2081 primarius
491 1985 709 2079 praebendae
740 1985 1030 2059 Sandomiriensis
1057 1984 1274 2075 Koniczslra‚
1311 1985 1347 2056 io
1384 2006 1453 2075 qna
1487 1991 1568 2057 sunt
1594 1985 1713 2057 decem
1739 1986 1833 2059 lanei

280 2108 532 2198 ometbonales,
560 2114 595 2179 et
621 2108 767 2199 quilibet
792 2128 856 2198 pro
883 2127 997 2178 annuo
1025 2126 1130 2176 ceusu
1156 2106 1261 2178 solvit
1287 2126 1390 2177 unam
1416 2126 1580 2195 marcam,
1607 2106 1731 2196 viginti
1758 2127 1833 2185 ova

281 2251 386 2304 unum
413 2250 569 2318 caseum,
605 2229 691 2300 duos
718 2248 885 2318 capones3
919 2248 988 2299 non
1026 2226 1164 2298 solvunt
1191 2247 1354 2316 avenam,
1390 2247 1501 2318 neque
1538 2227 1714 2316 triticum3
1749 2227 1833 2299 item
1944 2244 1947 2249 ·

282 2353 421 2425 laborat
447 2350 593 2440 quilibet
620 2371 725 2420 unum
752 2349 843 2421 diem
870 2348 905 2418 in
925 2348 1117 2437 septimana
1139 2348 1281 2437 proprio
1300 2368 1404 2419 curru
1422 2353 1484 2418 ant
1501 2354 1641 2437 aratr03
1667 2347 1832 2420 ducturas

284 2473 390 2544 etiam
416 2470 563 2560 faciunt,
598 2470 659 2542 sed
686 2468 731 2542 ad
761 2470 930 2542 rationem
959 2468 1027 2540 diei
1061 2470 1098 2540 in
1126 2469 1320 2558 septimana
1353 2468 1501 2541 debitae.
1540 2469 1629 2541 Item
1656 2490 1699 2541 ex
1725 2469 1833 2561 sylvis

284 2600 321 2667 et
338 2591 535 2664 nemoribus
562 2611 624 2681 per
643 2592 841 2663 ernethones
868 2590 1056 2680 conductis,
1082 2595 1245 2661 tenentur
1271 2611 1376 2661 uuum
1405 2610 1543 2661 currum
1569 2590 1741 2681 ligneorum
1768 2611 1832 2681 pro

283 2713 381 2786 curia
408 2713 444 2783 in
471 2711 678 2783 Kunicze
705 2711 893 2801 adducere,
931 2709 993 2782 sed
1019 2710 1064 2781 ad
1091 2710 1261 2783 rationem
1289 2711 1424 2783 dierum
1451 2711 1487 2782 in
1515 2711 1709 2801 septimana
1737 2711 1833 2784 debi-

282 2840 412 2922 torum,
439 2833 474 2904 in
493 2832 648 2924 qualibet
673 2832 805 2924 hyemis
832 2831 1039 2922 septimana3
1066 2832 1149 2903 item
1167 2837 1221 2903 est
1238 2832 1286 2903 ibi
1305 2853 1374 2902 una
1391 2833 1537 2904 taberna
1562 2832 1693 2911 habens
1720 2854 1833 2925 agros,

283 2974 372 3046 quae
407 2974 475 3026 non
502 2953 684 3042 laborans,
720 2953 825 3025 solvit
859 2973 923 3043 pro
950 2973 1054 3024 censu
1089 2974 1203 3025 animo
1238 2974 1343 3024 unam
1378 2974 1603 3044 sexagenum,
1638 2960 1676 3027 et
1709 2955 1834 3031 brasca

283 3076 422 3149 laborat
447 3096 511 3165 pro
530 3075 644 3165 curia,
671 3075 753 3146 item
780 3080 861 3146 smrt
887 3074 936 3146 ibi
962 3078 1034 3146 tres
1061 3074 1279 3146 hortulaniae
1306 3094 1375 3146 non
1402 3074 1570 3146 babentes
1597 3095 1718 3167 agros,
1745 3097 1833 3167 quae

285 3218 354 3269 non
380 3194 519 3268 solvunt
555 3194 704 3287 aliquem
732 3216 890 3286 censum,
918 3195 979 3266 sed
1007 3193 1153 3286 quilibet
1184 3194 1389 3267 hortulanus
1416 3216 1518 3267 unam
1545 3195 1635 3266 diem
1663 3196 1699 3267 iu
1726 3197 1832 3289 septi-

283 3338 385 3390 mana
411 3316 572 3408 pedester
590 3317 742 3407 laborat,
761 3317 845 3388 item
871 3323 925 3390 est
943 3316 992 3387 ibi
1011 3317 1108 3389 curia
1133 3316 1225 3389 bona
1251 3323 1287 3388 et
1305 3316 1485 3407 praedium
1511 3317 1648 3407 bonum,
1677 3317 1721 3390 de
1738 3320 1834 3391 cuius

283 3438 378 3530 agris
406 3438 590 3510 canonicus
616 3438 702 3509 nulli
737 3437 841 3510 solvit
867 3438 1034 3510 decimam
1070 3438 1339 3528 manipularem,
1375 3438 1539 3509 sedeam
1567 3439 1661 3511 solus
1687 3440 1835 3529 percipit

282 3565 318 3631 et
344 3559 380 3630 iu
406 3559 569 3630 horreum
605 3579 704 3630 suum
731 3558 881 3648 inducit,
916 3559 1000 3630 item
1032 3558 1126 3629 lanei
1157 3558 1388 3630 ometbonales
1425 3563 1460 3630 et
1487 3559 1562 3649 agri
1598 3560 1833 3631 tabernatoris

283 3680 423 3752 solvunt
457 3679 623 3751 decimam
658 3679 908 3769 manipularem
942 3679 1160 3771 praebendae
1186 3678 1399 3769 Koniczska,
1425 3686 1462 3751 et
1489 3681 1625 3751 camin
1652 3680 1833 3771 praedium

282 3800 487 3873 Kunicze
513 3800 682 3873 inducunt
709 3804 745 3872 et
771 3799 968 3891 canapalem
996 3822 1059 3891 per
1086 3805 1236 3891 quatuor
1263 3800 1411 3891 ierugas,
1439 3807 1476 3872 et
1502 3801 1600 3874 valor
1627 3802 1701 3875 eius
1727 3800 1833 3873 aesti-

283 3926 399 3993 matur
425 3921 469 3991 ad
496 3927 573 3993 octo
600 3942 744 3993 marcas.
779 3921 867 3993 Item
895 3927 976 3992 sunt
1002 3922 1051 3993 ibi
1078 3922 1167 3993 duae
1193 3922 1346 4013 piscinae
1373 3920 1576 4012 mediocres,
1604 3928 1640 3994 et
1666 3943 1736 3994 una
1759 3945 1833 3994 aaa·

283 4038 443 4131 (canna,
469 4041 553 4114 item
580 4041 616 4112 in
634 4041 764 4132 campis
791 4040 945 4114 eiusdem
964 4042 1066 4115 villae
1094 4047 1175 4116 sunt
1193 4043 1326 4133 aliquot
1343 4042 1497 4135 paludes,
1523 4044 1559 4114 iu
1577 4043 1703 4134 quibus
1721 4043 1834 4134 pisces

283 4162 514 4255 reperiuntur.

385 4284 473 4356 Item
500 4282 583 4355 villa
609 4283 729 4356 eadem
764 4284 915 4357 confimat
940 4304 1016 4356 cum
1043 4282 1136 4355 villis
1171 4283 1389 4376 Bydzini‚
1425 4284 1621 4376 Stodoly
1647 4290 1684 4357 et
1710 4284 1834 4378 Woy·

283 4405 613 4496 czechowicze,
640 4412 677 4479 et
694 4426 758 4496 pro
776 4406 927 4498 scopulis
954 4406 1127 4479 habentur
1155 4406 1310 4478 continui
1336 4406 1514 4479 monticuli
1535 4406 1623 4479 alias
1648 4402 1834 4503 uppcszdyss

385 4526 623 4618 Paeoniam,
658 4527 743 4601 villa
776 4530 842 4600 sub
877 4528 1041 4619 parochia
1075 4527 1242 4601 ecclesiae
1278 4526 1424 4600 Sanctae
1454 4528 1590 4600 Mariae
1626 4528 1669 4600 de
1695 4527 1834 4600 Zawi-

282 4649 443 4721 clrosth
461 4648 542 4739 sita,
568 4648 694 4721 bmdus
722 4649 812 4722 alter
829 4649 1048 4741 praebendae
1067 4649 1355 4723 Sandomiricnsis
1372 4648 1584 4741 Koniczslra,
1611 4650 1646 4720 in
1666 4670 1734 4740 qua
1752 4654 1834 4722 sunt

282 4791 343 4843 sex
379 4770 470 4842 lanei
506 4770 757 4861 ometbonales,
793 4792 941 4862 quorum
976 4771 1123 4862 quilibet
1157 4770 1320 4843 canonico
1356 4791 1420 4861 pro
1447 4790 1551 4842 censu
1588 4790 1702 4843 annuo
1729 4770 1834 4843 solvit

281 4890 429 4963 mediam
447 4911 608 4982 marcam,
626 4892 751 4983 viginti
769 4912 845 4982 ova,
862 4913 968 4964 unum
985 4912 1132 4982 caseum,
1150 4891 1237 4964 duos
1255 4911 1421 4982 capones3
1440 4914 1508 4964 uon
1522 4891 1662 4991 solvunt
1678 4912 1833 4983 avenam,

282 5032 393 5103 neque
427 5012 592 5085 triticum.
627 5012 715 5087 ltem
750 5013 912 5086 laborant
948 5014 1093 5105 quilibet
1128 5013 1220 5085 diem
1256 5034 1360 5087 unam
1391 5014 1428 5085 in
1463 5013 1656 5105 septimana
1692 5011 1833 5104 proprio

242 5218 250 5231 ,
282 5154 387 5205 curru
413 5139 474 5205 aut
499 5139 638 5226 aratro,
664 5135 828 5208 ducturas
855 5135 961 5207 etiam
987 5134 1120 5207 iaciunt
1146 5134 1191 5207 ad
1217 5135 1388 5208 rationem
1416 5134 1549 5207 dierum
1576 5134 1612 5206 iu
1639 5134 1834 5225 septimana

281 5253 477 5328 debitorum
504 5257 657 5329 omnium
680 5256 963 5329 necessariorum.
1002 5255 1069 5328 Est
1096 5257 1145 5328 ibi
1171 5278 1240 5329 uua
1266 5257 1413 5330 taberna
1438 5256 1569 5329 habens
1598 5276 1718 5346 agros,
1744 5276 1834 5346 quae

282 5396 351 5447 non
378 5374 550 5469 laborans,
576 5372 681 5452 soluit
707 5399 771 5473 pro
791 5399 896 5455 censu
914 5399 1028 5453 armuo
1055 5399 1159 5451 uuam
1186 5398 1346 5470 marcam,
1372 5379 1497 5451 brasca
1523 5378 1628 5450 etiam
1654 5397 1718 5469 pro
1738 5376 1835 5450 curia
