4050 6054
1640 459 1712 530 251

163 659 316 733 sedecim
341 657 436 730 lanei
462 658 715 748 amathonales,
741 658 786 731 de
814 660 940 750 quibus
967 648 1126 731 omnibus
1155 660 1303 733 solvitur
1329 660 1462 734 decima
1487 663 1715 753 manipularis

161 780 267 853 altari
292 777 467 870 praefato,
503 784 539 855 at
564 800 627 868 per
654 780 851 851 emethones
878 780 1030 870 propriis
1066 781 1224 852 curribus
1251 780 1391 852 ducitur
1417 783 1453 852 in
1479 783 1643 854 horreum
1670 785 1715 856 ab

161 898 324 975 allaria'ta
349 899 545 988 locandum,
573 906 609 970 et
626 900 766 971 solvunt
793 900 959 972 decimam
987 903 1107 990 canapi
1135 920 1198 989 per
1216 908 1364 992 quatuor
1391 903 1530 993 iorugas
1557 908 1594 974 ot
1611 906 1717 975 aesti-

161 1004 280 1095 malui
294 1018 394 1093 adar
410 1018 564 1103 decimae
580 1019 760 1110 praefatae
779 1020 823 1091 ad
842 1026 921 1092 octo
940 1042 1083 1092 marcas.
1121 1022 1198 1093 Non
1222 1027 1277 1093 ost
1294 1024 1345 1094 ibi
1363 1024 1521 1114 taberna,
1550 1046 1617 1095 non
1637 1031 1719 1097 sunt

118 1158 122 1165 ’
162 1136 392 1239 bartulauiae,
419 1159 530 1231 nequa
556 1141 800 1229 molendinum
828 1142 924 1214 curia
950 1148 1006 1215 est
1031 1142 1169 1213 noviter
1195 1142 1303 1233 iacta,
1331 1164 1419 1234 quae
1447 1144 1602 1235 onagris
1629 1165 1718 1216 ome-

162 1261 309 1335 thanum
333 1260 513 1353 praedium
539 1261 607 1335 aibi
625 1263 814 1350 constituit,
841 1260 902 1335 sed
920 1262 1087 1334 decimam
1114 1264 1362 1355 manipularem
1380 1264 1442 1335 dat
1458 1265 1494 1335 in
1511 1261 1718 1361 pontianam

163 1378 231 1474 pud
255 1378 359 1453 ulturi
383 1379 552 1472 praefato.
1337 1388 1340 1395 '

464 1680 466 1684 Α
607 1642 753 1724 Altera
786 1642 979 1725 Omnium
1012 1644 1276 1727 Sanctorum.

264 1867 387 1940 Altarc
398 1862 559 1943 Omnium
572 1864 777 1936 Sanctorum
802 1866 838 1935 in
856 1865 1002 1937 ecclesia
1015 1863 1235 1938 cracoviensi
1254 1866 1369 1954 situm,
1396 1886 1464 1938 non
1482 1867 1589 1941 habet
1606 1869 1720 1959 capel·

160 1991 230 2062 laur
255 1984 531 2081 propriam-‘bad
558 1978 604 2084 in}
617 1985 743 2075 angulo
769 1987 869 2057 iuxta
893 1986 1097 2075 sacristiam,
1124 1986 1169 2056 ad
1182 1991 1317 2075 partem
1345 1987 1548 2059 orientalem
1566 1988 1733 2063 locatum.

10 2208 13 2213 y
162 2117 234 2201 est,
270 2104 524 2210 sub-passione
550 2105 731 2176 Dominica
757 2110 1001 2177 constructum.
1037 2104 1136 2194 Quod
1162 2104 1451 2198 Nyemyerza
1477 2107 1521 2179 do
1548 2108 1713 2182 chrze-

165 2232 259 2320 lov,
287 2234 404 2301 custos
431 2227 464 2299 S.
490 2226 645 2301 Floriani
672 2232 708 2297 et
726 2227 910 2298 canonicus
937 2225 1190 2327 cracoviensis,
1217 2227 1342 2298 nobilis
1369 2228 1531 2299 dedomo
1559 2234 1594 2300 et
1611 2231 1717 2304 armis

163 2350 383 2441 Vulpium
408 2349 473 2422 sub
491 2347 695 2438 pontificatu
721 2346 819 2417 Petri
845 2345 1010 2436 Wisch,
1036 2346 1190 2436 episcopi
1216 2345 1469 2438 cracoviensis,
1496 2368 1526 2420 a.
1545 2349 1586 2419 D.
1609 2352 1717 2424 1404.

165 2471 325 2543 fundavit
341 2474 379 2541 et
390 2467 536 2557 dotavit,
554 2466 641 2538 dans
655 2466 766 2539 eidem
777 2467 885 2537 altari
898 2467 934 2537 in
949 2466 1065 2538 dotem
1077 2465 1195 2538 villam
1214 2466 1505 2559 Waugercze,
1523 2468 1717 2543 aJohanne

165 2590 208 2663 dc
224 2590 379 2663 Lausz
389 2611 409 2662 o
419 2609 452 2663 vr
476 2607 541 2679 pro
559 2587 823 2678 quadringentis
840 2588 964 2659 marcis
982 2588 1132 2659 latorum
1149 2606 1350 2677 grossorum
1368 2596 1611 2680 comparatam,
1638 2611 1716 2663 cum
1835 2646 1837 2651 .

166 2711 258 2782 omni
283 2708 358 2782 iure
394 2717 430 2787 et
457 2708 608 2781 dominio
637 2708 822 2797 saeculari,
859 2727 1006 2778 onerans
1033 2708 1222 2798 quemlibet
1247 2708 1441 2779 altaristam
1468 2729 1531 2800 pro
1559 2715 1716 2801 tempore

168 2827 421 2921 adlegandum
448 2828 593 2919 siugulis
620 2828 822 2918 septimanis
848 2833 922 2899 tres
949 2828 1073 2899 missas
1100 2825 1349 2917 defunctorum,
1377 2834 1413 2899 et
1438 2829 1483 2900 ad
1509 2830 1716 2901 servandum

160 2950 253 3023 circa
276 2949 388 3023 altura
414 2948 607 3040 praefatum
625 2948 787 3019 clericum
805 2954 1028 3038 perpetuum,
1055 2947 1188 3021 duabus
1206 2949 1331 3020 marcis
1349 2968 1412 3038 per
1431 2969 1539 3022 annos
1558 2951 1712 3040 singulos

161 3068 413 3158 solatiandum,
444 3069 505 3160 qui
531 3068 688 3141 omnibus
716 3069 986 3159 quibuscumque
1013 3067 1249 3140 sacerdotibus
1281 3069 1449 3141 intraneis
1476 3077 1513 3140 et
1534 3072 1710 3143 extraneis

160 3188 254 3264 uatis
278 3186 395 3267 oneo
421 3195 458 3262 ct
475 3189 624 3279 receptis
652 3187 744 3261 abac
768 3188 879 3261 altare
905 3187 1099 3279 praefatum
1125 3189 1301 3261 celebrare
1327 3189 1541 3280 volentibus,
1569 3191 1715 3282 singulis

160 3310 292 3401 diebus,
317 3304 356 3385 sd
374 3310 438 3382 sub
457 3309 548 3382 omni
574 3314 740 3400 tempore,
767 3329 835 3400 quo
853 3328 911 3381 res
930 3310 1046 3399 agitur
1064 3309 1191 3398 divina,
1210 3310 1341 3381 servire
1369 3313 1404 3380 et
1422 3311 1559 3400 singula
1576 3310 1620 3381 ad
1639 3332 1714 3381 rem

10 3427 12 3432 ’
160 3430 313 3507 divinam
347 3430 590 3503 administrare
625 3428 925 3520 superpelliciatus
961 3434 1141 3518 teneatur;
1186 3431 1270 3500 item
1301 3430 1351 3519 ad
1386 3429 1551 3501 dandum
1572 3430 1712 3502 vicariis

50 3616 55 3622 ,
161 3550 447 3631 cracoviensibua
474 3551 574 3621 annis
602 3548 746 3640 siugulis
772 3554 845 3621 tres
871 3570 1015 3640 marcas,
1041 3570 1106 3639 pro
1133 3549 1310 3621 laboribus
1338 3555 1487 3640 quatuor
1513 3549 1715 3623 anniversa-

159 3673 305 3762 riorum,
323 3670 536 3762 quibuslibet
554 3676 703 3762 quatuor
715 3670 931 3760 temporibus
948 3687 1011 3760 per
1025 3669 1161 3760 vigilias
1179 3690 1302 3744 novem
1320 3668 1505 3740 lectionum
1524 3675 1560 3742 et
1573 3671 1714 3742 missam

161 3793 206 3867 ad
232 3793 345 3867 altare
370 3790 567 3864 huiusmodi
593 3790 908 3881 decantandorum,
943 3791 1028 3861 item
1055 3789 1099 3860 od
1126 3789 1277 3861 dandum
1312 3790 1534 3862 universitati
1565 3792 1715 3878 mansio-
1742 3801 1744 3809 '

160 3913 337 3991 uariorum
365 3911 644 3985 Oracoviensium
670 3912 858 4004 quotannis
874 3932 978 3983 unam
995 3930 1163 4000 maroam,
1190 3929 1294 3982 unam
1316 3911 1456 3982 missam
1475 3910 1715 3984 defunctorum

161 4032 308 4124 singulis
334 4032 538 4123 septimanis
564 4052 608 4104 ex
635 4031 776 4122 ordine,
811 4052 874 4122 pro
901 4031 1054 4104 remedio
1082 4031 1217 4102 animae
1252 4029 1401 4121 praefati
1432 4031 1716 4124 Nyemyerze

161 4151 410 4243 celebraturim·
428 4153 691 4244 iuspatronatus
717 4152 802 4223 dicti
828 4150 950 4224 altaris
986 4151 1053 4224 sibi
1080 4157 1117 4222 et
1134 4150 1254 4241 nepoti
1281 4173 1343 4224 suo
1369 4173 1536 4244 germano
1563 4152 1717 4226 Johanni

159 4271 327 4347 Peloro
352 4270 396 4345 da
413 4270 669 4365 chrzelow,
695 4273 806 4363 primo
833 4277 869 4343 et
887 4270 1069 4362 principali
1097 4291 1180 4345 suae
1206 4270 1330 4345 domus
1356 4293 1420 4364 per
1436 4273 1564 4347 lineam
1581 4293 1715 4345 mascn-

160 4395 271 4471 linum
292 4392 349 4477 ,da
373 4392 447 4466 ruia
483 4394 588 4467 armis
624 4392 814 4482 proximius
841 4391 1085 4483 descendente,
1120 4412 1323 4483 reservans,
1348 4399 1455 4484 prout
1489 4393 1718 4465 haecomnia

160 4508 322 4592 ntim‘in
338 4512 521 4607 privilegio
541 4513 719 4604 originali,
738 4513 831 4604 quod
848 4513 885 4584 in
904 4512 1039 4586 aerario
1058 4519 1219 4586 servatur
1237 4511 1468 4603 cracoviensi,
1486 4513 1717 4596 continentur,

264 4632 539 4724 Wanornnczn,
565 4633 650 4706 villa
667 4635 730 4707 sub
748 4635 914 4725 parochia
932 4634 1097 4706 ecclesiae
1115 4634 1159 4706 de
1180 4633 1417 4725 Wyaliczk'a
1435 4634 1522 4722 sita,
1549 4633 1586 4705 in
1604 4638 1718 4704 strata

161 4754 301 4850 publica
326 4753 440 4829 eundo
467 4773 510 4826 ex
537 4752 827 4828 cracoviam
855 4756 1134 4846 Bochnyam,
1165 4754 1263 4828 cuius
1290 4756 1488 4846 proprietas
1515 4759 1552 4826 et
1576 4753 1721 4845 plenum*

165 4871 355 4950 dominium
381 4874 426 4949 ad
443 4873 556 4947 altare
580 4873 775 4967 praelatum
801 4876 973 4966 pertinet,
1000 4876 1037 4947 in
1054 4888 1123 4967 qua
1139 4881 1223 4949 sunt
1249 4880 1327 4948 octo
1354 4874 1445 4946 lanei
1472 4873 1716 4963 amathonales,

161 5004 309 5088 quorum
335 4994 481 5088 quilibet
506 5016 571 5086 pro
598 5015 704 5068 censu
738 4998 852 5068 annuo
880 4995 984 5068 solvit
1011 4994 1194 5069 altaristae
1219 5012 1324 5066 unam
1350 5012 1427 5066 oum
1454 4992 1598 5064 dimidia
1623 5014 1715 5064 mar-

161 5137 257 5207 oam,
282 5117 367 5190 item
383 5120 466 5190 suut
491 5115 581 5189 duae
598 5117 767 5189 tabernae
792 5117 961 5190 habentes
988 5135 1102 5204 agros,
1129 5134 1217 5204 quoe
1236 5132 1300 5204 pro
1318 5132 1424 5184 censu
1442 5133 1556 5185 annuo
1576 5111 1716 5185 solvunt

161 5236 344 5312 altariataa
361 5256 423 5311 aex
436 5256 513 5310 cum
529 5236 645 5309 media
658 5256 802 5328 marcas,
819 5238 904 5309 item
922 5234 1069 5325 quilibet
1087 5234 1222 5307 cmetlro
1240 5234 1284 5313 de
1296 5233 1397 5305 laneo
1413 5233 1518 5305 solvit
1535 5233 1715 5306 altaristae

161 5357 310 5458 triginta
333 5376 419 5455 ova,
444 5354 533 5435 duos
551 5375 717 5451 capones,
743 5377 886 5432 avenam
913 5376 975 5431 sen
1000 5374 1115 5453 merop
1141 5374 1204 5452 per
1222 5374 1324 5434 unam
1351 5374 1548 5433 mensuram
1574 5374 1715 5454 avenae,
1857 5366 1863 5371 ·
