4050 6054
156 528 162 542 ,
234 476 348 589 184.

227 617 355 757 ‘bonus
382 679 418 748 in
445 675 725 763 Stradomia,
753 693 853 763 quem
881 693 971 742 nunc
997 678 1093 741 tenet
1114 669 1292 741 lohannes
1320 667 1588 759 Pnycvvairy·
1604 667 1782 738 archidia-

231 820 337 871 conus
356 797 604 883 (iracovicnsis,
632 796 719 865 situs
737 800 801 882 est,
827 793 916 863 aiter
933 793 1056 862 hortus
1079 792 1115 860 in
1142 789 1426 874 Stradomia,
1450 806 1555 877 quem
1573 806 1667 859 nanc
1683 793 1785 858 tenet

96 1006 99 1010 Α
230 918 409 991 lohannes
437 914 686 1004 Woyschiir
722 918 840 983 custos
865 909 1125 997 cracoviensis,
1150 910 1240 980 situs
1266 915 1329 979 eet
1350 906 1637 979 ›Gonavevarnnt
1664 916 1783 979 eutem

231 1039 324 1111 horti
351 1035 521 1127 praedicti
549 1033 627 1103 dari
653 1053 717 1122 per
742 1032 931 1122 capitulum
966 1029 1133 1119 praelatis
1159 1038 1195 1100 et
1222 1028 1398 1100 canonicis
1425 1027 1668 1116 praesentibus
1694 1028 1785 1099 dnn·

231 1163 348 1243 taxat,
384 1174 453 1225 non
488 1152 728 1241 perseniam,
764 1151 825 1221 ecd
851 1149 1091 1239 pergratiam
1117 1147 1352 1237 etiavorem,
1388 1169 1456 1219 non
1484 1147 1529 1218 ad
1554 1154 1694 1237 tempus
1721 1155 1785 1220 ent

232 1273 484 1363 beneplacitum
511 1271 663 1362 capituli,
690 1271 751 1342 scd
779 1270 824 1341 ad
850 1271 957 1340 vitam
985 1269 1150 1358 regentia
1176 1275 1342 1340 tenentur
1368 1276 1485 1339 autam
1511 1276 1673 1358 mentes
1695 1280 1785 1340 aa*

231 1394 397 1466 ditionem
424 1393 606 1463 hortorum
632 1391 747 1463 facere
773 1390 969 1478 meliorem,
997 1396 1033 1460 ct
1059 1410 1127 1460 non
1155 1389 1369 1475 admittere,
1386 1398 1427 1460 ut
1453 1384 1611 1460 aedilicia
1636 1389 1783 1479 stillent,

219 1497 292 1584 'aut
318 1519 432 1602 ruant,
458 1533 548 1601 quae
576 1516 742 1583 tenentur
767 1488 920 1598 reiicme,
938 1519 975 1581 et
993 1530 1081 1581 nova
1109 1530 1172 1599 pro
1191 1511 1342 1580 ruinosis
1364 1509 1558 1601 aedificare,
1585 1509 1674 1581 alias
1690 1511 1786 1599 cepi·

230 1632 342 1705 tulum
369 1636 486 1722 potest
512 1638 548 1702 et
574 1636 714 1703 tenetur
740 1630 818 1702 aliie
845 1630 925 1702 iilos
952 1629 1119 1702 conferre.

251 2239 357 2317 'Sub
377 2240 521 2341 prisco
537 2243 745 2340 ternpore,
764 2239 876 2340 quod
898 2262 976 2317 arx
994 2244 1038 2317 et
1055 2238 1241 2319 ecclesia
1260 2236 1562 2318 cracovianeia
1581 2208 1620 2317 in
1638 2260 1689 2319 aa
1708 2263 1783 2344 po-

233 2395 325 2495 sita,
359 2394 542 2472 sennim
559 2398 604 2472 et
620 2392 847 2473 distinctim
872 2393 1149 2493 habitabatur,
1173 2386 1452 2496 magnumque
1476 2398 1521 2473 et
1546 2394 1778 2498 spatiosum

234 2551 344 2631 inter·
355 2550 500 2629 arcem
514 2555 558 2628 et
571 2549 718 2628 urbem
729 2547 1064 2630 Oraccvianeem
1079 2554 1173 2629 enat
1186 2549 1266 2628 ioci
1280 2550 1566 2650 sequestrum,
1578 2550 1682 2630 unba
1692 2557 1784 2631 eie·

234 2706 317 2784 nim
331 2702 634 2803 cracoviensis
653 2708 898 2785 monasterii
917 2706 1060 2784 Sancti
1077 2705 1291 2786 Franciaci
1309 2706 1443 2808 septis
1460 2707 1782 2806 terminabatur,
1842 2724 1845 2730 ’

232 2838 393 2927 quicqmd
422 2860 505 2909 vero
532 2839 636 2910 medii
663 2839 729 2910 loci
757 2839 1004 2927 interiacebat,
1041 2848 1077 2910 et
1103 2836 1241 2928 paludis
1274 2847 1464 2929 perpetuae
1492 2839 1681 2927 praebebat
1707 2860 1789 2930 spc-

232 2959 338 3047 ciem,
374 2966 451 3030 erat
487 2960 713 3032 inhabitabile
748 2966 785 3035 ct
811 2961 1006 3046 desertum3
1041 2959 1103 3030 sed
1130 2966 1166 3029 et
1191 2958 1437 3030 cracoviensis.
1468 2960 1615 3031 ecclesia
1650 2968 1687 3031 et
1722 2980 1786 3032 arx
1921 2987 1924 2990 ·
1968 2985 1970 2991 ’

232 3098 375 3169 gravem
393 3079 438 3150 ad
455 3100 493 3150 se
511 3079 642 3150 aditum
672 3079 777 3150 dabat
795 3086 831 3150 ct
849 3099 1044 3168 onerosum,
1071 3079 1180 3170 tignis
1202 3086 1239 3151 et
1256 3079 1338 3151 latia
1365 3080 1560 3168 arboribus,
1587 3100 1664 3151 curn
1682 3081 1787 3172 aliter

232 3218 373 3270 scenam
399 3201 557 3290 superari
584 3220 653 3271 non
680 3198 834 3290 posset,
858 3191 1111 3286 constratum,
1141 3200 1286 3272 ecclesia
1310 3201 1417 3272 etiam
1444 3200 1477 3270 S.
1505 3199 1668 3273 Andreae
1693 3202 1789 3274 inter

232 3320 433 3392 suburbana
445 3320 702 3393 numerabatur.
728 3319 783 3392 Ea
809 3322 929 3411 itaque
947 3341 1005 3392 res
1030 3327 1067 3392 et
1094 3320 1247 3392 iocorum
1268 3319 1380 3392 iacies
1398 3327 1435 3392 et
1454 3322 1668 3411 qualificatio
1684 3342 1787 3412 prae

233 3440 313 3511 latis
340 3448 377 3512 et
403 3441 576 3513 canonicis
603 3447 640 3513 ct
666 3436 807 3514 vicaria
833 3440 1000 3512 ecciesiae
1026 3439 1265 3514 cracoviensis
1300 3459 1380 3512 cam
1404 3442 1650 3513 necessitatem
1676 3443 1789 3533 impo-
1835 3504 1840 3511 .

233 3568 362 3649 suerat,
389 3562 583 3653 utsingnii
609 3562 645 3634 in
672 3581 760 3634 arce·
779 3560 1001 3634 Gracoviensi
1037 3562 1212 3634 domicilia
1238 3560 1445 3650 obtinendo,
1486 3569 1692 3652 perpetuum
1718 3564 1790 3635 iiiic

118 3749 123 3755 .
233 3689 377 3770 agerent
403 3682 602 3771 incolatum
629 3691 814 3773 postquam
840 3702 925 3755 vero
952 3682 1132 3780 lubricitas
1164 3682 1283 3755 sedulo
1310 3683 1423 3754 sabuli
1451 3681 1690 3756 additamento
1717 3685 1789 3757 ari*
1928 3774 1932 3783 Ι

204 3794 208 3801 “
234 3801 404 3891 domest,
431 3809 467 3874 et
493 3803 577 3875 urbs
604 3805 676 3874 arci
694 3803 887 3892 coniuncta,
915 3804 1056 3874 vicariis
1083 3805 1119 3874 in
1146 3824 1226 3876 arce
1244 3803 1385 3891 relictis,
1412 3811 1449 3875 ct
1476 3803 1568 3875 areis
1596 3811 1701 3896 atque
1726 3804 1790 3878 do·
1923 3788 1932 3805 ’

167 3996 174 4004 ,
233 3924 369 3994 miciiiis
407 3924 480 3994 suis
506 3923 558 3993 cie
582 3923 746 4009 traditis,
781 3924 930 4014 praelati
957 3931 994 3995 et
1020 3925 1177 3996 canonici
1203 3924 1468 4014 Crotonienses,
1507 3932 1652 4015 propter
1679 3945 1789 4016 aquae

233 4042 424 4133 penuriam,
450 4048 487 4112 et
514 4043 676 4132 quoniam
704 4044 856 4113 omniurn
893 4045 1093 4116 victualium
1128 4052 1234 4134 atque
1260 4066 1378 4117 rerum
1410 4045 1612 4141 importatio
1639 4045 1790 4118 difficilia

234 4164 270 4235 in
297 4183 412 4234 arcem
439 4163 639 4250 putabatur,
666 4161 779 4233 iecere
806 4164 842 4234 in
868 4166 991 4237 urbem
1010 4166 1222 4254 descensum,
1246 4174 1283 4238 et
1300 4163 1459 4256 plateam,
1488 4167 1524 4235 in
1552 4173 1706 4239 castmm
1724 4169 1805 4238 im··

234 4282 419 4354 mediatius
446 4281 638 4370 ducentem,
666 4302 734 4352 non
762 4283 797 4352 in
822 4288 944 4373 totum,
972 4286 1034 4357 sed
1061 4307 1103 4357 en
1123 4291 1234 4376 parte,
1263 4285 1428 4375 pleraque
1447 4287 1538 4357 enim
1565 4287 1643 4358 ioca
1660 4289 1696 4358 in
1715 4289 1790 4378 pia-

94 4473 97 4477 ,
232 4410 294 4475 tea
319 4402 517 4474 huiusmodi
543 4402 712 4474 militares
740 4404 986 4492 possederant,
1023 4428 1091 4478 non
1119 4427 1183 4496 pro
1210 4428 1278 4479 uno
1305 4412 1482 4497 tempore,
1510 4407 1572 4479 sed
1599 4409 1727 4479 sensim
1753 4415 1791 4480 et

234 4524 428 4595 successive
455 4523 639 4614 plerasque
666 4525 871 4615 coemendo,
898 4533 960 4598 cut
986 4547 1050 4618 pro
1078 4527 1221 4599 decimis
1247 4528 1486 4617 permutando,
1514 4548 1614 4598 areas
1641 4548 1790 4619 occupa·

233 4652 325 4716 runt.
352 4644 448 4715 Rura
475 4644 567 4713 enirn
594 4644 742 4733 praelati
760 4653 797 4717 ct
813 4647 972 4719 canonici
991 4646 1239 4720 Oracovienscs
1257 4649 1335 4738 pius
1354 4669 1457 4738 quam
1476 4650 1611 4720 urbana
1629 4648 1790 4738 amando,
1854 4745 1858 4753 ⁵
1880 4740 1886 4746 ῃ

233 4767 270 4837 in
298 4765 391 4837 viliis
418 4764 606 4835 incolatum
634 4765 909 4865 suum-dgpndo,
936 4768 1169 4841 habitationes
1187 4769 1411 4860 negligebant
1438 4771 1587 4858 urbicas,
1615 4771 1659 4842 ad
1687 4790 1790 4861 quam

233 4906 307 4958 rem
335 4885 386 4956 sic
413 4884 599 4956 inciviliter
625 4887 814 4976 agendam,
850 4908 973 4977 pamm
999 4891 1145 4979 provida
1173 4882 1451 4979 qrrcudianarnm
1484 4889 1711 4962 refectionum
1738 4891 1791 4962 di-

233 5007 416 5094 stributio,
453 5027 540 5097 quae
567 5028 631 5097 pro
658 4988 822 5080 universa
859 5009 1076 5081 hebdomada
1112 5012 1278 5100 praelatis
1306 5018 1342 5082 et.
1368 5011 1544 5082 canonicis
1577 5007 1792 5101 processioni

233 5126 406 5196 duntaxat
432 5125 624 5199 dominicae
652 5128 722 5200 dici
749 5129 1036 5200 interessentibus
1063 5129 1177 5218 fiebat,
1205 5132 1391 5221 plurimum
1421 5131 1696 5221 cooperabatur3
1735 5130 1801 5204 rc·'

232 5247 343 5338 ceptis
370 5250 499 5346 etenim
526 5248 774 5320 refectionibus
800 5270 880 5320 mox
908 5234 1006 5320 linita
1033 5253 1254 5339 processione
1280 5254 1407 5324 nassae
1435 5252 1586 5341 maioris,
1613 5272 1678 5325 nec
1695 5254 1793 5343 prin-
1871 5269 1877 5275 '

232 5367 323 5457 cipio
351 5376 534 5459 expectato
562 5388 626 5441 nec
652 5368 730 5457 fine,
758 5370 793 5440 in
820 5368 965 5459 villagia
992 5390 1060 5442 non
1087 5371 1163 5443 eine
1180 5372 1275 5464 vulgi
1302 5372 1476 5460 mendcio,
1504 5372 1597 5463 quod
1616 5373 1695 5447 iilos
1713 5375 1791 5446 soio
