4050 6054
231 466 307 544 lat

229 677 317 747 Item
344 677 380 746 in
407 676 528 747 cadem
554 674 637 747 villa
673 679 754 746 sunt
779 679 852 746 tres
878 673 1063 764 tabernae,
1098 693 1245 765 quarum
1272 673 1360 745 duae
1392 680 1474 746 sunt
1500 674 1637 765 regiae,
1673 674 1787 747 tertia

151 840 153 844 -
230 802 284 866 est
311 795 469 885 plebani,
504 795 662 870 sednon
688 796 819 866 habent
855 815 977 884 agros;
1014 796 1094 864 item
1133 795 1170 864 in
1196 794 1316 865 cadem
1343 795 1427 865 villa
1461 800 1516 866 est
1551 795 1650 866 curia
1684 795 1787 885 regia

230 915 361 985 babens
387 915 568 1004 praedium
595 915 770 1005 optimum,
797 915 840 984 de
859 915 955 985 cuius
982 915 1076 1004 agris
1103 914 1250 986 solvitur
1268 914 1401 985 decima
1426 914 1655 1005 manipularis
1673 914 1786 985 eecle-

233 1035 307 1104 siae
334 1035 525 1124 parochiali
552 1035 587 1105 in
615 1035 913 1124 Boguczicze.

331 1154 420 1225 Item
446 1155 644 1245 praebenda
670 1154 829 1246 praelata
864 1154 897 1227 S.
925 1155 1061 1227 Nicolai
1087 1161 1123 1227 ct
1149 1156 1223 1226 eius
1251 1157 1441 1226 oratorium
1469 1176 1533 1246 per
1562 1156 1785 1246 praebenda·
1813 1218 1818 1225 .

230 1275 319 1345 rium
346 1295 410 1364 pro
437 1280 594 1365 tempore
622 1275 888 1346 administratur
915 1282 951 1347 et
977 1276 1157 1347 officiatur.

333 1394 420 1465 Item
447 1396 645 1484 praebenda
670 1394 829 1486 praelata
854 1401 974 1468 taxata
1000 1403 1054 1468 est
1080 1397 1125 1468 ad
1145 1451 1312 1466 .......

689 1657 932 1740 Praebenda
965 1658 1108 1740 Sanctl
1145 1658 1324 1739 Martini.

333 1876 538 1951 Praebenda
563 1878 780 1950 Vislicicnsis
799 1878 831 1951 S.
849 1879 996 1950 Martini
1022 1884 1123 1950 extra
1149 1898 1274 1967 corpus
1302 1876 1467 1948 ecclesiae
1494 1876 1703 1967 collegiatae
1719 1876 1787 1949 Vi-

231 2001 399 2072 sliciensis
427 2001 494 2070 sita
520 2005 589 2089 est,
625 2000 804 2090 proprium
838 2000 970 2071 babens
1007 1998 1158 2089 ligneum
1187 1997 1396 2086 oratorium,
1434 2016 1537 2086 quam
1562 2016 1655 2066 nunc
1680 2003 1786 2069 teuet
1835 2006 1841 2015 '

231 2121 410 2193 lohannes
438 2120 617 2210 Regula
643 2119 844 2191 scolasticus
866 2119 1171 2209 Scarbimiriensis,
1200 2138 1287 2208 quae
1306 2138 1370 2208 pro
1389 2136 1452 2187 sua
1470 2116 1550 2189 dote
1568 2116 1675 2188 habet
1694 2117 1789 2191 duas

231 2242 380 2316 decimas
407 2241 639 2331 manipulares
667 2242 702 2310 in
729 2241 821 2311 villis
848 2239 1248 2311 Mankarzowioze
1283 2244 1320 2308 et
1346 2236 1785 2327 Budziscbcwicze‚

231 2368 268 2432 et
293 2383 400 2431 unum
426 2367 565 2450 pratum
592 2362 629 2431 in
655 2359 740 2431 villa
766 2358 949 2450 Gbotel‚
977 2361 1074 2432 cuius
1101 2360 1241 2450 patroni
1267 2365 1350 2430 suut
1366 2357 1543 2430 lohannes
1569 2357 1789 2448 Dlugosch

235 2483 353 2552 senior
388 2482 430 2551 de
457 2481 877 2569 Mankarzowicze‚
912 2481 1039 2552 nobilis
1066 2480 1109 2551 de
1136 2481 1241 2551 armis
1269 2466 1550 2570 Wyeni'awa‚
1585 2484 1622 2549 et
1646 2477 1790 2551 dohan-

236 2621 298 2673 nes
334 2601 377 2671 de
413 2601 838 2690 Budzischowicze‚
882 2601 1009 2672 nobilis
1049 2600 1092 2671 de
1128 2601 1234 2670 armis
1270 2597 1515 2688 Habdank,
1559 2619 1628 2689 quo
1662 2604 1789 2671 autem

232 2729 389 2811 tempore
425 2727 461 2791 et
495 2742 559 2812 per
585 2742 686 2812 quem
721 2720 865 2793 mndata
900 2710 1058 2811 praefata
1084 2721 1283 2810 praebenda
1309 2725 1345 2790 et
1370 2718 1491 2791 dotata
1516 2717 1632 2809 nent,
1668 2719 1790 2815 inoer7

232 2849 306 2913 tum
332 2843 491 2912 babetur.
1246 2860 1249 2866 ·
1406 2831 1408 2835 ’

334 2961 696 3052 Mannaazowuczn,
723 2961 807 3033 villa
834 2963 898 3034 sub
925 2962 1091 3051 parochia
1118 2962 1285 3033 ecelesiae
1311 2961 1355 3033 de
1383 2959 1675 3033 Czarnoczin
1703 2961 1788 3051 sita,

234 3083 330 3153 cuius
365 3082 566 3172 principalis
602 3082 725 3152 haeres
759 3080 937 3152 lohannes
971 3081 1206 3171 Dlugosch
1243 3081 1358 3151 senior
1394 3081 1436 3151 de
1474 3079 1785 3170 Gzarnocziu,

231 3201 358 3273 nobilis
385 3201 427 3273 de
454 3202 560 3271 armis
576 3201 873 3292 ,Wycuyawa‚
900 3201 936 3271 in
964 3222 1033 3291 qua
1058 3207 1140 3272 sunt
1165 3202 1258 3271 lanei
1286 3220 1409 3272 novem
1428 3200 1669 3290 emethouales,
1697 3201 1786 3272 item

231 3322 307 3411 agri
333 3322 502 3393 nobilium
529 3322 679 3411 quinque
706 3323 741 3391 in
768 3321 911 3411 praedia
937 3321 1050 3411 divisi,
1078 3321 1269 3410 dequibus
1296 3321 1455 3392 omnibus
1481 3320 1628 3393 solvitur
1645 3319 1787 3393 decima

140 3535 143 3540 ³
231 3441 458 3532 manipularis
485 3448 522 3512 et
547 3462 611 3532 per
638 3447 786 3532 quatuor
804 3442 942 3531 ierugas
969 3441 1144 3531 carrapalis
1172 3442 1390 3531 praebendae
1416 3441 1534 3513 Sancti
1560 3440 1719 3531 Martini,
1744 3447 1786 3512 et

232 3561 362 3633 ducunt
388 3582 465 3632 eam
492 3562 691 3633 cmctbones
717 3561 869 3651 propriis
897 3562 1054 3633 curribus
1086 3563 1121 3631 in
1148 3562 1312 3633 horreum
1338 3582 1360 3631 a
1386 3560 1637 3652 praebendario
1662 3559 1785 3633 locau-

231 3682 311 3753 dum
339 3689 376 3753 et
401 3682 499 3753 valor
525 3683 599 3753 eius
626 3683 831 3753 aestimatur
858 3681 905 3752 ad
930 3682 1056 3771 viginti
1082 3702 1226 3752 marcas.
1294 3739 1299 3748 .
1686 3776 1689 3781 ι

336 3803 680 3893 Bunzuszowrczn,
716 3802 801 3874 villa
827 3803 891 3873 sub
918 3801 1084 3891 parocbia
1114 3802 1278 3873 ecclesiae
1315 3802 1358 3872 de
1385 3800 1674 3873 Gzarnoczin
1701 3801 1783 3891 sita,

231 3925 329 3995 euius
364 3925 490 3993 haeres
517 3922 670 3994 Joannes
707 3921 1058 4012 Budzisewsky,
1094 3923 1219 3994 nobilis
1253 3922 1296 3994 de
1323 3923 1429 3993 armis
1463 3921 1708 4013 Habdanlr,
1743 3923 1783 3994 iu

232 4064 301 4132 qua
327 4049 409 4114 sunt
437 4049 585 4133 quatuor
611 4043 703 4113 lanei
730 4042 983 4129 cmethonaleS,
1011 4043 1093 4113 item
1120 4044 1265 4115 taberna
1290 4063 1370 4132 una,
1396 4044 1480 4114 item
1507 4042 1595 4114 duae
1621 4042 1783 4115 hortula-

231 4163 310 4233 niae
335 4163 506 4233 babentes
532 4183 645 4252 agros,
672 4162 756 4233 item
783 4162 961 4253 praedium
989 4184 1094 4233 unum
1113 4162 1264 4233 militare
1291 4163 1424 4233 habens
1451 4182 1565 4252 agros,
1592 4162 1782 4265 dequibus

231 4284 390 4355 omnibus
418 4283 566 4354 solvitur
592 4281 725 4375 decima
748 4282 974 4373 manipularis
1001 4288 1037 4353 et
1061 4302 1125 4372 per
1143 4283 1340 4353 cmethones
1368 4282 1507 4354 ducitur
1532 4282 1684 4372 propriis
1701 4301 1784 4353 cur·

231 4406 327 4475 ribus
355 4406 390 4475 in
416 4405 580 4475 borreum
599 4423 620 4473 a
636 4402 889 4493 praebendas-io
916 4402 1195 4474 constituendmn
1217 4408 1253 4473 et
1271 4403 1403 4474 decima
1429 4402 1604 4493 canapalis
1630 4401 1783 4475 solvitur

230 4545 293 4613 per
321 4530 470 4614 quatuor
496 4525 645 4614 ierugaS,
672 4529 708 4594 et
734 4522 833 4595 valor
859 4524 933 4594 cius
960 4523 1165 4594 aestimatur
1190 4521 1235 4593 ad
1262 4529 1350 4614 octo,
1377 4522 1562 4613 aliquando
1589 4521 1634 4594 ad
1658 4520 1783 4595 decem

230 4665 373 4716 marcas.
400 4645 488 4715 Item
515 4643 674 4734 praelata
699 4642 899 4733 praebenda
924 4643 1031 4715 habet
1057 4648 1195 4733 pratum
1217 4643 1345 4715 bouum
1372 4643 1409 4713 in
1434 4643 1653 4715 haereditate
1678 4640 1784 4715 Gho-

230 4765 296 4836 tel
323 4765 476 4836 custodis
504 4764 731 4859 Visliciensis,
758 4762 851 4855 quod
877 4764 1083 4835 aestimatur
1109 4763 1146 4834 in
1172 4784 1235 4835 suo
1262 4764 1380 4835 valore
1407 4764 1583 4834 adunam
1610 4783 1783 4852 marcam

231 4886 315 4955 item
342 4870 535 4956 oratorium
560 4883 753 4976 praelatum
780 4883 814 4955 S.
831 4883 978 4955 Martini
1005 4905 1068 4975 per
1094 4884 1383 4973 praebendarium
1409 4905 1475 4974 pro
1491 4889 1648 4973 tempore
1669 4883 1786 4956 admi-

231 5007 402 5078 nistratur
428 5013 465 5076 et
491 5005 664 5076 officiatur
690 5026 760 5076 una
785 5005 900 5076 missa.

334 5126 423 5197 Item
450 5125 648 5216 praebenda
674 5124 832 5214 praelata
857 5130 980 5197 taxata
1006 5131 1061 5196 est
1087 5125 1132 5196 ad
1151 5178 1319 5196 .......
