4050 6054
232 453 306 580 aaa

233 671 309 737 erat
338 685 401 736 sua
426 665 591 754 primaria
616 660 785 751 fundatio,
811 662 848 733 in
874 660 1045 733 Kelcze
1071 659 1260 750 transtulit,
1288 659 1331 732 de
1359 682 1428 752 qua
1453 659 1689 733 translatione
1716 660 1788 732 vidi

235 807 299 876 ego
335 784 483 877 praefati
518 783 649 854 domini
675 783 852 854 vincentii
878 783 1030 872 episcopi
1057 783 1276 872 privilegium
1304 782 1473 872 originale
1499 802 1563 872 per
1588 781 1788 854 Jobnunem

231 904 323 977 Gro
334 905 383 976 th
409 905 609 994 episcopum
627 902 889 974 Oracoriensem
908 910 1111 974 renovatum
1131 908 1166 972 et
1183 902 1431 990 exemplatum3
1451 900 1654 990 praebenda
1671 905 1790 972 auten

232 1025 390 1116 praelata
415 1024 521 1094 babet
548 1023 698 1093 decimas
725 1023 974 1113 infrascriptae
1003 1024 1166 1094 introitus
1194 1029 1230 1093 et
1255 1029 1454 1112 proventus.

335 1144 476 1215 Zrnow
501 1142 646 1232 PnnvA,
675 1144 759 1214 uilla
785 1144 849 1214 sub
877 1144 1042 1233 parochia
1068 1144 1232 1219 ecclesiae
1258 1142 1301 1213 de
1320 1142 1500 1235 Kygyie
1527 1143 1605 1231 sita,
1618 1160 1715 1232 onae
1732 1148 1788 1213 est

231 1263 359 1336 fundus
385 1264 507 1334 unicus
534 1263 751 1352 praebendae
777 1254 999 1351 Kelenieusis,
1028 1283 1114 1353 quae
1141 1262 1337 1354 Zydowska
1364 1262 1568 1352 appellatur,
1586 1281 1610 1332 a
1627 1282 1698 1353 qna
1712 1268 1789 1333 tra-

231 1385 284 1455 xit
309 1389 348 1455 et
373 1383 482 1454 habet
509 1382 851 1471 cognominationem,
879 1384 914 1452 in
942 1404 1011 1473 qua
1037 1390 1119 1453 sunt
1144 1388 1216 1452 tres
1243 1383 1333 1452 lanei
1361 1382 1611 1471 cmethonales,
1640 1394 1791 1472 quom

233 1503 378 1593 quilibet
404 1502 510 1574 solvit
535 1522 599 1591 pro
626 1522 731 1572 censu
757 1523 871 1573 annuo
890 1502 1107 1592 praebendae
1125 1502 1321 1574 Kelcziensi
1338 1501 1555 1593 Zydowskey
1572 1522 1679 1573 unnm
1695 1520 1789 1573 mor-

232 1643 326 1711 cam,
354 1624 437 1692 item
472 1627 526 1692 est
561 1622 609 1691 ibi
646 1622 743 1692 curia
775 1623 1002 1711 canonicalis,
1030 1622 1185 1712 pulchris
1213 1621 1379 1692 aediliciis
1406 1626 1627 1712 constructa,
1653 1622 1788 1693 habens

232 1743 422 1832 praedium,
449 1743 493 1812 de
519 1743 616 1812 ouius
643 1743 737 1830 agris
764 1742 851 1813 nulli
878 1744 983 1813 solvit
1010 1743 1177 1813 decimam
1204 1743 1461 1832 manipularem,
1488 1742 1551 1814 sed
1569 1762 1648 1813 eam
1665 1762 1730 1832 pro
1750 1761 1787 1812 se

232 1863 325 1934 tollit
352 1870 387 1932 et
406 1863 449 1957 ‘in
476 1863 639 1932 horreum
666 1882 765 1932 suum
791 1862 931 1935 inducit.
967 1863 1055 1933 Item
1083 1864 1281 1934 cmethones
1312 1864 1415 1934 villae
1441 1861 1620 1952 praefatae
1644 1861 1788 1935 solvunt

232 1983 399 2053 decimam
425 1982 674 2071 manipularem
701 1989 738 2052 et
764 2003 827 2072 per
854 1988 1003 2073 quatuor
1028 1985 1167 2073 ierugas
1195 1982 1395 2072 canapalem
1423 2003 1484 2055 suo
1512 1983 1662 2072 domino,
1681 2002 1785 2053 cano-

233 2103 310 2173 nico
348 2102 509 2173 videlicet
544 2101 756 2172 Kelcziensis
790 2104 1009 2191 praebendae
1036 2104 1248 2194 Zydowska,
1276 2110 1313 2174 et
1339 2110 1503 2174 tenentur
1529 2125 1606 2175 eam
1633 2102 1787 2193 propriis

231 2222 390 2294 curribus
418 2224 453 2292 in
481 2221 643 2292 horreum
670 2224 825 2293 canonici
851 2224 1022 2313 inducere,
1050 2225 1148 2293 cuius
1174 2224 1274 2295 valor
1299 2226 1504 2295 aestimatur
1523 2223 1567 2295 ad
1585 2223 1673 2295 duas
1691 2242 1783 2293 mar-

235 2362 301 2413 cas.
328 2341 416 2412 Item
442 2340 526 2411 villa
552 2341 710 2430 praelata
735 2341 899 2432 Zydow
925 2343 1073 2417 Parva
1104 2345 1255 2415 confinat
1284 2365 1360 2415 curn
1377 2344 1542 2435 Zydow
1567 2342 1789 2430 Militari,

233 2468 269 2533 et
294 2463 424 2533 limites
443 2462 535 2532 inter
553 2483 612 2532 eas
631 2470 775 2565 currunt
793 2464 884 2535 inter
902 2485 1022 2555 seper,
1049 2466 1132 2536 itcm
1150 2485 1227 2535 cum
1245 2464 1405 2555 Wolya
1421 2464 1679 2556 Zidowslsa,
1702 2464 1787 2535 item

235 2601 313 2653 cum
338 2582 422 2653 villa
448 2580 695 2673 Golichow,
722 2568 806 2654 item
829 2605 906 2655 cum
925 2585 1272 2676 villaStawyan'u
1290 2585 1420 2656 etloco
1441 2585 1661 2674 scopulorum
1676 2584 1788 2675 positi

232 2708 402 2795 suntpro
428 2703 648 2792 graniciebus
674 2703 807 2794 lapides
833 2706 969 2794 magni3
997 2708 1079 2776 item
1107 2706 1142 2775 in
1170 2706 1265 2777 dicta
1290 2705 1506 2777 haereditate
1532 2704 1684 2778 Parva
1707 2703 1788 2797 Zy-

233 2822 335 2913 dou,
365 2823 449 2894 villa
474 2821 723 2912 Oglandow
751 2826 814 2895 sub
840 2827 1007 2914 parochia
1023 2826 1190 2896 ecclesiae
1208 2826 1251 2896 de
1269 2825 1302 2895 K
1311 2828 1447 2917 ygyie
1474 2826 1552 2915 sita,
1570 2829 1608 2896 et
1623 2844 1716 2917 qnae
1733 2828 1790 2895 cst

233 2942 276 3012 de
303 2944 517 3033 proprietate
545 2944 720 3015 cantoriae
748 2944 972 3035 Visliciensis,
1000 2947 1105 3018 habet
1131 2947 1265 3035 aliquas
1292 2946 1406 3035 pocies
1433 2966 1597 3035 agrorum
1622 2945 1668 3017 ab
1694 2944 1789 3016 nnti-

233 3084 309 3153 quo‚
336 3065 379 3134 de
407 3064 531 3153 quibus
558 3065 663 3134 solvit
689 3064 854 3135 decimam
882 3067 1131 3156 manipularem
1158 3068 1334 3137 cantoriae
1362 3066 1572 3137 Visliciensi.

336 3183 560 3272 Sunwraur,
588 3183 673 3253 villa
697 3184 761 3255 sub
788 3187 954 3275 parochia
980 3187 1145 3257 ecclesiae
1173 3186 1216 3257 de
1233 3185 1268 3257 K
1275 3188 1348 3277 yie
1376 3187 1454 3275 sita,
1473 3187 1570 3257 cuius
1588 3186 1788 3276 proprietas

233 3310 268 3373 et
295 3302 484 3374 dominium
512 3303 556 3372 ad
582 3305 818 3393 praepositum
846 3313 882 3375 et
908 3303 1034 3376 iratres
1062 3307 1219 3376 coenobii
1244 3304 1525 3395 Myecbouiensis
1551 3305 1722 3395 pertinet,
1749 3306 1787 3377 in

233 3443 301 3512 qua
327 3429 409 3493 sunt
434 3422 614 3494 duodecim
640 3423 734 3494 lanei
760 3425 1003 3514 cmethonales,
1031 3427 1115 3496 item
1142 3432 1292 3516 quatuor
1317 3426 1494 3515 tabernae,
1522 3427 1606 3496 item
1628 3425 1789 3497 hortulo·

233 3544 310 3613 niae
337 3543 506 3614 habentes
533 3564 656 3632 agnon,
683 3545 726 3614 de
754 3544 879 3634 quibus
907 3546 1066 3616 omnibus
1094 3546 1314 3635 integraliter
1340 3545 1489 3618 solvitur
1515 3546 1651 3616 decima
1676 3545 1790 3616 mnni-

234 3663 365 3753 pularis
402 3671 439 3734 ct
473 3683 536 3753 per
572 3669 718 3753 quatuor
745 3665 884 3753 ierugas
911 3666 1086 3755 canapalis
1113 3664 1332 3755 praebendae
1358 3665 1566 3737 Kielcaienai
1591 3663 1791 3757 Zidowskn,

232 3791 267 3853 et
293 3804 357 3872 per
383 3784 582 3854 cmethones
609 3785 760 3874 propriis
788 3786 947 3855 curribus
973 3785 1112 3856 ducitur
1137 3787 1172 3855 in
1200 3787 1363 3857 horreum
1381 3806 1403 3856 a
1420 3786 1584 3857 canonico
1601 3785 1790 3857 locandum

233 3909 269 3972 et
295 3904 393 3974 valor
421 3905 495 3973 eius
522 3905 726 3975 aestimatur
753 3904 797 3974 ad
824 3904 1004 3976 duodecim
1030 3926 1174 3976 marcas.
1201 3906 1290 3976 Item
1316 3907 1352 3975 in
1375 3906 1496 3977 eadem
1514 3905 1598 3977 villa
1615 3912 1672 3977 est
1688 3907 1791 3977 curin

234 4042 305 4091 una
331 4030 367 4093 et
394 4024 573 4111 praedium
599 4025 737 4095 unicum
763 4024 955 4114 praepositi
981 4024 1278 4116 Myechoviensis,
1304 4025 1347 4097 de
1374 4027 1472 4097 ouius
1499 4027 1593 4115 agris
1621 4045 1693 4097 non
1718 4026 1790 4097 sol·

235 4140 328 4212 v'itur
354 4142 487 4214 decima
512 4145 747 4235 manipularis,
774 4146 835 4217 sed
863 4167 940 4216 eam
967 4147 1060 4217 solus
1087 4147 1235 4236 percipit
1261 4122 1481 4237 praepositus
1503 4145 1788 4237 Myechoviensis

233 4271 268 4334 et
304 4265 339 4334 in
375 4266 538 4336 borreum
574 4286 674 4336 suurn
705 4265 855 4355 inducit,
882 4274 937 4338 est
963 4268 1013 4339 ibi
1039 4290 1145 4339 unum
1172 4266 1406 4339 molendinum
1431 4267 1564 4339 habens
1590 4287 1716 4359 agros,
1743 4288 1789 4339 cx

233 4387 328 4474 agris
356 4386 590 4475 praedialibus
617 4387 683 4457 sibi
710 4387 865 4476 largitos,
893 4388 935 4457 de
964 4388 1087 4477 quibus
1114 4388 1261 4460 solvitur
1288 4389 1421 4461 decima
1438 4387 1666 4477 manipularis
1683 4408 1789 4478 prae-

230 4508 343 4595 posito
371 4506 631 4596 Myoclrouicnsi
657 4512 693 4577 et
719 4507 815 4578 ducit
842 4529 919 4578 eam
944 4509 1199 4581 molendinator
1224 4509 1261 4579 in
1288 4509 1452 4579 horreum
1478 4507 1680 4599 praepositi.

336 4625 719 4718 Go'rnnn'rnowrczn,
747 4629 830 4700 villa
865 4631 928 4700 sub
964 4630 1130 4718 parochia
1164 4630 1330 4701 ecclesiae
1356 4629 1400 4701 de
1425 4627 1544 4721 Kyje
1570 4629 1657 4719 sita,
1686 4629 1788 4701 cuius

232 4750 428 4839 proprietas
464 4756 499 4820 et
534 4751 723 4821 dominium
758 4750 912 4840 pertinet
947 4751 991 4822 ad
1022 4751 1258 4841 praepositum
1286 4757 1322 4821 et
1348 4749 1474 4821 fratres
1500 4748 1658 4823 coenobii
1683 4749 1788 4842 Mye-

232 4870 446 4960 clrovieusis,
474 4872 510 4941 iu
546 4893 615 4960 qua
642 4878 723 4943 sunt
750 4877 882 4961 septem
909 4871 1002 4943 lanei
1028 4871 1280 4961 cmetlronales,
1308 4870 1391 4942 item
1419 4891 1525 4942 unum
1549 4868 1788 4945 molendinum

230 4992 362 5063 liabens
399 5013 521 5081 agros,
548 4993 632 5063 item
658 5013 729 5063 una
754 4990 953 5064 lrortulania
979 4994 1110 5065 habens
1138 5013 1259 5083 agros,
1286 4991 1329 5063 de
1357 4972 1481 5082 quibus
1508 4992 1668 5065 omnibus
1693 4990 1787 5065 inte-

230 5112 375 5200 graliter
401 5114 550 5186 solvitur
576 5113 710 5184 decima
735 5113 960 5203 manipularis
987 5120 1024 5183 et
1049 5134 1112 5203 per
1139 5117 1288 5203 quatuor
1314 5113 1453 5201 ierugas
1479 5111 1657 5202 muopnlis
1683 5131 1787 5204 prae·

231 5233 364 5304 bcndae
399 5233 617 5324 Kyelcziensi
653 5233 855 5324 Zidowska,
881 5238 919 5305 et
954 5233 1085 5305 ducunt
1121 5254 1197 5304 eam
1223 5233 1440 5322 cmethones,
1467 5231 1726 5306 molendinator
1750 5236 1788 5305 ct

230 5352 436 5424 hortulanus
461 5355 613 5444 propriis
639 5355 797 5427 curribus
824 5356 859 5425 in
886 5356 1051 5428 horreum
1078 5375 1099 5425 a
1126 5354 1289 5425 canonico
1319 5353 1511 5444 locandum,
1538 5358 1574 5425 et
1591 5350 1693 5425 unior
1708 5354 1786 5425 eius
1825 5384 1830 5393 ·
