4050 6054
247 460 322 535 514

241 665 479 756 cracoviensi,
514 641 784 738 installationem
811 687 895 738 vero
921 664 958 736 in
984 664 1129 736 ccclesia
1154 663 1187 736 S.
1212 662 1388 755 Floriani,
1413 669 1451 737 et
1476 662 1623 756 triginta
1648 680 1796 755 ωαξης

242 788 424 860 solvuntur
450 788 485 859 ci
510 787 554 859 de
580 789 818 860 communibus
843 788 1078 879 proventibus

345 908 443 981 Ilaec
468 916 585 980 autem
611 930 703 981 nova
728 909 874 980 canonia
899 928 970 980 non
995 909 1103 980 habet
1128 907 1305 980 vicarium.

269 1153 457 1237 canonia
489 1155 623 1235 altera
655 1175 763 1235 nova
797 1157 837 1234 iu
868 1155 1054 1234 ecclesia
1087 1153 1130 1233 S.
1163 1153 1343 1234 Floriani
1375 1153 1770 1235 excancellarium

782 1293 1072 1373 Lanciczionsl
1104 1297 1262 1372 creata.

344 1513 434 1588 Item
460 1515 691 1606 praebendam
717 1534 842 1586 novam
868 1515 903 1584 in
931 1514 1077 1584 ecclesia
1102 1512 1136 1584 S.
1163 1514 1320 1585 Floriani
1336 1513 1380 1584 de
1398 1533 1544 1604 corpore
1569 1514 1797 1587 cancellaria-

240 1648 298 1709 tns
323 1638 577 1709 Lancicziensis
603 1643 766 1724 creatam,
791 1636 899 1706 habet
924 1655 1014 1727 nunc
1040 1635 1208 1724 magister
1223 1634 1377 1706 lacobus
1395 1635 1439 1705 de
1456 1634 1659 1706 Boxicza
1683 1635 1796 1707 licen-

240 1762 348 1831 tiatus
373 1761 409 1829 in
436 1759 615 1828 medicinis
642 1764 678 1827 et
704 1756 950 1827 baccalaureus
988 1776 1109 1827 sacrae
1143 1755 1359 1845 theologiae,
1385 1776 1475 1846 quac
1505 1777 1569 1845 pro
1599 1757 1655 1827 sui
1682 1753 1796 1827 iundo

241 1888 278 1952 et
304 1881 386 1951 dote
412 1880 517 1949 habet
545 1879 691 1966 triginta
717 1898 852 1948 marcas
878 1878 1068 1948 communis
1093 1877 1270 1966 pecuniae,
1295 1877 1359 1946 tali
1385 1875 1582 1948 conditione
1603 1884 1641 1948 et
1658 1877 1794 1965 ordine,

239 2000 525 2090 quemadmodum
552 1998 596 2067 de
621 1998 745 2086 priscis
771 1998 926 2068 canoniis
952 1998 1173 2086 scripsimus,
1201 1997 1436 2087 qualificatas3
1470 1997 1521 2068 ita
1546 1996 1721 2087 videlicet,
1746 2004 1790 2069 ut

240 2122 368 2191 habeat
393 2141 457 2209 pro
484 2139 629 2208 corpore
655 2140 719 2189 suo
746 2119 895 2188 sedecim
922 2137 1065 2206 marcas,
1091 2140 1156 2207 pro
1178 2118 1424 2190 refectionibus
1450 2139 1544 2208 vero,
1570 2118 1602 2188 si
1627 2119 1795 2190 intererit

240 2241 368 2312 divinis
403 2240 583 2311 dominicis
617 2240 757 2327 diebus,
793 2240 921 2310 habeat
957 2239 1216 2328 quatuordecim
1243 2260 1394 2327 marcas,
1429 2246 1467 2311 et
1492 2238 1793 2310 confirmationem

240 2362 365 2451 accipit
392 2362 437 2431 ab
463 2362 625 2450 episcopo
650 2358 891 2448 Gracoviensi,
917 2360 1188 2430 installationem
1215 2381 1300 2431 vero
1327 2361 1363 2430 in
1390 2359 1537 2431 ecclesia
1562 2358 1596 2429 S.
1622 2359 1794 2449 Floriani,

239 2490 276 2551 et
301 2481 486 2551 solvuntur
511 2481 544 2549 ei
569 2480 716 2569 triginta
743 2500 881 2550 marcae
908 2480 951 2551 dc
978 2481 1216 2550 communibus
1241 2481 1477 2569 proventibus.

344 2600 440 2671 Haec
466 2607 582 2671 autem
607 2620 698 2673 nova
724 2601 870 2671 mnonia
895 2621 965 2671 nou
991 2601 1097 2671 habet
1124 2601 1301 2672 vicarium.

285 2844 429 2926 Tertia
463 2867 571 2925 nova
603 2846 782 2926 canonia
815 2846 855 2923 in
888 2846 1073 2925 ecclesia
1107 2844 1150 2924 S.
1182 2845 1363 2925 Floriani
1396 2867 1453 2926 ox
1484 2845 1740 2926 cancellaria

760 2983 1035 3063 Poznanionai
1068 2983 1288 3087 appellata.

341 3203 430 3277 Item
463 3206 605 3277 tertiam
640 3225 765 3276 novam
792 3205 971 3275 canoniam
998 3206 1034 3275 in
1061 3205 1208 3275 ecclesia
1234 3203 1268 3275 S.
1294 3204 1448 3276 lloriani
1474 3212 1649 3295 creatam,
1683 3226 1791 3297 quam

238 3327 479 3398 cancellariam
506 3327 777 3398 Poznaniensem
805 3327 1003 3411 nominant,
1034 3327 1141 3397 habet
1169 3327 1337 3416 magister
1353 3381 1576 3416 .........
1603 3346 1691 3417 quae
1717 3330 1790 3401 etsi

238 3470 302 3539 pro
321 3468 383 3518 sua
401 3448 483 3518 dote
500 3454 535 3518 et
554 3447 661 3520 luudo
680 3449 776 3517 iuxta
793 3447 1044 3518 ordinationem
1064 3455 1099 3518 et
1119 3454 1251 3518 statuta
1268 3448 1508 3519 universitatis
1532 3450 1680 3538 triginta
1694 3470 1792 3521 mar·

237 3589 297 3639 cas
322 3589 365 3639 er
392 3569 630 3639 communibus
655 3568 882 3657 proventibus
908 3569 942 3637 ei
968 3569 1092 3639 dandis
1111 3622 1121 3639 .
1140 3624 1148 3638 .
1167 3623 1175 3637 .
1193 3624 1201 3636 .
1220 3624 1255 3657 .,
1282 3589 1325 3638 er
1352 3570 1501 3658 quodam
1527 3580 1643 3640 tamen
1674 3571 1790 3642 abusu
1891 3596 1900 3607 ·

237 3689 293 3759 vel
318 3687 465 3775 defectu,
492 3689 695 3760 nonhabet
722 3688 790 3759 nisi
807 3742 949 3758 ......
974 3710 1119 3761 marcas:
1146 3699 1182 3759 et
1204 3689 1499 3761 confirmationem
1526 3712 1589 3761 seu
1614 3692 1789 3780 provisio-

235 3828 313 3878 nem
341 3809 386 3877 ab
412 3809 575 3897 episcopo
601 3808 727 3897 accipit
753 3807 992 3879 Poznaniensi.

339 3927 427 3997 Item
462 3927 618 4018 praelata
653 3930 758 3999 tertia
792 3930 938 4001 mnonia
973 3951 1034 4000 seu
1070 3930 1276 4001 cancellaria
1302 3930 1549 4003 Poznaniensis
1582 3952 1651 4003 nou
1677 3932 1789 4005 habet

235 4067 412 4117 vicanum.

493 4274 781 4388 collegiatam
813 4280 967 4365 nobilia
998 4288 1218 4367 mamonae
1249 4280 1522 4387 cottion-inmo,

234 4412 395 4486 haeredis
422 4415 466 4486 de
483 4472 707 4487 .........
733 4414 1117 4509 llazvlronvssze.
1154 4421 1325 4491 consortis
1350 4419 1498 4491 loannis
1524 4419 1713 4492 llanzik
1738 4418 1785 4493 de

233 4535 521 4611 Dambrovra.
546 4548 727 4608 matronae
753 4538 880 4609 nobilis
907 4538 1075 4610 dedomo
1101 4548 1136 4610 et
1163 4539 1295 4610 iamilia
1319 4540 1545 4615 tlammarum.
1571 4562 1661 4631 quae
1677 4548 1784 4633 caput

232 4656 343 4728 leonis
367 4656 540 4729 muman
566 4659 691 4729 cientis
717 4660 754 4728 iu
780 4678 902 4747 campo
937 4658 1125 4730 coelestino
1152 4660 1263 4731 defert
1289 4681 1355 4750 pro
1381 4662 1520 4751 insigni.
1562 4661 1652 4733 Item
1677 4662 1786 4734 colle-

230 4776 370 4865 giatura
397 4776 761 4869 llazvkonissze
786 4786 824 4849 et
849 4779 925 4849 eius
951 4779 1134 4869 collegiata
1160 4801 1226 4872 pro
1251 4788 1417 4871 tempore,
1444 4782 1627 4853 solvuntur
1650 4764 1798 4855 duodo-⁸

231 4896 298 4966 cim
331 4917 470 4968 marcae
504 4899 695 4969 communis
729 4898 916 4988 pecuniae,
951 4921 996 4970 ex
1021 4902 1260 4971 communibus
1294 4903 1521 4991 proventibus
1554 4902 1723 4975 ecclesiae
1748 4903 1785 4975 S.
1822 4974 1833 4983 ,

230 5014 396 5086 Floriani.
439 5015 536 5088 llaec
561 5024 680 5088 tamen
706 5017 834 5089 solutio
859 5018 1041 5090 duodecim
1066 5041 1261 5091 mmcarum
1295 5022 1411 5092 dictae
1443 5023 1693 5112 collegiatam
1717 5044 1785 5115 ner

230 5135 393 5206 iniuriam
420 5137 618 5209 introducta
642 5146 716 5227 est,
750 5160 815 5211 uec
839 5139 886 5209 ad
911 5158 989 5210 eam
1014 5141 1224 5213 universitas
1249 5142 1434 5232 obligatur,
1460 5150 1497 5213 et
1522 5163 1601 5213 cnm
1626 5163 1692 5215 suo
1715 5164 1783 5234 pu-

231 5254 322 5325 blico
356 5258 558 5345 gravamine
592 5258 687 5331 illam
720 5259 844 5349 solvit,
877 5279 956 5329 cum
982 5260 1140 5349 praemta
1174 5270 1334 5334 matrona
1368 5262 1702 5355 Marvlonisaa
1735 5264 1783 5336 ad

229 5373 411 5446 emendum
438 5396 578 5447 cerasum
614 5398 680 5467 pro
710 5400 774 5450 suo
801 5380 985 5470 collegiato
1021 5379 1188 5453 ducentas
1223 5405 1358 5455 marcas
1393 5384 1543 5455 latorum
1577 5404 1782 5474 grossorum
