4050 6054
168 441 174 451 '
233 432 309 506 490

232 643 310 731 sita,
338 638 435 712 cuius
461 634 659 729 proprietas
687 641 722 709 et
749 633 935 709 dominium
964 633 1008 707 ad
1034 632 1226 708 Iohannem
1255 629 1566 724 Stadniczsky
1593 637 1630 704 et
1649 626 1787 704 Johan·

119 826 123 831 .
230 781 308 832 nem
335 767 371 831 et
397 758 594 831 Grzeslanm
620 759 870 850 Woyschik
891 758 1051 847 pertinet,
1079 759 1114 828 in
1142 777 1210 848 qua
1237 761 1319 828 sunt
1344 756 1436 826 lanei
1462 753 1705 844 emethonales,
1733 752 1784 824 de

232 902 377 972 quorum
417 880 571 971 quolibet
606 879 753 951 solvitur
787 899 875 950 unus
911 877 1001 949 ferto
1036 877 1188 949 latorum
1222 897 1422 967 grossorum
1459 875 1626 975 canonico
1649 874 1787 965 primae

230 999 449 1092 praebendae
475 1020 538 1091 pro
567 999 709 1070 decima.
735 999 823 1070 Item
849 998 1041 1088 praedium.

336 1121 523 1210 Beneuen,
550 1119 634 1191 villa
669 1120 733 1190 sub
760 1119 926 1209 parochia
952 1119 1116 1188 ecclesiae
1143 1117 1186 1188 de
1213 1115 1392 1208 Oszyek
1420 1117 1546 1207 oppido
1574 1117 1659 1206 sita,
1685 1114 1789 1186 cuius

231 1241 426 1331 proprietas
461 1244 497 1309 et
532 1239 720 1310 domimum
756 1239 800 1309 ad
836 1239 1092 1309 serenissImum
1120 1236 1284 1307 Poloniae
1310 1258 1428 1326 regem
1454 1237 1624 1327 pertinet,
1651 1236 1688 1305 In
1715 1255 1790 1325 qua

233 1365 314 1431 sunt
339 1359 430 1430 lanei
457 1359 700 1450 cmethonales,
727 1359 770 1429 de
798 1380 942 1449 quorum
962 1359 1117 1449 quolibet
1134 1357 1282 1439 soluitur
1300 1378 1388 1428 unus
1406 1356 1497 1429 ferto
1515 1357 1664 1427 latorum
1684 1340 1789 1445 gros·

231 1502 348 1552 sorum
376 1479 540 1551 canonico
567 1481 699 1569 primae
726 1479 947 1570 praebendae
974 1499 1038 1569 pro
1066 1478 1208 1550 decima.
1234 1478 1323 1549 Item
1351 1478 1541 1567 praedium.

334 1599 423 1670 Item
449 1599 561 1689 prima
587 1600 785 1689 praebenda
811 1604 932 1670 taxata
958 1604 1013 1669 est
1039 1599 1083 1669 ad
1111 1653 1118 1667 .
1147 1653 1154 1667 .
1182 1653 1190 1666 .

672 1912 835 1993 vicaria
870 1912 1030 2018 primae
1064 1911 1346 2018 praebendae.

335 2132 452 2205 Prima
478 2132 678 2225 praebenda
704 2133 736 2203 S.
763 2133 918 2205 Floriani
944 2133 1037 2203 dicta
1064 2133 1224 2222 Oaplska,
1250 2131 1357 2202 habet
1383 2131 1580 2220 habereque
1606 2124 1807 2201 consuevit

235 2261 436 2345 perpetuam
477 2254 640 2325 vicariam
683 2255 719 2322 in
755 2254 901 2325 ecclesIa
935 2252 968 2324 S.
1001 2253 1174 2340 Floriani,
1212 2274 1313 2342 quam
1348 2255 1439 2321 uu'nc
1474 2256 1571 2321 tenet
1604 2250 1790 2322 Iohannes

233 2373 466 2446 Plebanelr
493 2375 535 2445 de
561 2373 769 2464 Malyeez
795 2374 986 2464 presbyter,
1014 2375 1109 2445 cuius
1136 2374 1257 2444 unicus
1276 2372 1421 2443 collator
1439 2378 1475 2443 et
1493 2378 1660 2460 patronus
1679 2391 1790 2442 cano-

233 2496 331 2567 nicus
358 2496 489 2584 primae
516 2494 735 2585 praebendae
761 2516 825 2584 pro
852 2500 1018 2584 tempore,
1046 2500 1126 2565 anto
1145 2494 1426 2583 coaequationem
1444 2492 1687 2564 beneficiorum
1707 2512 1789 2579 esse

236 2620 478 2703 consueverat;
492 2604 595 2685 'nunc
629 2621 745 2685 autern
781 2613 962 2686 conferunt
995 2614 1088 2684 illam
1116 2614 1151 2684 iu
1179 2614 1350 2685 communi
1375 2613 1534 2702 magistri
1560 2619 1596 2684 et
1622 2612 1789 2683 doctores

232 2734 427 2807 beneficiati
454 2735 490 2804 in
517 2735 662 2806 ecclesia
689 2734 721 2804 S.
748 2734 912 2824 Floriani,
939 2756 1015 2825 pro,
1032 2755 1093 2804 suo
1121 2740 1235 2805 autem
1262 2733 1368 2805 fundo
1388 2755 1429 2804 ex
1448 2733 1662 2823 proprietate
1681 2752 1789 2822 prae-

233 2855 315 2944 fata,
342 2857 453 2945 prima
479 2856 610 2927 vicaria
634 2855 741 2925 habet
767 2856 902 2945 aliquos
921 2854 1089 2945 speciales
1107 2856 1280 2944 introitus,
1300 2860 1335 2925 et
1354 2854 1396 2924 de
1416 2855 1652 2926 communibus
1672 2854 1789 2925 intro·

234 2976 340 3046 itibus
376 2974 519 3047 inferius
551 2976 786 3047 describendis
813 2976 1010 3065 participat.
1050 2975 1166 3047 Habet
1192 2983 1308 3046 tamen
1335 2977 1513 3065 proprIam
1540 2975 1678 3046 domum
1706 2995 1789 3045 cum

236 3097 339 3166 horto
375 3101 411 3166 et
445 3097 599 3186 pomerio
628 3097 661 3165 in
690 3097 896 3167 coemeterio
924 3097 1088 3167 ecclesiae
1116 3096 1149 3166 S.
1175 3096 1331 3168 Floriani
1358 3097 1470 3167 sitam.
1510 3095 1599 3166 Item
1625 3080 1790 3186 praefata

234 3216 364 3286 vicaria
390 3217 497 3287 habet
524 3223 671 3306 quatuor
696 3235 831 3287 marcas
858 3237 879 3287 a
904 3217 1081 3306 magistris
1109 3223 1145 3288 et
1171 3217 1370 3288 doctoribus
1398 3238 1460 3306 pro
1489 3216 1626 3288 solario.

304 3528 499 3613 Secunda
534 3531 775 3636 praebenda
808 3532 850 3611 S.
885 3530 1077 3634 florient,
1111 3532 1222 3614 dicta
1256 3516 1709 3638 Swyepyettrniczslra.

337 3751 494 3823 Secunda
528 3753 728 3842 praebenda
764 3753 796 3823 S.
823 3752 980 3826 Floriani
1015 3754 1211 3844 appellatur
1248 3753 1613 3844 Swyepyetbniczska,
1638 3757 1789 3845 propter

234 3873 514 3963 principaliorem
551 3874 736 3963 decimam,
764 3896 866 3964 quam
906 3875 1012 3946 habet
1038 3876 1073 3945 in
1102 3874 1485 3966 Swyepyethnicz
1498 3896 1536 3963 a,
1563 3894 1666 3963 quam
1692 3894 1788 3946 nunc

234 3998 330 4064 tenet
365 3993 531 4082 magister
566 3993 760 4065 Stanislaus
796 3995 839 4065 de
870 3994 1082 4065 Sciradek
1108 4014 1226 4065 sacrae
1253 3994 1449 4084 theologiae
1476 3993 1671 4085 professor;
1693 3992 1788 4067 haec

235 4118 317 4184 ante
344 4113 626 4202 coaequationem
654 4114 689 4183 iu
716 4114 857 4185 decimis
876 4115 1149 4204 manipularibus
1166 4120 1203 4186 et
1220 4114 1448 4186 fertonalibus
1467 4120 1658 4204 proventus
1675 4113 1793 4187 habe.

233 4233 296 4304 bat
322 4231 569 4322 infrasrrIptos.
1437 4232 1440 4237 ’

395 4519 425 4637 Ἰ
480 4493 681 4577 Decimae
714 4497 997 4603 manipulares
1029 4496 1244 4579 secundae
1278 4498 1548 4605 praebendae

764 4635 1259 4751 §wyepyetlmyczslrep

339 4852 713 4941 SwrnrrnrunchA‚
741 4854 824 4927 villa
858 4857 922 4930 sub
948 4857 1113 4946 parochia
1139 4857 1303 4928 ecclesiae
1331 4856 1373 4928 de
1400 4858 1545 4948 Byecz
1573 4859 1658 4949 sita,
1685 4857 1785 4931 cuius

233 4976 430 5066 proprietas
465 4982 501 5046 et
536 4974 724 5047 dominium
759 4975 805 5047 ad
839 4977 1096 5048 serenissImum
1122 4975 1286 5049 Poloniae
1314 4998 1430 5069 regem
1455 4980 1625 5069 pertinet,
1651 4978 1687 5049 in
1714 5000 1786 5070 qua

234 5103 316 5168 sunt
342 5095 433 5167 lanei
459 5096 703 5186 emethonales,
731 5097 774 5167 de
801 5097 926 5187 quibus
945 5097 1103 5168 omnibus
1121 5097 1269 5169 solvitur
1287 5098 1418 5169 decima
1436 5099 1660 5188 manipularis
1678 5119 1785 5172 eano-

233 5217 313 5287 niro
353 5217 571 5307 praebendae
607 5217 795 5308 secundae,
822 5223 859 5289 et
892 5222 1054 5289 tenentur
1090 5238 1164 5289 eam
1200 5219 1399 5292 emethones
1435 5220 1587 5311 propriis
1622 5219 1784 5293 curribus

235 5335 398 5440 inducere
434 5336 469 5407 in
504 5338 668 5410 horreum
703 5359 725 5410 a
760 5337 924 5410 canonico
960 5337 1130 5410 secundae
1165 5339 1383 5428 praebendae
1418 5339 1601 5412 locandum
1636 5344 1672 5413 et
1706 5341 1783 5415 eius
