4050 6054
232 414 307 487 584

229 622 370 710 hortos,
397 638 543 710 quarum
579 616 666 691 duae
694 636 757 708 pro
785 634 900 688 annno
927 603 1032 688 censu
1058 635 1122 707 pro
1149 612 1238 687 sesto
1265 610 1299 687 S.
1325 612 1474 687 Martini
1500 612 1644 687 solvunt
1672 616 1791 687 custo

230 742 308 813 diae
333 762 397 831 per
423 762 529 811 unum
555 740 726 811 fertonem
753 745 789 810 ct
814 759 878 828 per
905 744 1053 829 quatuor
1079 758 1249 828 ceponcs;
1275 736 1366 809 aliae
1392 757 1476 808 vero
1503 736 1593 807 duae
1620 736 1789 809 residuae

231 860 408 951 quaelibet
442 860 547 932 solvit
582 880 645 949 per
680 866 758 930 octo
794 879 934 948 grossos
970 864 1006 929 et
1036 879 1099 947 per
1127 863 1277 947 quatuor
1312 877 1472 947 capones.
1509 857 1602 928 Item
1626 855 1790 927 custodia

231 980 522 1071 Oppathoviensis
559 980 666 1050 babet
702 979 739 1048 in
774 979 931 1068 praelato
959 978 1086 1068 oppido
1112 976 1386 1067 Oppatlroviensi
1413 976 1593 1049 duodecim
1619 977 1789 1049 tabernas

230 1106 266 1171 et
301 1121 419 1189 areas,
456 1076 509 1171 et·
527 1099 702 1191 quaelibet
738 1099 843 1170 solvit
878 1099 1050 1169 sexdecim
1085 1119 1226 1187 grossos
1262 1118 1326 1187 pro
1363 1118 1477 1170 annuo
1504 1117 1610 1168 oensn
1636 1095 1788 1185 custodi,

231 1220 400 1290 medietas
427 1224 543 1291 antem
570 1239 692 1289 census
719 1218 763 1289 de
789 1239 850 1289 sex
867 1218 1022 1289 tabernis
1041 1218 1133 1289 cedit
1149 1217 1361 1289 vicecustodi
1378 1215 1673 1308 Oppatboviensi;
1699 1217 1790 1311 reai-

231 1339 335 1410 dnam
371 1361 453 1411 v-'cro
488 1340 711 1410 medietatem
747 1339 892 1409 aliarum
926 1360 986 1409 sex
1012 1340 1235 1410 tabernarum
1263 1339 1448 1409 modernus
1475 1344 1591 1409 custos
1616 1338 1789 1411 Albertus

233 1457 388 1551 Gorny
415 1460 615 1549 resignavit,
642 1463 808 1549 perpetuo
836 1460 970 1529 vitricis
989 1466 1024 1530 et
1042 1460 1281 1549 provisoribus
1300 1459 1464 1529 ecclesiae
1479 1456 1789 1549 Oppathoviensis,

230 1578 275 1651 ad
302 1579 552 1670 providendum
578 1579 621 1650 de
647 1580 729 1649 vino
755 1601 819 1669 pro
846 1580 1020 1671 misteriis,
1047 1580 1092 1650 ad
1119 1580 1216 1651 cuius
1243 1579 1476 1669 provisionem
1502 1584 1621 1652 custos
1646 1580 1726 1670 ipse
1752 1584 1790 1652 et

232 1719 350 1771 omnes
377 1702 431 1771 sui
458 1706 694 1771 antecessores
721 1706 758 1771 et
784 1720 1017 1789 successores,
1044 1701 1180 1771 ratione
1207 1698 1311 1770 officii
1337 1705 1374 1771 et
1396 1699 1578 1789 dignitatis
1603 1698 1790 1771 custodiae

232 1818 276 1890 do
302 1820 413 1891 veteri
440 1820 696 1909 consvetudine,
722 1821 798 1910 lege
822 1826 858 1891 et
876 1820 1098 1891 observantia
1115 1820 1367 1909 obligabantur.
1393 1820 1483 1890 Item
1499 1820 1606 1892 babet
1624 1820 1791 1892 custodia

232 1938 390 2029 praelata
415 1941 451 2011 in
480 1941 606 2031 oppido
632 1937 889 2030 Oppathovv
916 1962 1021 2011 unnim
1046 1942 1185 2012 bortum
1213 1961 1256 2010 ex
1283 1940 1442 2029 opposito
1465 1939 1586 2011 domus
1604 1940 1791 2011 custodiae

232 2060 356 2148 sitnm,
384 2060 426 2131 dc
463 2081 530 2150 quo
566 2082 630 2150 pro
668 2082 782 2131 annuo
820 2081 924 2131 censu
951 2061 1132 2132 solvuntur
1159 2061 1295 2132 custodi
1321 2059 1582 2149 quatuordecim
1606 2060 1728 2151 grossi
1754 2066 1793 2134 et

233 2184 382 2268 quatuor
408 2200 576 2269 capones,
602 2180 646 2251 ad
674 2180 787 2251 nullos
815 2187 930 2251 autem
957 2181 1095 2251 labores
1123 2181 1209 2252 alios
1237 2181 1291 2252 vel
1319 2181 1436 2253 dacias
1462 2182 1637 2272 obligatur
1663 2182 1795 2253 bortu-

232 2299 342 2370 lanus.
380 2299 469 2370 Item
503 2300 610 2371 habet
644 2300 802 2371 custodia
836 2301 996 2391 praefata
1030 2299 1332 2393 Oppathovyensis
1367 2303 1543 2392 propriam
1577 2302 1725 2373 domum
1756 2308 1795 2374 et

232 2438 349 2489 aream
376 2440 453 2491 cnm
479 2421 633 2509 pomerio
652 2421 689 2490 in
716 2420 920 2491 occidentali
948 2428 1048 2510 parte
1075 2443 1097 2491 a
1123 2422 1264 2511 regione
1291 2428 1413 2511 portae
1431 2422 1658 2493 occidentalis
1676 2422 1794 2495 eecle-

232 2540 304 2611 siae
340 2540 461 2630 sium,
489 2561 590 2630 quam
616 2541 691 2631 ipsc
718 2540 885 2613 Albertus
912 2540 1068 2634 Gorny
1095 2543 1246 2632 propriis
1272 2542 1494 2615 facultatibus
1521 2548 1558 2614 et
1583 2544 1792 2635 sumptibus

233 2658 379 2749 pulchro
406 2680 510 2752 opere
537 2661 742 2733 aedificavit.

336 2779 426 2851 ltem
452 2780 607 2873 praefata
633 2782 790 2855 custodia
816 2780 1108 2872 Oppathoviensis
1135 2788 1257 2855 taxata
1274 2791 1328 2855 est
1346 2783 1532 2856 secundum
1549 2744 1669 2857 omnia
1687 2806 1796 2877 rege-

235 2904 310 2971 stra
335 2901 380 2971 ad
406 2956 415 2971 .
441 2955 484 2973 ..

857 3216 1167 3299 llicecustodia.

336 3430 463 3507 Custos
498 3434 788 3526 Oppathoviensis
824 3437 931 3508 babet
956 3436 1154 3527 habereque
1181 3438 1359 3509 consvevit
1385 3437 1551 3508 vicarium
1576 3444 1794 3535 perpetupm

234 3558 307 3629 sive
333 3556 588 3628 vicecustodem
614 3558 649 3627 in
677 3556 824 3628 ecclesia
849 3555 1131 3647 oppathoviensi,
1159 3559 1256 3628 cuius
1283 3563 1400 3630 custos
1418 3556 1717 3648 Oppathoviensis
1735 3568 1794 3633 est

234 3676 355 3746 unicus
382 3676 528 3748 collator
555 3681 590 3748 et
616 3684 803 3767 patronus3
838 3699 914 3748 eam
940 3698 1032 3748 nunc
1059 3679 1193 3748 obtinet
1218 3677 1458 3768 sigismundus
1485 3678 1528 3749 de
1555 3678 1794 3752 Tharnow

234 3798 361 3867 artium
386 3796 583 3868 liberalium
609 3797 875 3888 baccalaureus3
902 3818 990 3887 quae
1017 3819 1080 3888 pro
1108 3819 1170 3869 suo
1197 3797 1303 3870 fundo
1331 3801 1367 3869 et
1392 3798 1473 3869 dote
1499 3798 1609 3870 babet
1633 3820 1793 3890 proven·

233 3920 291 3987 tus
315 3915 563 4008 infrascriptos.

336 4035 453 4108 Primo
476 4038 583 4113 habet
599 4037 832 4109 vicecustodia
850 4035 1006 4127 praefata
1024 4058 1162 4109 censum
1182 4059 1341 4109 annuum.
1352 4039 1394 4110 de
1414 4058 1474 4110 sex
1492 4038 1650 4111 tabernis
1670 4046 1791 4115 custo-

234 4155 288 4225 dis
315 4153 613 4247 Oppathoviensis,
640 4159 677 4228 in
695 4158 822 4247 oppido
841 4157 1056 4247 Oppatlrov
1083 4160 1361 4248 consistentibus,
1393 4159 1435 4229 de
1463 4160 1618 4249 qualibet
1635 4162 1791 4235 taberna

234 4275 382 4346 sedecim
409 4294 568 4365 grossos3
594 4260 803 4348 item⁸habet
828 4276 914 4348 duas
940 4299 1075 4349 marcas
1102 4299 1144 4349 ex
1171 4299 1276 4349 censu
1302 4280 1475 4350 tabemali
1500 4278 1792 4375 Oppatboviensi,

233 4395 315 4465 item
343 4397 449 4469 habet
474 4396 668 4487 portionem
695 4398 873 4487 aequalem
900 4420 943 4469 ox
970 4399 1180 4470 decimarum
1206 4405 1377 4490 proventu
1396 4400 1499 4471 villae
1515 4401 1792 4495 Ruschlroiv,

233 4514 317 4587 item
343 4517 450 4589 habet
475 4518 669 4607 portionem
697 4520 874 4610 aequalem
901 4520 945 4591 de
972 4526 1116 4610 quaestu
1143 4523 1362 4611 provenienti
1389 4522 1424 4592 in
1452 4522 1624 4594 communi
1646 4524 1793 4597 vicariis

233 4634 582 4727 Oppathoviensibus.

606 4952 739 5031 Prima
774 4953 1015 5056 praebenda
1049 4953 1419 5060 Oppatboviensis.

336 5191 455 5263 Prima
471 5192 762 5282 Oppathoviensis
784 5194 984 5283 praebenda
999 5216 1042 5265 ex
1061 5195 1288 5285 proventibus
1306 5195 1567 5285 templariorum
1583 5192 1738 5272 inundata
1754 5204 1793 5273 et

234 5302 355 5384 dotata
381 5319 445 5401 est,
471 5334 560 5404 quae
586 5313 783 5402 appellatur
808 5314 1106 5403 Oarwovvslra,
1133 5321 1169 5386 et
1194 5322 1355 5387 censetur
1381 5337 1457 5388 esse
1484 5317 1635 5389 caeteris
1658 5320 1795 5413 potior,-
