4050 6054
1669 458 1743 545 leb

193 667 311 755 anam
336 676 373 752 in
399 660 662 753 conventualem
689 672 877 770 translata,
913 666 1133 770 praepositus
1159 672 1345 752 modernus
1372 671 1525 756 Jaeebus
1551 701 1615 771 pre
1643 703 1680 753 se
1707 689 1745 754 et

193 801 265 873 suis
292 800 548 873 suecessoribus
575 801 668 872 illins
696 800 872 872 collationi
899 807 1067 891 perpetue
1094 801 1339 891 renuntiando,
1368 822 1405 873 se
1433 801 1615 874 abdicavit.

296 920 559 1013 Brsuczrczn,
595 921 678 993 villa
705 922 770 993 sub
796 922 963 1011 parochia
989 921 1154 993 ecelesiae
1191 922 1233 993 de
1259 922 1671 994 Raeziborewieze
1706 928 1743 995 et
1887 970 1901 989 .-

194 1064 302 1134 supra
328 1042 468 1115 flurium
493 1042 710 1135 Dlubnya
736 1043 819 1133 sita,
854 1040 981 1116 fundus
1011 1044 1198 1133 primarius
1233 1044 1495 1133 praepositurae
1521 1042 1555 1115 S.
1582 1044 1745 1134 Floriani,

193 1165 229 1236 in
257 1186 325 1256 qua
352 1170 406 1236 est
433 1164 530 1235 curia
555 1163 755 1255 praepositi,
782 1162 938 1236 aedificia
963 1165 1096 1237 babens
1122 1166 1222 1255 bene,
1249 1165 1380 1256 hortos,
1406 1165 1561 1255 pemeria
1581 1170 1616 1234 et
1633 1168 1744 1255 prata,

192 1287 325 1358 habens
352 1305 454 1375 agros
481 1285 676 1374 praediales
711 1281 895 1375 frugiferos
921 1285 1021 1356 etin
1048 1290 1198 1375 quatuor
1225 1305 1362 1374 campos
1391 1285 1530 1375 divisos,
1556 1284 1742 1374 dequibus

194 1406 352 1477 omnibus
379 1405 441 1477 dat
476 1405 643 1476 decimam
670 1405 921 1496 manipularem
956 1407 1165 1477 monasterie
1192 1411 1228 1477 et
1254 1406 1364 1495 priori
1391 1406 1426 1476 in
1454 1404 1648 1496 Skalka,
1684 1406 1743 1496 qui

192 1527 230 1598 in
255 1527 420 1599 horreum
447 1547 547 1598 suum
574 1546 650 1598 eam
676 1526 818 1598 inducit.
849 1526 937 1597 Item
965 1533 1046 1597 sunt
1073 1528 1108 1596 in
1136 1527 1254 1598 eadem
1282 1527 1366 1598 villa
1391 1526 1482 1596 lanei
1510 1504 1743 1597 emethonales

194 1647 312 1719 decem
338 1653 374 1719 et
400 1654 542 1738 septem,
570 1667 716 1738 querum
743 1647 888 1738 quilibet
914 1646 1019 1720 solvit
1049 1668 1113 1738 pre
1140 1668 1254 1719 annue
1283 1666 1386 1719 censu
1413 1646 1570 1736 praelato
1597 1667 1743 1736 praepo·

193 1768 271 1858 sito,
298 1789 361 1859 pro
387 1767 478 1839 leste
505 1766 539 1840 S.
557 1767 703 1839 Martini
729 1768 815 1840 duas
842 1788 976 1839 mareas
1002 1773 1039 1839 et
1056 1789 1162 1839 unum
1186 1766 1368 1858 ¹fertonem,
1396 1769 1480 1839 item
1506 1769 1652 1858 triginta
1670 1789 1747 1857 eva,

194 1890 277 1960 item
304 1889 391 1961 dues
419 1908 547 1979 caseos,
573 1887 658 1960 item
685 1889 772 1960 dnos
800 1909 959 1980 capones,
985 1889 1069 1961 item
1094 1889 1218 1960 choros
1244 1910 1351 1978 rapae
1370 1944 1377 1959 .
1396 1944 1404 1958 .
1423 1913 1459 1979 .;
1486 1889 1570 1960 item
1598 1888 1744 1979 quilibet

194 2011 330 2083 emetbo
358 2011 400 2082 de
427 2011 527 2082 laneo
562 2009 702 2083 laborat
727 2016 801 2082 tres
828 2011 902 2081 dies
928 2011 964 2081 in
992 2012 1187 2100 septimana
1221 2012 1363 2100 proprie
1399 2031 1504 2081 cumn
1539 2014 1600 2081 aut
1625 2016 1743 2081 aratro

193 2132 331 2225 integre
359 2152 459 2222 anne,
487 2132 569 2202 item
596 2131 761 2202 ducturas
788 2130 919 2203 faciunt
945 2132 981 2201 in
1008 2130 1095 2202 Cra
1108 2132 1283 2202 coviam
1311 2152 1353 2202 ex
1373 2131 1493 2202 ordine
1521 2130 1650 2221 absque
1678 2131 1743 2221 die,

194 2253 280 2323 alias
308 2258 423 2324 autom
459 2251 622 2333 ducturas
658 2252 790 2323 faciunt
817 2252 862 2323 ad
887 2253 1058 2324 rationem
1086 2252 1220 2322 dierum
1251 2253 1287 2322 in
1315 2253 1506 2352 septimana
1539 2252 1744 2323 debitorum.

192 2373 282 2445 Item
308 2379 390 2447 sunt
415 2375 452 2444 in
478 2374 599 2444 eadem
625 2373 709 2444 villa
735 2380 808 2444 tres
835 2375 1018 2463 tabernae,
1045 2378 1081 2444 et
1108 2373 1281 2463 quaelibet
1306 2374 1413 2444 babet
1439 2394 1559 2463 agros,
1598 2367 1744 2463 quarum

194 2495 306 2586 prima
331 2494 436 2567 solvit
472 2514 532 2566 sex
558 2514 710 2584 maresa,
746 2499 825 2565 ecte
853 2514 1018 2585 capones,
1054 2514 1160 2565 unum
1200 2494 1334 2566 oetuale
1371 2494 1557 2582 cervisiae;
1593 2493 1744 2564 secunda

194 2616 300 2688 etiam
326 2615 431 2689 solvit
456 2615 619 2706 totidem,
655 2614 817 2687 videlieet
844 2635 905 2686 sex
932 2635 1087 2704 mareas,
1123 2620 1201 2686 oete
1229 2635 1386 2707 capones,
1413 2620 1449 2686 et
1475 2635 1581 2686 unum
1607 2614 1743 2685 oetuale

194 2737 370 2827 cervisiae3
397 2737 503 2808 tertia
529 2737 676 2808 taberna
702 2736 806 2808 solvit
831 2741 904 2807 tres
931 2757 1066 2807 mareas
1093 2742 1130 2808 et
1156 2757 1261 2806 unum
1288 2735 1422 2808 actuale
1450 2736 1634 2826 cervisiae,
1660 2736 1744 2806 item

193 2856 237 2928 ad
264 2856 402 2929 labores
428 2879 499 2929 nen
535 2858 744 2948 obligantur.
787 2856 876 2928 Item
903 2862 985 2930 sunt
1011 2857 1046 2927 in
1074 2856 1194 2928 eadem
1221 2856 1304 2929 uilla
1340 2877 1400 2928 sex
1426 2854 1645 2928 hortulaniae
1671 2876 1740 2927 non

192 2976 362 3050 habentes
389 2998 515 3069 agreS,
546 2978 608 3049 sed
634 2976 745 3049 solum
771 2977 911 3069 hortas,
945 2978 1059 3067 prima
1086 2977 1192 3049 solvit
1221 2999 1326 3049 enam
1355 2998 1431 3049 eum
1458 2977 1571 3049 media
1597 2996 1741 3066 mareas,

193 3118 254 3169 sex
279 3098 409 3190 galles,
445 3098 596 3170 secunda
623 3098 728 3170 solvit
753 3120 857 3169 unam
884 3119 1053 3189 marcam,
1089 3099 1196 3169 tertia
1221 3106 1294 3171 tres
1320 3097 1490 3188 fertones,
1518 3104 1643 3188 quarta
1668 3103 1741 3169 tres

192 3217 355 3310 santoneo,
384 3220 505 3309 quinta
531 3227 604 3291 tres
631 3218 795 3309 fertones,
822 3226 922 3290 sexta
947 3224 1021 3290 tres
1048 3217 1220 3308 fertones;
1254 3220 1338 3291 item
1366 3219 1545 3310 praedicta
1571 3218 1653 3291 villa
1679 3219 1742 3289 ba-

194 3338 272 3411 buit
297 3338 365 3412 due
393 3339 590 3411 molendina
615 3340 652 3408 in
678 3339 817 3410 flumine
843 3338 1075 3430 Dlubnya,
1107 3360 1252 3429 quorum
1279 3361 1385 3409 unum
1412 3338 1530 3410 datum
1558 3339 1593 3409 in
1619 3338 1742 3410 haere-

193 3458 338 3532 ditatem
373 3466 577 3553 perpetuam
612 3460 717 3532 solvit
752 3460 1015 3550 praepositurae
1050 3479 1115 3550 pre
1142 3480 1256 3531 annue
1284 3480 1389 3531 censu
1425 3466 1559 3550 septem
1596 3480 1740 3550 mareas,

195 3588 273 3653 octe
301 3602 459 3674 capones,
487 3603 591 3652 unum
619 3581 753 3653 oetuale
781 3581 966 3672 cervisiae,
995 3580 1090 3651 aliud
1117 3581 1221 3652 solvit
1246 3602 1369 3653 novem
1396 3602 1530 3651 mareas
1558 3588 1594 3652 et
1620 3601 1743 3652 novem

118 3728 121 3733 ·
194 3719 352 3792 capones,
378 3702 535 3773 item'ad
552 3699 739 3799 peccabam
765 3706 937 3790 utranque
963 3707 1129 3772 tenentur
1149 3702 1357 3791 emetbenes,
1383 3701 1635 3791 tabernatores,
1661 3701 1744 3772 hor-

192 3816 304 3893 tulani
330 3828 367 3894 et
394 3844 513 3894 eorum
544 3822 724 3913 inquilini;
759 3823 842 3894 item
869 3822 1103 3893 emetbenales
1139 3844 1257 3894 omnes
1284 3823 1362 3912 agri
1398 3823 1539 3894 solvunt
1574 3822 1741 3893 decimam

192 3943 444 4034 manipularem
471 3950 508 4016 et
534 3965 597 4036 per
625 3949 775 4034 quatuor
801 3945 938 4035 ierngas
966 3943 1165 4034 canapalem
1201 3944 1463 4034 praepositurae
1490 3943 1678 4035 praefatae,
1705 3949 1742 4015 et

193 4070 357 4137 tenentur
384 4086 460 4137 eam
486 4067 638 4157 propriis
665 4066 825 4137 curribus
852 4066 889 4137 In
915 4065 1080 4137 horreum
1106 4065 1297 4157 praepositi
1325 4065 1497 4156 inducere,
1524 4066 1620 4136 euius
1646 4065 1745 4138 valer

195 4185 399 4258 aestimatur
426 4186 470 4258 ad
498 4186 728 4277 qnadraginta
755 4206 898 4257 mareas.
1254 4194 1256 4199 ’

297 4308 385 4379 Item
412 4310 660 4380 monasterium
696 4307 828 4399 ordinis
863 4307 958 4378 beati
989 4305 1089 4378 Pauli
1123 4306 1228 4396 primi
1267 4307 1457 4378 heremitae
1485 4307 1527 4378 de
1554 4303 1743 4398 Skalka,

193 4429 287 4500 tellit
322 4429 487 4501 decimam
524 4428 773 4520 manipularem
809 4427 851 4499 de
879 4428 973 4518 agris
1000 4426 1234 4516 praedialibus
1271 4429 1552 4521 praepositurae,
1588 4429 1672 4500 item
1699 4428 1742 4500 de

194 4550 288 4641 agris
315 4551 438 4641 tribue,
470 4551 543 4622 siue
570 4551 767 4640 iugeribus,
803 4556 839 4620 et
865 4549 977 4641 primo
1004 4549 1047 4621 de
1074 4570 1159 4639 agre
1195 4549 1477 4622 molendinatoris
1512 4569 1555 4621 ex
1582 4550 1742 4639 opposite

193 4669 367 4743 Inferioris
394 4671 581 4743 molendini
607 4672 692 4761 sito,
719 4675 756 4741 et
782 4670 987 4761 quibusdam
1013 4669 1124 4760 ervis,
1159 4671 1242 4741 item
1270 4670 1313 4741 de
1339 4690 1423 4761 agro
1451 4669 1620 4759 praediali
1646 4675 1741 4741 retro

49 4812 53 4829 ·
194 4791 334 4883 curiam,
361 4792 421 4883 qui
448 4792 576 4865 dieitur
594 4789 772 4887 pewalme,
799 4792 883 4863 item
909 4791 952 4863 de
978 4791 1151 4882 aliquibus
1178 4792 1272 4882 agris
1300 4791 1436 4863 Nicolai
1462 4788 1596 4882 Krel,
1633 4788 1744 4864 Geor·

158 4962 161 4969 -
194 4914 244 5003 gii
271 4913 428 4986 Szidlo
457 4914 685 5004 emethonum,
712 4912 795 4985 item
816 4912 951 4984 Nicolai
969 4912 1147 4985 Kostur
1173 4919 1210 4983 et
1235 4911 1406 4984 Jobannis
1431 4911 1591 4992 Szidlo
1626 4912 1744 4984 taber·

194 5040 367 5124 natorum,
387 5035 446 5125 qui
464 5033 636 5124 quondam
654 5038 755 5104 erant
772 5033 977 5124 praediales,
996 5034 1093 5104 onius
1112 5033 1211 5105 valor
1229 5032 1432 5104 aestimatur
1449 5031 1494 5102 ad
1520 5051 1582 5103 sex
1600 5052 1743 5111 marcas.

298 5154 387 5227 Item
413 5154 496 5227 oilla
522 5154 681 5245 praefata
708 5154 858 5226 confinat
885 5176 962 5225 eum
988 5154 1081 5225 villis
1112 5153 1478 5244 Mistrzewieze,
1505 5152 1743 5245 (lrzyesla-

193 5277 339 5347 wiese.
368 5276 456 5348 Item
482 5276 726 5366 praepositura
762 5275 919 5365 praelata
953 5276 1060 5346 habet
1087 5274 1218 5345 curiam
1246 5274 1433 5345 notabilem
1461 5274 1496 5347 in
1524 5272 1743 5369 Gleparz,
