4050 6054
234 428 308 502 528

229 636 398 708 habentes
423 656 545 727 agros,
571 632 615 707 de
642 633 766 726 quihus
792 631 940 707 solvitur
965 629 1100 704 decima
1124 630 1351 722 manipularis
1375 630 1544 703 eeclesiae
1567 637 1606 703 91
1631 629 1792 722 plebano

230 757 266 826 in
291 756 594 845 Maloschow;
620 756 704 827 item
738 757 776 826 in
811 754 932 827 eadem
966 754 1051 826 villa
1086 758 1142 825 est
1167 752 1348 844 praedium
1373 753 1513 824 unicum
1537 753 1716 843 militare,
1744 751 1792 824 de

230 879 327 950 99199
353 879 448 968 agris
474 878 623 949 solvitur
650 876 784 948 decima
801 875 1027 966 manipularis
1045 875 1210 947 ecclesiae
1228 874 1420 965 parochiali
1437 876 1473 945 in
1491 874 1793 947 Maloschow.

334 996 692 1088 Gsonznsowrczn,
720 998 804 1069 villa
837 997 903 1070 991
937 997 1104 1087 parochia
1138 996 1304 1068 ecclesiae
1340 996 1383 1068 (19
1408 997 1681 1067 1199999999
1706 996 1791 1085 9119,

230 1119 328 1190 99199
354 1121 552 1210 proprietas
579 1119 623 1189 ad
650 1120 850 1208 episcopum
875 1115 1140 1189 Gracosiensem
1166 1118 1329 1207 pertinet,
1355 1117 1392 1188 in
1418 1137 1489 1207 qua
1508 1121 1591 1188 9991
1606 1120 1689 1189 9919
1706 1136 1791 1188 cum

230 1240 344 1311 medio
371 1240 463 1311 lanei
489 1239 731 1328 emethonales,
758 1238 801 1309 (19
828 1238 953 1331 quibus
979 1239 1138 1310 omnibus
1165 1238 1314 1311 solvitur
1340 1238 1475 1309 decima
1499 1237 1731 1327 manipularis
1753 1243 1792 1309 et

230 1381 295 1450 per
329 1367 479 1451 quatuor
524 1362 663 1449 ierugas
698 1360 874 1449 canapalis
917 1359 1095 1431 custodiae
1131 1365 1166 1430 et
1211 1359 1386 1430 canonicis
1429 1358 1791 1448 Scarbimiriensibus,

230 1488 266 1553 et
284 1483 483 1553 emethones
500 1486 665 1553 tenentur
682 1481 777 1552 illam
795 1482 921 1552 ducere
938 1481 1089 1570 propriis
1116 1481 1275 1552 curribus
1302 1482 1337 1550 in
1356 1480 1520 1552 horreum
1546 1500 1568 1551 a
1586 1479 1735 1551 custode
1753 1486 1793 1551 et

232 1604 406 1675 canonicis
433 1603 615 1674 locandum
642 1608 678 1673 et
705 1602 804 1674 valor
830 1602 905 1673 9199
932 1603 1137 1673 aestimatur
1163 1602 1208 1672 ad
1235 1608 1312 1674 octo
1335 1622 1479 1672 marcas.
1504 1602 1593 1673 11999
1609 1602 1647 1673 19
1664 1600 1792 1673 eada·

232 1724 316 1796 villa
350 1745 420 1795 non
455 1729 511 1796 est
545 1723 686 1815 aliquod
712 1723 911 1813 praedium,
937 1744 1007 1796 non
1032 1722 1188 1813 taberna,
1216 1744 1286 1795 non
1312 1722 1529 1813 hortulanis,
1556 1743 1625 1795 non
1651 1723 1792 1795 molen-

233 1845 360 1917 dinum.
1233 1832 1244 1847 ⁹

342 1963 552 2056 Gnccnow,
578 1966 661 2037 silla
695 1966 758 2038 sub
785 1965 950 2056 parochia
976 1965 1141 2035 ecclesiae
1168 1965 1210 2036 de
1241 1963 1547 2036 Scarbimiria
1571 1965 1660 2053 sita,
1687 1964 1794 2036 euius

232 2087 357 2158 haeres
383 2086 548 2158 Nicolaus
575 2086 603 2156 P
611 2088 738 2177 pwko
766 2085 809 2156 de
835 2086 864 2155 Z
873 2091 1087 2177 astapow,
1114 2086 1240 2157 nobilis
1268 2085 1311 2157 de
1337 2087 1444 2157 armis
1470 2085 1722 2176 Habdank,
1752 2087 1793 2157 in

232 2229 300 2299 qna
327 2212 408 2278 sunt
434 2228 494 2278 sex
521 2209 613 2278 lanei
640 2207 884 2297 emethonales,
910 2206 993 2279 item
1020 2227 1090 2277 una
1115 2207 1263 2277 taberna
1288 2206 1421 2278 habens
1448 2227 1562 2298 agros,
1588 2208 1676 2277 item
1694 2206 1792 2279 duae

232 2329 450 2401 hortulaniae
477 2329 645 2400 hahentes
673 2349 785 2419 agros
813 2329 856 2401 (19
884 2328 1008 2418 quibus
1036 2328 1194 2398 omnibns
1222 2327 1369 2399 solvitur
1395 2327 1530 2399 custodi
1557 2333 1592 2398 et
1609 2329 1796 2399 canonicis

232 2448 574 2520 Scarbimirionsibus
610 2450 646 2518 in
682 2469 861 2521 commune
896 2447 1031 2519 decima
1065 2449 1290 2541 manipularis
1317 2452 1354 2519 et
1378 2468 1443 2538 per
1468 2454 1618 2539 quatuor
1643 2449 1795 2539 ierngas

231 2570 417 2660 canapalis,
443 2575 480 2640 et
506 2570 637 2640 ducunt
662 2590 738 2640 earu
766 2570 964 2641 cmethones
990 2570 1142 2658 propriis
1169 2571 1328 2640 curribus
1355 2571 1391 2640 in
1417 2569 1581 2642 horreum
1599 2590 1622 2640 a
1637 2568 1794 2641 custode

232 2691 288 2763 vel
314 2692 430 2782 aliquo
466 2710 508 2760 ex
536 2691 709 2762 canonicis
735 2690 936 2781 locandum,
963 2699 1000 2762 et
1027 2691 1124 2761 valor
1151 2692 1225 2762 9199
1251 2692 1457 2762 aestimatur
1482 2690 1527 2762 ad
1553 2710 1615 2763 sex
1640 2710 1796 2765 9999999

232 2811 321 2884 Item
346 2811 383 2881 in
409 2810 529 2882 eadem
556 2811 639 2881 villa
665 2816 719 2883 est
745 2811 925 2902 praedium
952 2811 1150 2883 canonicale
1181 2811 1400 2902 praebendae
1427 2817 1572 2902 quartae
1597 2810 1796 2885 Scarbimi-

232 2931 368 3021 riensis,
396 2931 509 3002 dictae
537 2928 768 3022 Glugochska,
786 2931 831 3002 ad
849 2931 935 3003 duos
952 2932 1072 3005 laneos
1091 2933 1321 3023 aestimatum,
1339 2933 1383 3004 de
1401 2953 1469 3023 quo
1487 2932 1636 3005 solvitur
1651 2932 1797 3005 (1991999

233 3052 457 3141 manipularis
492 3052 622 3124 vicario
657 3053 811 3125 eiusdem
845 3052 1083 3142 praebendac;
1110 3054 1194 3124 item
1229 3054 1265 3124 19
1301 3054 1421 3126 eadem
1452 3053 1536 3125 villa
1562 3058 1618 3124 991
1642 3053 1795 3126 unicum

233 3172 414 3263 praedium
438 3173 600 3263 militare,
627 3173 670 3245 de
698 3175 794 3246 cuius
820 3175 915 3265 agris
934 3175 1082 3247 solvitur
1100 3175 1233 3247 decima
1249 3175 1476 3265 manipularis
1493 3175 1660 3247 ecclesiae
1678 3195 1793 3265 paro·

233 3295 336 3366 911911
362 3296 398 3366 19
425 3295 779 3385 Nyeoraschow.

342 3415 542 3507 Ponoarn,
568 3417 651 3489 villa
685 3419 749 3489 snb
784 3418 949 3506 parochia
975 3418 1140 3490 ecclesiae
1166 3416 1210 3489 do
1235 3416 1546 3490 Scarbimiria
1571 3420 1659 3510 sita,
1686 3420 1794 3493 99199

232 3535 356 3609 haeres
383 3536 509 3609 Petrus
535 3537 820 3628 Morawiecz,
846 3539 973 3611 nobilis
1000 3539 1043 3610 de
1071 3540 1177 3610 armis
1203 3537 1405 3630 Powala,
1432 3539 1468 3610 in
1496 3543 1672 3629 quaeunt
1700 3562 1793 3632 qua·

231 3658 424 3731 tuordecim
450 3659 541 3730 lanei
573 3659 825 3749 emethonales,
852 3660 936 3731 item
961 3660 1181 3731 hortulaniac
1209 3665 1376 3750 quatuor,
1403 3659 1446 3732 (19
1474 3661 1598 3750 quibus
1625 3662 1792 3733 omnibus

231 3779 378 3851 solvitur
405 3779 538 3851 decima
563 3780 788 3870 manipularis
814 3786 851 3851 et
878 3801 940 3870 per
959 3786 1109 3871 quatuor
1127 3782 1265 3870 ierugas
1284 3781 1458 3870 canapalis
1476 3781 1611 3852 custodi
1628 3786 1665 3852 et
1682 3802 1792 3853 cano·

232 3902 319 3972 91919
345 3900 697 3991 Scarbimiriensibus
724 3906 761 3972 et
786 3900 917 3991 ducunt
943 3922 1020 3971 earn
1046 3903 1245 3973 emethones
1263 3903 1414 3993 propriis
1433 3903 1591 3974 curribus
1608 3902 1645 3973 in
1662 3902 1791 3975 horre-

231 4040 289 4093 um
316 4042 338 4092 a
363 4022 506 4094 custode
532 4022 588 4094 991
614 4020 788 4093 canonicis
814 4021 995 4093 locandum
1022 4028 1058 4093 et
1084 4022 1183 4094 valor
1210 4023 1284 4094 eius
1302 4023 1507 4095 aestimatur
1525 4023 1569 4094 ad
1588 4022 1790 4112 quindecim

233 4162 385 4232 marcas;
412 4143 496 4213 item
523 4144 559 4214 in
587 4142 708 4214 eadem
734 4142 818 4214 villa
843 4149 899 4215 991
915 4143 1054 4214 unicum
1071 4143 1252 4233 praedium
1271 4144 1432 4234 militare,
1449 4145 1533 4215 item
1551 4165 1620 4214 una
1636 4145 1790 4218 taberna

232 4264 364 4335 hahens
399 4284 503 4355 agros
539 4285 582 4335 ex
617 4263 779 4354 praedio,
807 4263 849 4334 de
881 4264 1006 4354 quibus
1033 4264 1180 4336 solvitur
1207 4265 1340 4336 decima
1364 4265 1590 4355 manipularis
1616 4265 1790 4337 eeclesiae
1818 4360 1828 4371 .

231 4385 423 4476 parochiali
458 4387 495 4457 in
530 4385 896 4476 Dzaloschyeze3
922 4386 1006 4456 item
1041 4393 1096 4458 est
1131 4386 1180 4458 ibi
1215 4387 1468 4477 molendinum,
1494 4386 1653 4458 sednon
1677 4386 1790 4459 habet

231 4526 347 4597 agros,
373 4507 471 4579 valor
497 4505 650 4577 decimae
676 4506 864 4596 praedialis
891 4505 936 4577 ad
963 4511 1112 4596 quatuor
1137 4527 1282 4578 marcas.

335 4628 670 4717 Sezoosrowrczn,
697 4627 781 4698 villa
807 4628 872 4699 sub
899 4628 1065 4717 parochia
1091 4628 1256 4699 ecclesiae
1275 4627 1318 4698 de
1336 4627 1681 4699 Dzalosehicze
1708 4629 1790 4719 9119,

231 4751 329 4823 cuius
354 4750 480 4822 haeres
505 4748 683 4823 Johannes
710 4748 1015 4839 Oziszowsky,
1041 4749 1168 4819 nobilis
1195 4749 1238 4820 (19
1266 4749 1373 4820 armis
1392 4747 1642 4839 Poluhoza,
1660 4748 1697 4821 in
1717 4752 1790 4841 qna

230 4877 313 4945 9991
339 4878 490 4963 quatuor
515 4870 606 4941 lanei
632 4870 876 4960 emethonales,
902 4870 985 4940 item
1012 4891 1081 4940 una
1099 4869 1299 4941 hortularia
1316 4870 1447 4941 habens
1465 4890 1578 4960 agros,
1595 4869 1788 4961 dequibus

231 4993 389 5065 omnibus
417 4992 565 5064 solvitur
591 4990 726 5063 decima
750 4990 978 5082 manipularis
996 4997 1031 5062 et
1049 5012 1113 5080 per
1131 4997 1281 5082 quatuor
1298 4990 1437 5081 ier-ogas
1455 4990 1631 5081 canapalia
1646 4990 1788 5063 custodi

231 5120 267 5185 et
302 5114 476 5186 canonicis
512 5112 871 5202 ScarbimiriensibuS,
896 5116 933 5183 et
959 5112 1091 5183 ducunt
1117 5132 1194 5182 eam
1221 5112 1419 5183 cmethones
1446 5111 1598 5203 propriis
1622 5112 1789 5185 99991199

231 5236 268 5306 19
303 5237 467 5309 horreum
504 5257 525 5307 a
561 5236 702 5306 custode
737 5240 774 5305 et
808 5233 983 5305 canonicis
1009 5232 1191 5303 locandum
1219 5239 1256 5304 et
1282 5233 1380 5304 valor
1406 5232 1481 5304 eius
1507 5232 1713 5305 aestimatur
1741 5233 1790 5305 ad

230 5378 292 5427 sex
317 5376 470 5447 marcas;
498 5358 582 5428 item
608 5377 677 5427 non
703 5362 758 5428 est
784 5354 965 5445 praedium
991 5353 1142 5445 aliquod,
1169 5374 1280 5445 neque
1306 5354 1462 5425 taberna.
