4050 6054
256 477 329 548 228
396 545 404 561 ,

249 678 398 770 praefati
424 699 546 748 census
573 678 737 747 continua
762 681 798 744 et
823 674 967 764 pacifica
992 672 1217 761 possessione.
1250 598 1507 860 NP&
1533 666 1620 739 a'iios
1646 686 1798 756 proven-

250 805 307 869 tus
333 802 577 888 praeterquam
613 794 742 866 dictum
769 814 909 865 censum
935 793 1040 863 trium
1067 810 1260 862 marcarum
1286 790 1333 859 ha
1377 795 1393 860 t
1419 786 1530 859 altare
1556 791 1799 889 memoratum,

250 923 286 988 et
311 917 343 987 si
370 917 429 1006 qui
463 915 580 988 forsan
610 912 734 1003 fuerit,
761 911 974 984 fundationis
1000 911 1182 1001 privilegio
1209 908 1409 999 deperdito,
1435 907 1509 978 et
1498 906 1566 997 ipsi
1591 904 1689 978 inere
1712 922 1800 1005 ῃ,-

250 1035 385 1124 pressi.
594 1066 618 1095 ,ι
1340 1078 1344 1085 ,
1706 1012 1768 1108 js

353 1151 501 1225 Coliatio
527 1152 650 1225 altaris
675 1149 823 1241 praefati
849 1154 886 1222 et
912 1150 987 1221 eius
1013 1149 1233 1240 iuspatrouat
1233 1168 1275 1218 us
1301 1167 1344 1218 ex
1362 1146 1507 1237 antiqua
1523 1152 1561 1217 ct
1577 1144 1799 1236 praescripta

291 1271 497 1345 nsvetudine
522 1271 693 1360 pertinuit
719 1275 755 1341 et
782 1270 961 1359 spectavit,
987 1267 1231 1358 pertinereque
1256 1270 1294 1338 et
1319 1271 1478 1356 spectare
1492 1265 1609 1337 debet
1634 1263 1679 1335 ad
1703 1263 1801 1354 eapi-

233 1293 381 1507 10111111.
390 1389 618 1463 Gracoviense
642 1388 783 1481 pleno
773 1408 859 1459 rure

1618 1454 1853 1615 Ab

315 1632 461 1715 Aitara
492 1590 673 1736 quatuor
706 1631 955 1713 Doctorum:
989 1576 1231 1731 Hieronimi‚
1263 1627 1495 1732 Augustini,
1527 1626 1735 1730 Gregorii,
1781 1665 1787 1674 ·

919 1767 1144 1848 Ambrosii.

358 1989 480 2060 Altare
516 1987 719 2060 Sanctorum
746 1991 895 2077 quatuor
920 1987 1127 2058 Doctomm:
1155 1984 1367 2071 Hieronimi‚
1394 1981 1599 2073 Augustini,
1626 1979 1801 2072 Gregorii,

254 2110 439 2197 Ambrosii,
466 2108 583 2179 Sancti
610 2107 725 2178 Alexii
742 2113 779 2178 et
804 2105 952 2177 Sanctae
970 2104 1106 2176 Mariae
1124 2104 1359 2195 Aegyptiacae
1376 2104 1412 2174 in
1430 2099 1814 2174 οιι1ιι1ι11ιιοοι1ιιι·1

255 2230 379 2315 simon
405 2228 513 2299 habet
539 2227 705 2316 capellam
730 2226 922 2315 propriam,
948 2224 1010 2295 sed
1036 2225 1140 2295 situm
1167 2224 1283 2294 estin
1310 2222 1455 2313 angulo,
1481 2226 1604 2292 contra
1634 2220 1804 2310 capellam

256 2347 289 2420 S.
321 2346 472 2418 Thomae
510 2344 787 2433 (iantuariensis,
824 2343 916 2433 quod
954 2343 1008 2417 vir
1048 2342 1191 2414 devotus
1228 2341 1413 2430 Nowek,
1447 2341 1633 2413 canonicus
1669 2339 1804 2412 Sando-

259 2467 450 2553 miriensiS‚
486 2486 515 2534 a.
541 2464 583 2534 D.
614 2464 721 2534 1406.
749 2483 791 2534 ex
826 2460 1035 2553 patrimonio
1069 2464 1210 2552 proprio
1245 2461 1421 2550 fundavit,
1448 2481 1520 2550 pro·
1537 2481 1606 2531 uno
1633 2465 1805 2550 perpetuo

107 2598 113 2618 ¹
259 2586 440 2674 collegiato
466 2585 502 2654 in
529 2583 756 2654 universitate
783 2581 890 2653 studii
917 2580 1174 2669 cracoviensis3
1200 2581 1236 2651 in
1263 2581 1360 2652 cuius
1387 2578 1503 2652 dotem
1528 2600 1632 2650 unam
1649 2584 1804 2650 tantum-

148 2698 150 2701 ’
256 2704 359 2775 modo
386 2702 523 2773 domum
550 2701 694 2772 acialem
720 2701 886 2772 ecciesiae
912 2700 945 2771 S.
971 2699 1107 2771 Mariae
1132 2699 1361 2789 Magdalenae
1389 2705 1424 2770 et
1449 2699 1659 2771 monasterio
1678 2696 1710 2769 S.
1728 2697 1806 2768 An-

258 2823 397 2895 dreae
387 2844 423 2892 ιιι
451 2820 674 2892 Gracovia
701 2818 963 2909 confroutatam,
990 2819 1095 2908 dedit,
1123 2823 1203 2890 cont
1187 2818 1270 2889 tulit
1296 2824 1333 2890 et
1350 2818 1549 2907 assignavit,
1567 2838 1655 2909 quae
1667 2817 1805 2907 partim
1879 2826 1887 2837 '

257 2944 312 3013 est
337 2941 453 3031 lignea
478 2940 606 3029 partim
632 2943 778 3010 murata
805 2936 992 3010 Gonsvevit
1008 2945 1124 3009 autem
1143 2938 1263 3009 domus
1282 2937 1438 3028 praefata
1456 2938 1632 3009 conveniri
1648 2943 1686 3017 et
1700 2956 1807 3008 men-

259 3060 335 3130 dtri
369 3059 566 3147 annuatim,
591 3059 766 3130 interdum
793 3078 856 3147 pro
884 3065 1016 3147 septem
1042 3058 1186 3147 marcis,
1212 3058 1265 3128 int
1249 3058 1386 3129 tardum
1411 3078 1476 3146 pro
1504 3064 1602 3146 octo,
1628 3018 1806 3129 ubuum
1916 3108 1922 3120 .

259 3201 323 3269 pro
350 3199 473 3249 novem
499 3179 635 3266 marcia,
661 3182 699 3248 οι
724 3177 906 3249 universus
932 3197 1054 3248 census
1081 3197 1124 3248 ex
1153 3177 1215 3247 iila
1241 3175 1342 3248 domo
1368 3177 1462 3248 cedit
1482 3176 1662 3248 altaristae
1680 3181 1717 3246 et
1735 3175 1807 3246 coi-

257 3297 386 3386 legiato
425 3296 600 3386 praefatum
636 3317 756 3368 verum
794 3297 974 3387 praedicta
1012 3297 1135 3368 domus
1168 3295 1341 3386 frequenti
1378 3297 1601 3386 reparatione
1635 3295 1808 3385 indigens,

259 3416 437 3486 altaristae
462 3417 580 3507 gravis
607 3421 662 3486 est
687 3421 724 3495 et
741 3436 898 3505 onerosa,
923 3417 982 3505 qui
1000 3415 1047 3486 ad
1064 3412 1282 3486 reficiendam
1300 3436 1375 3486 eam
1394 3415 1586 3504 intendens,
1604 3414 1682 3504 pius
1700 3434 1807 3505 saepe

261 3554 404 3606 numero
432 3535 608 3626 impendit,
636 3556 738 3625 quarn
755 3555 794 3606 re
794 3533 873 3606 fert.
899 3533 1179 3636 Appellationem
1197 3538 1314 3604 autem
1333 3534 1443 3605 altare
1460 3532 1655 3625 praefatum
1672 3534 1808 3624 accepit

260 3674 282 3724 a
308 3654 509 3744 cognomine
543 3653 756 3744 fundatoris,
783 3659 820 3726 et
854 3659 998 3725 vocatur
1025 3653 1254 3725 communiter
1281 3654 1391 3725 altare
1417 3652 1680 3753 Nowkonis,
1699 3653 1807 3724 cuius

260 3772 398 3844 collatio
434 3777 471 3844 et
496 3774 756 3864 iuspatronatus
790 3773 945 3864 pertinet
972 3773 1016 3843 ad
1043 3773 1200 3844 doctores
1227 3779 1264 3844 et
1289 3774 1474 3863 magistros
1501 3772 1648 3863 collegii·
1662 3773 1806 3845 artistu-
1844 3866 1850 3876 „

259 3912 336 3960 rum
362 3892 399 3960 in
426 3890 656 3963 (iracovia
680 3892 783 3982 pleno
809 3893 905 3983 iure,
931 3898 968 3964 et
994 3893 1090 3964 cuius
1119 3892 1278 3964 altarista
1302 3913 1366 3983 pro
1394 3897 1551 3982 tempore
1575 3893 1673 3964 iuxta
1697 3892 1806 3982 privi-

259 4009 388 4097 legium
422 4007 635 4081 fundationis
668 4010 767 4082 Petri
796 4009 951 4083 Wisch
985 4012 1137 4101 episcopi
1164 4010 1418 4102 (iracoviensis,
1446 4011 1538 4102 quod
1675 4011 1804 4084 viensis

262 4126 468 4198 universitas
495 4127 639 4219 obtinet,
665 4134 805 4202 tenetur
831 4130 959 4219 duplici
986 4130 1300 4221 onere,‚videlicet
1326 4129 1543 4220 adleganda
1600 4149 1706 4202 unam
1739 4131 1807 4201 lec-

261 4246 427 4315 tionem
417 4267 453 4316 m
480 4245 623 4339 collegio
651 4248 853 4319 artistarum
879 4252 942 4338 p'ro
970 4249 1189 4322 studentibus
1224 4251 1494 4341 quibuscumque
1522 4247 1630 4320 studii
1657 4247 1806 4339 praefati

260 4364 297 4434 in
324 4361 558 4436 Grammatica
584 4371 646 4437 aut
671 4367 869 4499 Rhetorica,
894 4368 1040 4458 singuiis
1066 4369 1253 4456 diebus,t
1225 4375 1309 4439 rtem
1336 4368 1588 4459 adlegandum
1615 4369 1703 4440 duas
1721 4367 1803 4440 mis·
1908 4372 1912 4380 '

261 4503 317 4553 sas
345 4483 489 4573 singulis
515 4484 741 4557 hebdomadis
759 4502 855 4559 crrua
859 4486 981 4599 ,altare
998 4487 1223 4579 praedictum,
1241 4509 1345 4560 unam
1363 4488 1607 4579 videlicetpro
1626 4486 1805 4605 defunctus,

262 4601 405 4673 aiteram
433 4623 516 4674 vero
543 4623 606 4692 pro
633 4605 794 4693 peccatis.
1591 4673 1617 4719 ο

599 4818 775 4967 Aiiara
807 4863 1237 4945 ΡιιοιοιιιιιΙοιιίιθ.
1268 4864 1500 4967 Mariae.
1725 4962 1766 5029 r

367 5079 438 5152 Sub
464 5080 669 5171 pontificatu
694 5079 832 5179 Aiberti
858 5081 881 5153 J
890 5083 1247 5173 astrzpmbyecz,
1274 5085 1426 5175 episcopi
1452 5038 1706 5175 Cracoviensis,
1716 5086 1806 5157 aD

262 5178 424 5272 videlicet
453 5200 561 5272 1420.
587 5205 625 5271 et
649 5201 693 5272 de
718 5172 869 5291 praefati
894 5199 1033 5273 Aiberti
1059 5202 1212 5293 episcopi
1238 5204 1379 5293 speciali
1404 5202 1546 5277 licentia
1571 5211 1608 5277 et
1626 5226 1809 5293 consensu,

263 5317 374 5396 altare
400 5319 465 5392 sub
490 5319 623 5401 honore
650 5324 686 5397 et
712 5320 814 5399 titulo
842 5317 1006 5418 Corporis
1033 5319 1173 5412 unum,
1191 5321 1487 5398 Praesentationis
1505 5323 1652 5397 Sanctae
1669 5324 1806 5398 Mariae
