4050 6054
490 458 564 530 552

487 664 731 754 quoquomodo,
750 661 925 752 impedire,
952 658 1223 751 indignationem
1241 656 1495 751 Omnipotentis
1512 656 1578 731 Dei
1595 664 1632 731 31
1648 656 1859 733 Β303110133
1878 659 2007 754 Virgit

485 784 618 854 Mariae
645 790 681 854 et
708 781 853 853 8300133
881 780 1143 870 Margarethae·
1155 803 1219 870 pro
1247 802 1308 852 suo
1335 782 1465 851 scelere
1491 785 1703 870 recepturus.
1742 780 1893 854 Obtinet
1921 790 2025 855 3013

342 966 351 973 .,
485 904 613 975 dictam
640 902 832 975 custodiam
860 900 1026 972 Albertus
1053 902 1244 991 presbyter,
1272 900 1397 972 nobilis
1425 901 1467 971 13
1495 900 1595 971 1000
1614 899 1923 996 1001011000,
1943 906 2020 976 001

485 1024 623 1113 quidem
649 1022 827 1093 custodiae
854 1020 1066 1110 infrascripti
1095 1028 1176 1092 sunt
1202 1026 1399 1111 proventus.

579 1122 819 1237 §aurosum
846 1141 938 1229 villa,
964 1140 1095 1211 habens
1122 1140 1158 1210 in
1186 1161 1222 1210 se
1246 1140 1424 1210 ecclesiam
1443 1141 1674 1239 parochialem
1692 1141 1853 1232 ligneam,
1873 1143 1912 1213 in
1931 1144 2025 1216 hon

485 1283 559 1334 rem
586 1262 619 1333 S.
646 1261 905 1333 Bartholomaei
932 1260 1119 1355 fundatam,
1146 1261 1181 1330 in
1209 1281 1277 1351 qua
1303 1267 1384 1331 sunt
1411 1267 1488 1332 0010
1514 1261 1605 1333 13031
1624 1263 1868 1353 cmethonales‚
1889 1285 1964 1354 quo
1997 1294 2025 1328 ιι

486 1383 632 1473 quilibet
659 1382 762 1453 solvit
788 1381 887 1451 annis
914 1381 1059 1470 singulis
1086 1401 1149 1469 pro
1176 1401 1289 1452 annuo
1317 1402 1422 1451 censu
1447 1402 1550 1452 unam
1576 1402 1726 1453 marcam
1752 1384 1938 1456 custodiae
1958 1384 2025 1457 Sat

485 1503 644 1574 13033031
670 1502 836 1591 pecuniae
865 1502 994 1572 usualis
1022 1502 1210 1572 communis
1237 1502 1335 1591 regni
1361 1501 1535 1572 Poloniae.
1562 1501 1648 1572 Item
1667 1502 1815 1593 praefati
1834 1505 2024 1577 cmethon

486 1644 555 1693 non
582 1621 713 1692 faciunt
739 1622 872 1710 aliquos
900 1621 1037 1692 labores
1064 1641 1174 1711 neque
1201 1620 1375 1709 ducturas,
1402 1621 1463 1691 sed
1482 1622 1627 1712 quilibet
1645 1604 1764 1694 eorum
1781 1624 1923 1696 ratione
1944 1626 2025 1698 13..

487 1765 564 1813 rum
592 1741 714 1830 soluit,
741 1741 813 1811 sive
841 1741 985 1812 multum
1012 1742 1140 1812 habeat
1167 1741 1210 1811 13
1236 1742 1349 1832 agris,
1376 1742 1448 1812 sive
1475 1763 1616 1833 parum,
1644 1743 1778 1815 custodi
1805 1744 2020 1821 Sandeczen

489 1862 575 1933 duos
600 1882 750 1952 grossos.
776 1860 864 1931 Item
891 1860 1039 1952 praefati
1066 1882 1182 1932 omnes
1210 1863 1407 1932 cmethones
1434 1863 1536 1933 villae
1562 1862 1758 1952 praedictae
1785 1865 1930 1937 solvunt
1952 1867 2024 1941 dec

356 1990 361 1998 '
487 2003 576 2053 mam
612 1981 861 2071 manipularem
898 1988 934 2052 31
967 2002 1030 2071 per
1058 1988 1207 2071 quatuor
1234 1983 1372 2072 ierugas
1400 1983 1599 2073 canapalem
1626 1985 1787 2075 episcopo
1815 1984 2021 2064 Gracovien

485 2108 521 2173 et
546 2103 675 2174 ducunt
702 2121 778 2173 eam
804 2103 1005 2173 cmethones
1031 2103 1184 2192 propriis
1211 2104 1371 2174 curribus
1398 2104 1434 2173 in
1460 2104 1623 2175 horreum
1651 2107 1694 2177 ab
1721 2106 1886 2196 episcopo
1915 2108 2022 2181 locat

488 2223 577 2313 dum,
605 2229 641 2294 et
668 2223 765 2295 valor
792 2222 994 2293 aestimatur
1021 2223 1095 2294 eius
1122 2224 1167 2294 ad
1194 2229 1272 2295 0010
1299 2245 1443 2295 marcas.
1469 2224 1557 2295 item
1583 2225 1757 2311 tabernae,
1776 2226 1859 2297 item
1879 2228 2025 2302 hortul

487 2345 575 2431 ulae,
603 2344 686 2415 item
713 2342 893 2434 praedium
919 2364 988 2413 non
1015 2350 1070 2414 331
1096 2344 1235 2435 aliquod
1257 2345 1294 2413 in
1313 2345 1431 2415 eadem
1450 2345 1541 2416 villa.
1567 2346 1657 2417 Item
1675 2346 1837 2417 ccclesiae
1855 2349 1991 2438 praesa
2018 2382 2021 2411 ι

488 2463 679 2553 parochiali
707 2463 742 2533 in
770 2462 1030 2552 Camponha
1056 2464 1176 2534 unicus
1203 2471 1371 2556 patronus
1398 2471 1434 2535 et
1451 2466 1596 2537 collator
1614 2470 1669 2537 331
1686 2471 1801 2539 003103
1820 2466 2025 2543 83013033

488 2583 536 2655 313
563 2604 626 2673 pro
648 2590 815 2673 tempore,
843 2584 1125 2674 quotiescumque
1152 2582 1246 2655 illam
1273 2586 1459 2675 contigerit
1486 2586 1611 2657 vacari.

590 2703 677 2774 Item
704 2702 861 2774 custodia
887 2703 1132 2775 Sandcczensis
1158 2705 1265 2776 habet
1290 2706 1524 2778 habitaculum
1551 2712 1588 2777 31
1614 2707 1807 2796 portionem
1835 2729 1939 2781 suam
1970 2712 2023 2783 si

488 2829 618 2896 sortem
645 2824 681 2894 in
708 2823 809 2895 1000
836 2824 1071 2895 altaristarum
1097 2831 1244 2913 murata3
1272 2827 1477 2897 coemeterio
1505 2827 1669 2898 ecclesiae
1697 2828 1741 2898 ad
1766 2834 1905 2916 partem
1933 2852 1998 2905 me

489 2944 660 3016 dionalem
687 2942 915 3016 confrontata.

588 3064 677 3136 Item
702 3064 859 3155 praelata
884 3065 1042 3137 custodia
1067 3070 1268 3137 taxata·est
1294 3121 1302 3136 .
1330 3122 1337 3137 .
1365 3121 1372 3136 .

935 3397 1231 3481 Vicscustodia
1266 3380 1589 3482 Sandsczensis.

591 3672 768 3744 lohannes
795 3671 1059 3744 Luthhonis
1086 3672 1267 3762 episcopus
1295 3670 1544 3764 cracoviensis,
1571 3673 1723 3747 instante
1742 3680 1778 3746 et
1794 3640 1935 3764 petente
1956 3697 2015 3751 co.

490 3792 605 3864 sulaiu
631 3792 867 3883 Sandeczensi,
893 3774 1049 3864 subdavit
1075 3793 1341 3865 ricecustodiam
1368 3795 1402 3864 in
1430 3795 1574 3866 ecclesia
1591 3794 1827 3887 Sandeczensi,
1846 3796 1945 3869 cuius
1992 3829 2025 3862 *a

489 3919 547 3983 tor
576 3912 683 3984 habet
719 3912 855 3984 domum
891 3913 1066 4003 propriam
1092 3919 1128 3985 et
1154 3914 1275 4003 implet
1301 3913 1449 3985 officium
1476 3916 1688 4005 sacristiam,
1713 3917 1887 4007 habetque
1915 3937 2021 3992 omne

490 4054 547 4104 res
573 4039 609 4103 31
635 4034 816 4105 thesauros
843 4032 1007 4105 ecclesiae
1034 4034 1298 4125 Sandeczcnsis,
1325 4040 1361 4105 31
1387 4036 1503 4106 00013
1537 4037 1698 4108 cumnilia
1723 4037 1760 4108 iu
1787 4059 1850 4108 sua
1875 4041 2014 4111 custe'

489 4158 525 4225 et
552 4174 654 4242 cura3
681 4174 748 4225 non
775 4154 964 4245 participat
990 4175 1065 4225 cum
1092 4154 1231 4225 vicariis
1258 4155 1293 4224 10
1321 4156 1446 4246 aliquo,
1473 4176 1536 4227 nec
1563 4157 1667 4227 etiam
1685 4158 1805 4247 implet
1821 4179 1941 4230 eorum
1959 4158 2022 4233 offi

489 4275 543 4345 cia
568 4281 606 4346 31
631 4295 746 4364 onera,
772 4275 879 4347 habet
903 4275 1073 4346 mensales
1100 4296 1163 4365 pro
1192 4275 1282 4365 dote,
1309 4276 1358 4346 ita
1395 4277 1486 4366 quod
1524 4277 1667 4367 quilibet
1693 4278 1778 4349 civis
1804 4284 1841 4349 31
1865 4256 2023 4353 suburha

489 4416 555 4466 nus
590 4415 631 4466 ac
665 4396 853 4486 inquilinus
889 4396 950 4468 dat
986 4396 1052 4466 sibi
1088 4396 1188 4466 annis
1215 4397 1359 4486 singulis
1387 4417 1448 4468 sex
1474 4418 1625 4487 grossos.
1664 4398 1752 4469 Item
1779 4399 1885 4471 habet
1911 4419 2025 4491 agruu

489 4515 700 4608 praedialem
726 4521 877 4606 emptum
904 4522 939 4586 31
966 4516 1131 4587 1003100
1162 4516 1271 4588 31130
1299 4518 1551 4589 vicecustodiae
1578 4539 1640 4609 per
1667 4518 1841 4590 Andream
1867 4520 1992 4612 vicari
2014 4554 2018 4584 .

491 4635 762 4708 Sandeczcnsem
788 4658 852 4727 pro
879 4636 1069 4727 nonaginta
1094 4636 1243 4728 florenis,
1271 4644 1307 4709 et
1333 4637 1437 4709 debet
1462 4638 1622 4710 incedere
1648 4639 1907 4713 almuciatus'in
1925 4642 2014 4715 eccl·

488 4757 576 4829 siam
610 4757 655 4828 ad
686 4757 799 4830 instar
825 4759 971 4829 aliorum
998 4757 1205 4829 vicariorum
1233 4757 1528 4848 Sandeczcnsium,
1557 4760 1653 4830 cuius
1680 4760 1834 4851 collatio,
1860 4763 2015 4853 iuspatr

489 4883 592 4948 natus
619 4884 655 4949 ct
681 4880 916 4968 praesentatio
952 4879 997 4950 31
1025 4879 1182 4950 00030133
1209 4878 1480 4968 830130330333;
1508 4879 1682 4951 1031110110
1709 4901 1792 4952 vero
1819 4886 1855 4953 01
1879 4885 2018 4973 provisi

487 4997 533 5071 31
558 4996 736 5071 custodem
761 4999 1031 5073 Saudeczeuscm
1058 5001 1234 5089 perpetuis
1259 5000 1473 5090 temporibus
1501 4999 1603 5088 debet
1629 5001 1813 5089 pertinere.
