4050 6054
1688 504 1763 576 477
1841 558 1843 563 2

214 710 392 784 denarium
416 677 547 781 ¹Sancti
574 709 674 783 Petri
699 711 743 783 de
767 711 932 800 parochia
957 708 1176 802 Kyelcziensi
1202 709 1297 799 tollit
1322 692 1368 781 et¹
1386 709 1517 799 colligit
1543 713 1764 801 praepositus

214 838 277 904 aut
303 851 386 904 suns
413 832 708 924 vicepraepositus
733 829 984 923 KyelcziensiS,
1010 837 1047 903 et
1072 830 1260 922 respondet
1287 832 1329 902 de
1356 853 1397 903 eo
1425 832 1616 921 apostolico
1643 833 1766 905 collee-
1870 834 1872 839 ’

214 954 294 1025 tori.
329 952 419 1024 Item
446 951 595 1042 praelati
622 952 744 1024 vicarii
770 951 1013 1043 Kyelczienscs
1039 953 1170 1025 babent
1196 973 1301 1024 unam
1326 953 1494 1042 piscinam
1521 953 1557 1023 in
1585 954 1765 1044 communi,

214 1074 377 1146 donatam
404 1074 454 1144 eis
481 1093 544 1163 per
570 1072 679 1145 felicis
706 1073 957 1145 recordationis
983 1071 1170 1164 Sbigneum
1194 1073 1404 1145 cardinalem
1424 1073 1622 1166 episcopum
1640 1073 1766 1147 Craco-
1880 1054 1883 1063 ¹

214 1179 376 1267 viensem.
401 1193 491 1265 Item
518 1214 636 1264 omnes
663 1198 699 1264 et
725 1194 851 1284 singuli
878 1194 1000 1266 vicarii
1026 1192 1268 1284 Kyelczienses
1295 1215 1414 1266 curam
1440 1194 1630 1266 animarum
1657 1195 1766 1267 eccle·
1822 1202 1825 1206 “

214 1316 287 1388 siae
311 1315 546 1405 Kyelcziensis
572 1321 699 1405 gerunt
726 1316 762 1386 in
790 1315 947 1405 solidum,
973 1320 1010 1387 et
1035 1316 1166 1387 babent
1191 1314 1298 1406 aliqui
1324 1316 1445 1388 domos
1471 1317 1641 1407 proprias,
1659 1317 1767 1407 aliqui

214 1456 297 1509 uero
329 1434 450 1507 domos
477 1456 618 1508 suorum
645 1435 880 1526 praelatorum
908 1441 944 1507 et
971 1437 1213 1508 canonicorum
1241 1436 1447 1509 inhabitant.
1474 1437 1561 1508 Item
1589 1437 1765 1509 columba-

212 1557 343 1628 tionem
368 1561 448 1646 post
474 1576 591 1629 omnes
604 1556 705 1629 villas
731 1556 917 1646 parochiae
934 1556 1169 1647 Kyelcziensis
1187 1558 1393 1663 percipiunt
1419 1559 1503 1629 item
1521 1579 1639 1630 omues
1659 1578 1764 1648 quae-

214 1682 289 1748 stus
325 1676 509 1766 ecelesiae,
536 1684 677 1767 praeter
712 1677 910 1769 sepulturas
941 1679 1157 1768 percipiunt3
1183 1678 1349 1769 pecuniae
1376 1685 1491 1750 autern
1519 1700 1561 1750 ex
1589 1679 1768 1770 sepultura
1906 1776 1914 1785 κ

212 1798 467 1889 provenientes,
495 1799 531 1869 in
559 1798 734 1872 fabricam·
753 1798 917 1871 ecelesiae
945 1805 1206 1872 convertuntur.

746 2226 1244 2341 sternumentis

216 2478 358 2560 Sancti
402 2478 583 2560 Floriani
626 2478 890 2583 collegiatam
934 2478 1163 2562 ecclesium
1206 2484 1327 2560 extro
1373 2500 1517 2559 muros
1559 2475 1762 2559 cracovi-

215 2638 368 2719 onaea,
401 2619 440 2697 in
473 2615 628 2723 oppido
662 2617 841 2722 Klsparz
874 2616 1064 2698 eiusdem
1097 2619 1279 2698 civitatis
1326 2613 1628 2697 coecavienala
1661 2616 1760 2697 aub-

319 2755 441 2836 urblo
474 2757 609 2857 altam,
642 2761 794 2858 quarto
828 2756 938 2836 lnt'er
969 2756 1216 2859 colloqlatoa
1248 2742 1556 2836 collocabimus
1589 2754 1702 2854 loco;

213 2896 250 2963 et
285 2890 329 2961 ob
357 2888 493 2992 Sancti,
528 2890 583 2962 cui
609 2889 725 2961 dicata
744 2895 824 2980 est,
860 2889 1027 2962 decns'et
1052 2890 1216 2980 gloriam,
1244 2895 1281 2961 et
1307 2891 1351 2960 ob
1388 2889 1553 2960 ecclesiae
1588 2889 1766 2979 praelatae

212 3010 464 3102 praestantiam
490 3010 709 3101 singularem,
736 3011 833 3082 cuius
858 3010 1015 3082 fundatio
1033 3012 1115 3082 binc
1145 3012 1312 3102 originem
1339 2992 1766 3101 teneraemondani]

214 3130 383 3223 siquidem
410 3151 501 3203 anno
527 3112 667 3202 Domini
698 3133 807 3204 1184.
835 3137 932 3203 sexto
952 3132 1173 3203 calendarum
1190 3130 1448 3221 Novembrium,
1476 3131 1613 3221 Lucius,
1640 3131 1767 3204 Roma·

213 3273 278 3325 nae
304 3253 402 3325 urbis
427 3236 584 3342 pontifen¹
611 3252 798 3341 maximus,
827 3252 977 3342 Tertius,
1013 3253 1160 3343 supplici
1188 3244 1225 3324 et
1250 3252 1422 3342 frequenti
1457 3253 1615 3342 petitioni
1645 3250 1768 3325 Gasi-
1817 3344 1821 3351 ,

213 3375 319 3446 miri
344 3374 444 3464 regni
470 3349 634 3445 Poloniae
670 3373 767 3444 ducis
794 3379 829 3443 et
855 3374 1063 3444 monarchae
1098 3393 1271 3461 annuens,
1308 3393 1433 3462 corpus
1468 3373 1644 3464 integrum
1671 3372 1767 3444 beati

176 3506 179 3511 “
214 3495 372 3568 Floriani
397 3494 541 3585 gloriosi
569 3494 732 3584 martyris
759 3514 823 3583 per
849 3493 1034 3583 Aegidium
1053 3492 1313 3565 Muthinensem
1341 3493 1540 3583 episcopum
1566 3493 1646 3564 duci
1664 3514 1769 3584 prae·

213 3616 286 3688 lato
315 3621 351 3687 et
376 3616 475 3706 genti
502 3615 667 3687 Poloniae
685 3616 722 3685 in
740 3615 902 3687 solatium
923 3612 1184 3705 transmisisset,
1211 3619 1247 3685 et
1274 3611 1460 3685 Gedeon
1488 3614 1575 3686 alias
1601 3612 1768 3687 Getblra

214 3729 298 3809 tunc
324 3736 562 3809 cracoviensis
590 3735 789 3826 episcopus,
826 3757 902 3807 cum
929 3733 1085 3826 praefato
1121 3714 1207 3807 duce
1235 3733 1405 3807 Gasimiro
1432 3741 1469 3807 et
1495 3735 1657 3807 universo
1684 3734 1768 3807 civi·

213 3858 299 3930 tatis
325 3855 565 3931 Gracoriensis
592 3856 684 3929 clero
711 3862 748 3928 et
773 3858 901 3947 populo
928 3855 1014 3931 illud
1041 3856 1264 3929 devotissime
1282 3856 1499 3946 suscepisset,
1526 3859 1564 3927 et
1588 3855 1767 3928 basilicam

214 3978 266 4050 illi
292 3983 394 4050 extra
429 3999 547 4050 muros
573 3976 822 4051 Gracovienses
858 3983 1059 4067 sumptuoso
1097 3964 1292 4048 construxit
1318 3996 1424 4066 opere
1451 3976 1632 4049 exlatere
1659 3981 1767 4067 cocto,

112 4186 114 4190 ,
215 4120 316 4191 quam
343 4097 602 4171 Oasimirus
636 4098 803 4170 Poloniae
831 4098 909 4189 dux,
936 4097 1097 4188 ampliori
1124 4098 1350 4179 decoraturus
1376 4098 1572 4189 honestate,
1599 4099 1635 4169 in
1661 4096 1768 4172 eolle-

213 4221 354 4311 giatam,
381 4226 417 4291 et
443 4221 479 4290 in
506 4221 673 4292 honorem
699 4220 779 4291 novi
806 4219 956 4309 hospitis
982 4219 1085 4291 beati·
1104 4219 1258 4291 Floriani
1285 4219 1408 4310 erexit,
1436 4220 1597 4311 villisque
1623 4225 1659 4292 et
1677 4220 1767 4293 deci-

213 4343 278 4414 mis
313 4342 442 4432 partim
468 4342 541 4413 suis
568 4341 757 4430 ducalibus,
792 4341 922 4431 partim
948 4362 970 4412 a
997 4338 1213 4413 Gedeone
1250 4340 1412 4431 episcopo
1440 4339 1661 4414 Oracoviensi
1687 4360 1766 4432 pro-

215 4463 308 4534 cario
335 4463 540 4552 impetratis,
567 4462 721 4551 donavit
749 4468 899 4552 quatuor
925 4461 1101 4555 praelatos
1123 4462 1159 4532 in
1178 4482 1220 4532 ea
1238 4461 1460 4553 constituens,
1489 4467 1639 4557 quatuor
1665 4482 1767 4533 cano-

211 4583 307 4655 nicos
334 4586 369 4652 et
395 4587 472 4653 octo
508 4583 676 4672 vicarios,
710 4583 814 4655 boras
841 4588 1029 4655 nocturnas
1057 4588 1093 4654 et
1119 4582 1261 4656 diurnas
1288 4587 1513 4674 caeterasque
1547 4603 1605 4655 res
1632 4582 1766 4656 divinas
1836 4661 1842 4674 ¹

214 4703 425 4794 expleturos
453 4704 509 4774 cui
535 4724 698 4793 processu
725 4704 900 4803 temporis,
928 4703 1055 4795 oppido
1084 4703 1280 4794 Oleparz
1306 4703 1471 4796 fundato,
1507 4704 1674 4794 parochia
1698 4703 1768 4775 fre·

216 4845 324 4916 quens
343 4830 380 4896 et
398 4825 521 4915 ampla,
549 4825 646 4896 cuius
665 4845 748 4898 curo
765 4825 958 4898 animarum
975 4845 1039 4916 per
1056 4825 1240 4898 Albertum
1265 4824 1428 4896 Jastrz
1439 4824 1609 4917 abyecz
1636 4824 1768 4918 episco-

212 4968 296 5037 pum
311 4945 586 5036 Gracoviensem,
603 4968 647 5018 ex
665 4947 865 5038 praeposito
884 4947 921 5018 in
940 4946 1089 5019 vicarios
1107 4947 1280 5019 translata
1297 4951 1362 5037 est,
1380 4946 1535 5019 accessit.
1561 4946 1603 5028 In
1619 4930 1769 5037 largien-

214 5067 268 5139 dis
288 5073 404 5140 antem
423 5073 458 5139 et
475 5067 645 5141 donandis
663 5088 727 5158 pro
741 5065 900 5157 praelata
916 5068 1063 5140 ecclesia
1077 5066 1194 5147 Sancti
1209 5066 1365 5140 Floriani
1383 5066 1527 5139 decimis
1543 5064 1768 5159 manipulari-

215 5189 280 5260 bus
298 5192 335 5260 et
351 5189 600 5281 pecunialibus,
618 5187 803 5261 Gedeon
818 5188 1057 5262 Cracoriensis
1075 5188 1257 5281 episcopus
1276 5188 1446 5260 modestia
1463 5208 1600 5279 usurus,
1619 5193 1656 5260 et
1672 5207 1768 5281 men·

215 5329 275 5382 sae
310 5330 394 5383 suae
422 5310 630 5402 episcopalis
655 5310 849 5384 evitaturus
874 5311 1064 5383 laesionem
1086 5330 1271 5401 enormem,
1297 5309 1449 5383 decimas
1473 5292 1699 5385 b'nnrcntalas
1722 5302 1770 5385 'ot

216 5431 434 5526 pecuniarias
446 5433 484 5509 iu
498 5432 663 5509 universa
679 5432 866 5510 terrestre
880 5418 1771 5538 dmtuodbusByeczensietSnmigrndsusiinnoro
