4080 6068
245 432 320 562 aaa

240 697 423 787 palatinis3
450 693 721 767 Wilozlroue
748 688 1040 781 Sandomiriensi,
1074 685 1098 763 J
1106 688 1286 761 ohanne
1314 685 1576 781 Woyniczensi,
1612 682 1824 760 Andrea

238 816 463 888 Zamoviensi
490 815 698 903 castellanis,
726 814 948 885 Floriano
977 812 1182 884 cancellario
1211 810 1438 901 Lanciciensi,
1464 808 1656 882 Andrea
1687 827 1821 881 suoca-

238 937 398 1026 mcrario,
425 935 567 1008 Petro
594 936 736 1007 tribuno
755 939 791 1006 et
807 933 1075 1023 Mszczugio
1093 936 1259 1004 venatore
1278 932 1509 1022 Gracoriensi,
1536 936 1573 1003 et
1590 929 1650 1003 Sh
1662 931 1820 1022 igneo

238 1056 443 1130 cannellario
469 1057 569 1147 regni
595 1054 769 1128 Poloniae.
909 1098 912 1103 -

668 1232 803 1312 Prima
838 1229 1079 1333 praehenda
1114 1230 1155 1309 S.
1188 1226 1371 1349 Georgii.

347 1420 469 1492 Prima
495 1419 694 1510 praebenda
720 1419 837 1490 Sancti
864 1416 1018 1508 Georgii,
1045 1417 1330 1508 quemadmodum
1354 1417 1513 1507 superius
1540 1415 1815 1508 descripsimus,

240 1518 508 1632 adpetitionem
535 1539 756 1611 Gasimiri
783 1539 985 1611 Secundi
1012 1538 1177 1611 Poloniae
1196 1539 1288 1629 regis
1307 1537 1658 1628 perlaroslaum
1687 1537 1814 1609 archi·

240 1663 440 1754 episcopum
468 1659 706 1732 Gneznensem
733 1661 776 1731 de
803 1661 984 1732 nobilitate
1011 1660 1225 1750 Bogoria,
1257 1648 1452 1750 quindecim
1467 1658 1609 1730 decimis
1636 1658 1813 1751 manipu-

238 1782 372 1855 laribus
400 1783 527 1852 circum
547 1781 710 1872 oppidum
728 1779 962 1871 Malogosca
986 1782 1267 1871 consistentibus,
1294 1781 1336 1851 de
1364 1801 1483 1851 mensa
1510 1777 1809 1871 archiepiscopali

239 1908 276 1975 ct
302 1903 345 1975 de
380 1922 550 1975 consensu
586 1901 726 1993 capituli
763 1900 977 1973 Gncznensis
1012 1901 1157 1972 fundata
1192 1907 1228 1973 et
1261 1901 1382 1975 dotata
1418 1906 1489 1992 est,
1525 1900 1621 1972 cuius
1659 1900 1806 1993 copiam

238 2021 382 2095 inferius
408 2022 669 2112 annotabimus3
705 2022 842 2095 collatio
870 2029 986 2094 autern
1013 2029 1049 2094 et
1075 2024 1336 2112 iuspatronatus
1368 2021 1546 2112 praefatae
1572 2021 1805 2111 praebendae

172 2164 180 2179 ‘
240 2144 285 2215 ad
312 2145 569 2216 serenissimum
604 2143 769 2215 Poloniae
804 2164 922 2233 regem
948 2144 1119 2233 pertinet,
1156 2144 1295 2214 nomina
1331 2164 1413 2215 vcro
1441 2142 1652 2215 decimarum
1688 2141 1805 2215 etiam

241 2263 385 2337 inferius
413 2271 628 2336 annotamus.

344 2386 599 2476 Wrsznrczn,
644 2386 728 2457 villa
762 2388 826 2458 suh
863 2386 1029 2476 parochia
1063 2385 1106 2457 de
1142 2384 1319 2458 Goslow
1354 2386 1439 2477 sita,
1477 2384 1574 2457 cuius
1609 2384 1803 2459 Florianus

240 2507 581 2599 Laszokowshy
607 2507 731 2578 haeres
758 2507 801 2577 de
827 2506 957 2578 familia
983 2507 1261 2597 Jelitonum,
1297 2508 1331 2578 in
1360 2528 1428 2597 qua
1454 2511 1536 2578 sunt
1562 2524 1575 2577 τ
1597 2561 1605 2577 .
1631 2560 1641 2578 .
1668 2530 1678 2578 .’
1703 2507 1802 2579 lanei

241 2627 492 2718 Cmethonales,
520 2627 706 2718 dequibus
734 2629 893 2700 omnihus
919 2628 1052 2699 decima
1078 2628 1304 2719 manipularis
1322 2634 1358 2699 et
1376 2628 1550 2717 canapalis
1564 2648 1627 2718 per
1645 2634 1803 2719 quatuor

240 2749 380 2838 ierugas
416 2748 563 2819 solvitur
594 2754 629 2819 et
656 2748 860 2820 conducitur
897 2769 961 2838 pro
996 2750 1196 2839 praebenda
1231 2750 1344 2839 prima
1370 2748 1403 2819 S.
1430 2746 1591 2839 Georgii,
1626 2754 1664 2820 et
1697 2749 1803 2822 valor

241 2870 446 2939 aestimatur
472 2869 546 2940 eius
574 2869 618 2939 ad
644 2873 793 2959 quatuor
819 2891 963 2941 marcas.
989 2870 1079 2941 item
1106 2891 1175 2940 nou
1202 2874 1257 2940 cst
1282 2869 1319 2941 io
1346 2868 1466 2940 eadem
1493 2870 1577 2942 villa
1602 2868 1800 2961 praedium,

240 3009 352 3079 neque
379 2989 546 3079 scoltetia,
572 3010 684 3079 neque
702 2991 878 3081 tabernae,
905 3011 1017 3080 neque
1034 2989 1263 3061 hortulaniac.

342 3109 605 3181 Lrnszncnow
631 3115 786 3201 utraque,
814 3111 898 3183 villa
924 3112 988 3182 suh
1015 3111 1181 3201 parochia
1207 3111 1250 3181 de
1278 3109 1459 3183 Coslow
1485 3112 1564 3201 sita,
1591 3110 1689 3183 cuius
1712 3110 1801 3185 Flo-

241 3231 360 3302 rianus
387 3229 728 3322 Lyaszolrowsh
737 3253 760 3321 y
787 3232 921 3322 haeres,
945 3232 987 3302 de
1006 3230 1136 3302 familia
1153 3231 1176 3302 J
1186 3231 1433 3322 elitonum,
1460 3234 1496 3303 iu
1515 3254 1583 3322 qna
1600 3238 1684 3304 sunt
1700 3233 1799 3335 lanei

241 3351 475 3423 cmethonales
494 3406 689 3441 ........
725 3351 768 3422 de
796 3353 920 3442 quibus
948 3352 1106 3423 omnihus
1140 3353 1273 3423 decima
1298 3352 1525 3443 manipularis
1552 3359 1589 3424 et
1616 3354 1798 3444 canapalis

240 3493 303 3561 per
330 3478 480 3562 quotuor
506 3472 643 3562 ierugas
671 3471 820 3543 solvitur
846 3477 883 3542 ct
909 3473 1113 3544 conducitur
1141 3494 1203 3563 pro
1231 3474 1432 3563 praehenda
1458 3477 1570 3563 prima
1588 3474 1620 3545 S.
1640 3472 1799 3565 Georgii,

241 3599 278 3662 et
304 3592 402 3663 valor
429 3593 633 3664 aestimatur
661 3593 735 3663 eius
763 3593 806 3663 ad
834 3594 920 3664 duas
948 3614 1091 3665 marcas.
1118 3594 1206 3665 Item
1226 3600 1280 3665 est
1307 3596 1343 3665 in
1371 3595 1492 3665 eadem
1510 3596 1594 3667 villa
1613 3595 1799 3684 praedium

242 3734 346 3783 uuum
375 3712 543 3801 militare,
582 3713 665 3783 item
693 3733 763 3783 una
789 3715 936 3785 taberna
967 3714 1099 3786 habens
1126 3736 1245 3804 agree,
1281 3716 1324 3786 de
1352 3737 1496 3806 quorum
1524 3717 1618 3806 agris
1644 3716 1800 3788 solvitur

242 3833 374 3904 decima
409 3833 634 3922 manipularis
671 3833 836 3904 ecclesiae
863 3835 898 3904 in
926 3832 1206 3923 Malogoscz.
1249 3834 1337 3906 Item
1369 3836 1587 3906 hortulaniae
1614 3855 1684 3908 non
1712 3840 1800 3907 sunt

243 3953 279 4024 in
305 3953 389 4024 villa
415 3953 582 4043 praelata.

347 4071 514 4161 Gosnow,
542 4072 722 4143 ecclesiam
749 4074 982 4163 parochialem
1009 4074 1157 4164 ligneam
1184 4075 1316 4147 hahens
1345 4077 1379 4147 in
1407 4098 1462 4167 se,
1499 4078 1595 4147 cuius
1620 4077 1797 4149 haeredes

243 4192 394 4264 Jacohus
422 4197 458 4262 et
483 4193 723 4264 Zawischa
749 4193 877 4265 fratres
904 4195 946 4265 de
974 4195 1075 4265 domo
1102 4195 1296 4286 Roszae,
1324 4199 1358 4268 in
1387 4219 1455 4287 qua
1482 4203 1564 4268 sunt
1582 4252 1589 4266 .
1609 4252 1616 4266 .
1635 4252 1642 4266 .
1664 4252 1672 4267 .
1698 4197 1796 4269 lanei

242 4314 479 4385 emethonales
507 4320 543 4384 et
568 4320 641 4384 tres
677 4316 844 4385 tabernae
879 4316 1047 4386 habentes
1074 4336 1197 4405 agroS,
1235 4315 1430 4407 dequibus
1466 4319 1624 4389 omnibus
1659 4318 1799 4391 decima

242 4436 470 4524 manipularis
504 4441 540 4506 et
568 4436 742 4525 canapalis
777 4456 841 4527 per
878 4441 1028 4526 quatuor
1062 4437 1200 4526 ierugas
1236 4438 1383 4509 solvitur
1419 4443 1454 4508 et
1489 4439 1692 4509 conducitur
1728 4460 1796 4528 pro

243 4556 442 4644 praehenda
467 4557 579 4646 prima
606 4556 638 4626 S.
665 4555 818 4647 Georgii,
846 4562 881 4627 et
906 4558 1004 4628 valor
1031 4558 1235 4629 aestimatur
1263 4560 1335 4629 eius
1363 4560 1407 4630 ad
1435 4580 1496 4630 sex
1523 4579 1666 4630 marcas.
1701 4559 1795 4631 Item

243 4679 296 4745 est
323 4675 370 4746 ibi
399 4698 503 4746 unum
531 4677 709 4766 praedium
737 4677 898 4767 militare,
925 4678 968 4749 de
987 4679 1085 4749 cuius
1112 4680 1205 4768 agris
1233 4679 1381 4751 solvitur
1407 4681 1540 4751 decima
1565 4680 1797 4770 manipularis

243 4815 306 4884 pro
334 4795 479 4867 ecclesia
506 4797 540 4867 in
568 4796 754 4869 Goslow.
780 4798 869 4869 item
897 4819 966 4869 non
993 4804 1073 4870 sunt
1100 4800 1148 4871 ihi
1175 4800 1402 4872 hortulaniac.

348 4914 555 5007 Gaasezrn,
582 4917 665 4989 villa
693 4920 756 4990 suh
784 4920 949 5009 parochia
976 4920 1019 4990 de
1047 4918 1225 4992 Goslow
1253 4920 1330 5010 situ,
1359 4920 1456 4991 cuius
1482 4922 1607 4993 haeres
1625 4974 1771 4994 ......
1786 4978 1797 5014 ,

243 5037 369 5108 nobilis
397 5039 440 5108 de
467 5037 569 5110 domo
587 5093 702 5129 .....
729 5040 765 5110 in
793 5061 862 5131 qua
888 5045 970 5110 sunt
996 5040 1087 5111 lanei
1107 5095 1114 5108 .
1133 5095 1141 5110 .
1160 5094 1194 5110 ..
1221 5042 1473 5131 cmethonales,
1500 5048 1536 5113 et
1561 5041 1604 5112 de
1631 5042 1797 5116 omnihus

243 5158 377 5229 decima
402 5159 628 5249 manipularis
655 5166 691 5231 et
716 5161 891 5251 canapalis
918 5180 981 5252 per
1008 5167 1157 5251 quatuor
1187 5162 1325 5251 ierugas
1353 5162 1500 5233 solvitur
1527 5168 1562 5232 et
1589 5161 1797 5236 conducitur

243 5298 307 5367 pro
335 5279 533 5369 praebenda
559 5281 672 5370 prima
698 5280 730 5351 S.
758 5279 915 5372 Georgii,
942 5288 977 5352 et
1004 5283 1103 5354 valor
1130 5282 1336 5354 aestimatur
1362 5284 1436 5354 eius
1463 5284 1507 5361 ad
1534 5283 1618 5355 duas
1645 5305 1795 5357 marcas.

242 5398 332 5469 Item
358 5399 524 5471 tabernae
543 5423 611 5472 non
630 5407 712 5473 sunt
737 5402 774 5473 in
793 5403 912 5474 eadem
931 5402 1023 5493 villa,
1049 5424 1161 5494 neque
1187 5404 1415 5495 hortulaniae;
1441 5405 1526 5476 item
1543 5405 1652 5476 estin
1669 5406 1796 5481 eadem
