4050 6054
234 393 308 465 558

173 596 176 601 ’
231 622 295 691 per
321 599 525 689 superstites
542 597 809 669 substituuntur.
837 560 1021 667 Ordinavii
1045 597 1167 684 etiam,.
1186 595 1343 666 decrevit
1369 598 1405 666 ct
1418 592 1654 683 privilegiavit
1682 612 1792 683 prae·

230 720 321 791 latus
347 718 576 809 Sbigneus
611 716 797 788 cardinalis
835 722 871 787 et
897 716 1079 806 episcopus
1106 714 1363 803 Cracoviensis,
1400 714 1491 803 qnod
1518 713 1668 804 praefati
1704 718 1790 785 octo

231 840 352 912 vicarii
377 837 631 909 Sandeczenses
657 858 721 927 pro
748 857 811 907 sua
837 835 936 925 dote,
971 835 1076 907 tundo
1103 842 1139 908 et
1165 835 1417 924 stabilimento,
1443 834 1594 905 habeant
1619 833 1789 921 decimas,

230 966 421 1050 proventus
455 964 493 1029 et
518 958 682 1029 introitus
708 955 800 1028 inira
826 956 1070 1028 describendos
1105 957 1141 1026 in
1169 955 1316 1027 solidum
1342 955 1442 1026 etin
1468 973 1666 1043 commune,
1694 974 1788 1043 qnos

230 1080 441 1151 tenebuntur
475 1079 568 1150 inter
594 1098 632 1150 se
659 1077 794 1167 aequali
830 1082 924 1148 sorte
952 1084 989 1148 et
1019 1077 1209 1166 partitione
1244 1075 1400 1146 dividere
1434 1078 1472 1145 ot
1507 1074 1550 1145 de
1585 1073 1719 1146 eisdem
1747 1073 1786 1145 in

230 1200 401 1271 communi
427 1219 547 1270 mensa
572 1198 765 1287 aequaliter
789 1197 1017 1287 participare,
1043 1202 1149 1286 prout
1174 1195 1259 1285 ipsis
1286 1194 1409 1267 melius
1436 1199 1472 1266 ut
1499 1195 1619 1265 utilius
1645 1193 1786 1267 videbi-

232 1327 291 1392 tur
317 1319 498 1409 expedire,
527 1338 614 1410 quae
642 1310 779 1408 quidem
806 1316 976 1405 decimae,
1012 1316 1175 1387 introitus
1202 1321 1238 1385 et
1263 1319 1453 1405 proventus
1481 1298 1529 1385 de'
1550 1314 1786 1404 proventibus

232 1440 313 1511 olim
330 1439 497 1510 ecclesiae
515 1436 724 1528 parochialis
742 1437 778 1506 in
801 1435 948 1507 Schan
960 1436 1067 1509 decz
1086 1442 1243 1526 sumptae
1261 1439 1360 1523 sunt,
1388 1441 1425 1506 et
1441 1433 1621 1525 praefatae
1638 1435 1786 1505 univer-

231 1559 327 1631 sitati
353 1559 562 1630 vicariorum
588 1556 815 1633 Sandeczensi
830 1538 904 1649 'per
922 1555 1051 1631 dictum
1077 1555 1322 1649 Sbigneum
1349 1554 1559 1629 cardinalem
1581 1554 1787 1646 inscriptae,

231 1678 380 1753 donatae
406 1687 444 1752 et
468 1683 665 1754 attributae.

334 1803 577 1892 Daunnowrr,
604 1803 687 1875 villa
713 1803 777 1875 sub
803 1804 969 1894 parocbia
995 1804 1038 1875 de
1066 1803 1193 1881 Nova
1218 1802 1424 1875 Sandecz
1451 1801 1538 1890 sita,
1573 1801 1672 1873 cuius
1698 1820 1786 1890 pro-

231 1923 364 2012 prietas
392 1929 429 1993 et
455 1922 643 1995 dominium
670 1922 714 1994 ad
741 1923 902 1995 abbatem
929 1930 965 1996 et
990 1923 1238 1997 monasterium
1257 1923 1493 1994 Sandeczense
1519 1920 1651 1993 ordinis
1678 1938 1788 2011 prae-

231 2044 496 2115 monstratensis
522 2045 683 2134 pertinet
710 2043 832 2134 inqua
850 2050 931 2116 suut
958 2045 1106 2116 sedecim
1132 2045 1224 2115 lanei
1251 2043 1494 2131 cmethonales,
1521 2041 1582 2113 sed
1600 2041 1788 2132 perceptio

232 2183 322 2235 auno
349 2164 506 2254 quolibet
531 2163 784 2235 diversificatur
817 2164 893 2235 eius
919 2165 1073 2236 decimae
1100 2165 1324 2254 manipularis
1355 2184 1399 2234 ex
1425 2162 1520 2234 dicta
1545 2161 1629 2234 villa
1654 2182 1788 2252 prove·

231 2284 377 2374 nientis;
403 2305 482 2355 nam
508 2306 572 2375 pro
589 2284 777 2356 medietate
802 2283 907 2357 villae
933 2285 1025 2356 tollit
1051 2285 1147 2356 illam
1173 2284 1372 2375 praebenda
1397 2282 1505 2355 tertia
1521 2281 1790 2371 Sandeczensia

231 2424 320 2494 quae
354 2410 499 2476 vocatur
534 2405 804 2495 Dambrowska,
832 2397 906 2493 'pro
942 2405 1053 2476 altera
1086 2425 1170 2477 vero
1206 2404 1394 2475 medietate
1430 2402 1524 2474 cedit
1558 2400 1791 2473 universitati
1842 2402 1846 2409 '

232 2524 439 2596 vicenorum
465 2525 750 2597 Sandeczensium
776 2531 850 2594 tam
879 2526 1103 2615 manipularis
1131 2545 1231 2615 quarn
1258 2525 1443 2614 canapalis,
1461 2528 1498 2594 et
1514 2526 1678 2594 tenentur
1704 2542 1791 2593 eam

232 2645 431 2717 cmethones
457 2646 583 2717 ducere
609 2645 762 2736 propriis
789 2646 948 2717 curribus
974 2647 1010 2716 in
1036 2647 1199 2717 borreum
1227 2645 1394 2716 avicario
1420 2643 1610 2732 locandum,
1628 2648 1666 2715 et
1682 2641 1793 2714 valor

231 2766 307 2836 eins
333 2767 537 2838 aestimatur
563 2767 608 2837 ad
635 2767 754 2837 decern
780 2785 924 2837 marcas.
950 2766 1038 2837 Item
1065 2768 1200 2839 suntin
1218 2766 1337 2838 eadem
1364 2765 1449 2837 villa
1474 2764 1581 2855 aliqrri
1595 2763 1695 2853 agri,
1723 2764 1793 2854 qui

231 2892 269 2956 et
293 2906 371 2956 enm
408 2886 540 2958 decima
575 2885 784 2977 manipulari
811 2907 854 2956 ex
881 2885 931 2956 eis
957 2888 1200 2976 proveniente,
1227 2885 1404 2977 pertinent
1431 2885 1475 2956 ad
1503 2883 1793 2974 praeposituram

232 3005 522 3095 Sandeczensem;
556 3007 640 3077 item
666 3005 815 3077 taberna
840 3026 912 3087 una
946 3012 1000 3078 est
1027 3008 1094 3096 ibi,
1129 3008 1261 3079 babens
1288 3027 1400 3096 agros.
1445 3005 1534 3076 Item
1560 3003 1794 3075 hortulaniae

232 3145 301 3197 non
328 3132 428 3215 sunt3
464 3127 547 3198 item
574 3125 755 3217 praedium
782 3126 832 3197 ibi
868 3132 922 3197 est
947 3127 1164 3217 coenobiale,
1200 3126 1242 3198 de
1270 3127 1366 3197 cuius
1403 3125 1497 3215 agris
1533 3124 1793 3196 monasterinm

232 3244 318 3318 nulli
344 3246 449 3318 solvit
474 3246 654 3336 decimam,
680 3245 742 3317 sed
769 3266 845 3317 eam
870 3267 935 3337 pro
963 3268 1000 3318 se
1027 3247 1120 3319 tollit
1145 3251 1181 3318 et
1206 3248 1242 3318 in
1268 3247 1432 3318 borreum
1460 3234 1560 3317 suum
1585 3238 1753 3315 inducit'

336 3368 653 3457 annvnovvvczn,
680 3368 764 3439 villa
781 3369 845 3439 sub
863 3368 1041 3457 parocbia·
1054 3367 1220 3439 ecclesiae
1247 3368 1289 3439 de
1316 3367 1443 3439 Nova
1469 3364 1676 3437 Sandecz
1703 3365 1791 3456 situ,

232 3489 329 3561 cuins
355 3488 551 3578 proprietas
578 3494 614 3559 et
640 3488 828 3560 dominium
855 3488 900 3559 ad
926 3489 1125 3579 episcopum
1152 3487 1415 3560 Graeoviensem
1440 3486 1611 3577 pertinet,
1646 3485 1791 3577 inqua

231 3615 313 3682 sunt
340 3614 412 3679 tres
439 3608 529 3679 lanei
556 3609 810 3698 cmethonales,
845 3608 889 3679 de
916 3610 1041 3698 quibus
1068 3610 1216 3681 solvitur
1243 3609 1377 3680 decima
1402 3606 1628 3697 manipularis
1652 3610 1694 3677 et
1717 3626 1790 3696 per

232 3735 382 3822 quatuor
408 3729 546 3818 ierugas
573 3729 748 3820 canapalis
775 3729 996 3800 universitati
1022 3730 1230 3802 vicariorum
1258 3730 1422 3801 ecclesiae
1449 3726 1718 3818 Sandeczensis‚
1748 3732 1790 3799 et

232 3850 368 3933 ducunt,
397 3869 474 3920 eam
509 3850 708 3922 cmethones
743 3848 897 3940 propriis
935 3851 1094 3923 curribus
1121 3851 1157 3922 in
1183 3851 1347 3922 borreum
1373 3870 1396 3920 a
1422 3848 1562 3921 vicariis
1595 3845 1788 3919 locandum

232 3976 270 4042 et
293 3970 500 4042 aestimatur
526 3971 601 4041 eius
627 3970 726 4042 valor
751 3970 797 4042 ad
823 3971 912 4043 duas
938 3992 1083 4042 marcas.
1108 3970 1198 4042 Item
1224 3992 1294 4042 non
1321 3976 1403 4042 sunt
1429 3969 1478 4042 ibi
1504 3969 1687 4058 tabernae,
1711 3988 1788 4043 non

233 4096 314 4164 sunt
340 4090 570 4180 hortulaniae,
596 4111 665 4162 non
693 4096 748 4162 est
773 4090 914 4182 aliquod
939 4092 1128 4183 praedium.

337 4209 535 4301 Goazrrovu
562 4232 624 4283 seu
641 4211 844 4283 suburbium
867 4211 1113 4303 Sandeczense,
1141 4212 1204 4284 sub
1223 4212 1391 4302 parocbia
1416 4210 1581 4282 ecelesiae
1606 4210 1650 4281 de
1668 4208 1790 4285 Nova

232 4332 439 4405 Sandecz
465 4332 589 4422 situm,
615 4332 653 4404 in
680 4353 747 4423 qno
774 4339 856 4404 sunt
880 4339 953 4406 tres
980 4334 1217 4424 agricultores,
1245 4354 1307 4404 seu
1334 4332 1448 4405 coloni
1472 4332 1641 4404 babentes
1667 4350 1788 4422 agros,

233 4454 279 4527 ad
304 4460 377 4526 tres
403 4454 522 4525 laneos
549 4454 605 4526 vel
631 4455 720 4526 citra
746 4454 963 4544 aestimatos,
1000 4455 1043 4528 de
1070 4456 1195 4545 quibus
1223 4455 1371 4527 solvitur
1398 4453 1531 4525 decima
1556 4451 1788 4542 manipularis

233 4582 270 4647 et
294 4596 358 4666 per
383 4581 533 4665 quatuor
558 4576 698 4666 ierugas
725 4552 899 4667 canapalis
926 4577 1147 4649 universitati
1173 4577 1382 4648 vicariorum
1409 4573 1711 4664 Sandeczeusium‚
1747 4580 1789 4647 et

231 4695 363 4769 ducunt
397 4716 475 4767 eam
501 4697 674 4788 agricolae
702 4717 764 4769 seu
789 4697 903 4769 coloni
938 4698 1086 4788 praelati
1112 4695 1157 4769 ad
1183 4699 1346 4769 horreum
1373 4718 1396 4769 a
1422 4695 1563 4769 vicariis
1588 4693 1788 4788 locandum,

232 4824 270 4889 et
295 4817 395 4889 valor
421 4818 496 4889 eius
522 4819 729 4891 aestimatur
754 4818 800 4891 ad
827 4824 901 4890 tres
927 4838 1071 4891 marcas.

338 4937 598 5028 Gumoarium,
634 4939 724 5011 villa.
743 4939 807 5011 sub
833 4940 998 5031 parocbia
1032 4940 1198 5012 ecclesiae
1229 4940 1273 5011 de
1299 4938 1427 5011 Nova
1460 4937 1669 5010 Sandecz
1704 4936 1789 5031 situ,

233 5059 331 5131 cuius
357 5059 482 5131 baeres
508 5059 673 5132 Nicolaus
698 5059 974 5152 Zawaczsky
1001 5061 1044 5132 de
1071 5061 1177 5132 armis
1204 5059 1516 5150 Antiquorum
1541 5058 1788 5152 Equorum,

231 5181 267 5251 in
294 5200 364 5271 qua
390 5186 472 5253 sunt
497 5186 571 5253 tres
598 5179 689 5251 lanei
716 5180 963 5271 cmethonales,
990 5178 1041 5252 'de
1068 5182 1193 5271 quibus
1221 5180 1369 5285 solvitur
1395 5180 1530 5252 decima
1554 5178 1788 5269 manipularis

233 5306 271 5377 et
297 5320 362 5398 per
387 5307 539 5395 quatuor
564 5302 705 5395 ierugas
730 5302 905 5395 canapalis
940 5302 1162 5378 universitati
1188 5302 1396 5379 uariorum
1423 5298 1724 5397 Sandeczeusium,
1749 5308 1790 5383 et
