4050 6054
304 434 379 502 468

305 638 348 709 de
375 638 474 707 laneo
509 656 572 724 pro
601 633 734 703 decima
760 630 978 721 praebendae
1014 628 1231 719 Kp'elcziensi
1268 625 1590 717 Sclridlowpeczslra
1623 625 1760 697 solvere
1792 644 1860 735 gen

303 777 444 848 grossos
481 759 641 824 monetae
678 751 826 840 usualiS,
862 756 897 821 et
923 750 1130 840 proveniunt
1168 747 1210 818 de
1237 745 1395 837 praefata
1432 745 1566 816 decima
1600 751 1674 816 tres
1706 745 1861 817 temones

304 898 373 948 una
399 897 474 947 curn
503 875 636 944 decima
663 873 809 943 scolteti.
850 872 937 941 Item
965 872 1000 940 in
1019 869 1138 941 eadem
1165 868 1248 938 uilla
1275 889 1343 938 non
1371 872 1452 936 sunt
1478 867 1653 954 tabernae,
1680 887 1750 937 non
1776 872 1862 938 sunt

304 996 536 1082 hortulaniae,
572 995 654 1064 item
682 1014 750 1063 non
786 1001 841 1062 est
867 991 1006 1080 aliquod
1033 990 1227 1079 praedium,
1263 990 1346 1058 item
1383 987 1549 1058 scultetus
1586 993 1641 1058 cst
1674 986 1861 1058 incudem

304 1117 404 1204 villa,
432 1117 564 1186 liabens
582 1114 669 1183 duos
697 1114 833 1202 laneos,
862 1112 904 1181 de
923 1112 1046 1215 quibus
1065 1110 1169 1181 solvit
1187 1109 1351 1179 canoniae
1369 1114 1406 1179 et
1423 1107 1643 1198 praebendae
1662 1106 1860 1183 Kelcziensi

305 1259 410 1309 unum
437 1236 626 1321 fertonem,
654 1233 714 1303 sed
741 1232 778 1303 ni
806 1232 874 1302 duo
903 1231 995 1301 lanei
1021 1229 1244 1301 includuntur
1271 1229 1306 1298 in
1335 1227 1594 1317 quatuordecim
1621 1228 1748 1316 laneis,
1775 1228 1862 1298 item

306 1357 462 1448 praelata
489 1353 689 1445 praebenda
724 1352 961 1444 erlcaiensis
989 1350 1309 1440 Schidlowyeczslra
1339 1349 1444 1419 habet
1471 1348 1654 1438 specialem
1681 1368 1798 1419 aream
1824 1355 1863 1419 et

307 1477 444 1548 domum
472 1497 547 1545 erun
575 1480 675 1563 prato
703 1481 739 1544 et
757 1473 910 1562 pomerio
938 1473 972 1542 in
992 1471 1210 1561 Kyeleze,
1239 1490 1359 1543 versus
1386 1475 1521 1558 partem
1547 1469 1795 1540 occidentalem
1823 1475 1861 1540 et

307 1598 474 1687 piscinam
511 1594 757 1684 episcopalem,
794 1593 991 1682 contiguam
1027 1591 1142 1662 domui
1178 1598 1213 1662 et
1250 1610 1353 1661 areae
1388 1589 1608 1680 praebendae
1643 1589 1861 1679 Kielciensis‚

309 1739 395 1809 quac
423 1723 566 1787 vocatur
592 1715 829 1805 Szewpcnslra.
1258 1790 1261 1795 ,

411 1838 499 1907 ltern
527 1835 682 1925 praefata
718 1835 915 1925 praebenda
946 1832 1183 1924 Kyelcziensis
1212 1831 1532 1922 Schidlowyeczska
1568 1831 1667 1903 iuxta
1700 1836 1863 1922 regestra

308 1959 451 2047 antiqua
478 1963 513 2027 ct
544 1977 632 2027 nova
658 1955 823 2026 ecclesiae
853 1954 1091 2025 Cracoviensis
1119 1959 1240 2024 taxata
1266 1958 1319 2023 est
1345 1951 1389 2023 ad
1408 2006 1522 2022 .....

627 2219 793 2299 vicaria
829 2215 1101 2299 Praebendae
1135 2216 1544 2323 Schydlowyeskey.
1638 2228 1643 2233 “

413 2439 618 2529 Praebenda
636 2438 870 2529 erlcziensis
893 2436 1202 2537 Sclridlowieeaslqa
1227 2438 1334 2509 habet
1358 2438 1553 2526 habereque
1572 2437 1750 2507 consuevit
1767 2437 1863 2511 vica

310 2562 397 2632 riarn
424 2566 627 2649 perpetuam
653 2558 689 2629 in
707 2558 851 2628 ecclesia
869 2550 1095 2649 lip'eleziensi,
1112 2556 1210 2629 cuius
1228 2557 1412 2629 canonicus
1431 2556 1666 2647 Kyclcziensis
1683 2556 1864 2645 praefatae

308 2679 526 2771 praebendae
553 2678 905 2768 Sclridlowpeczslriep
932 2700 995 2768 pro
1023 2683 1178 2769 tempore
1215 2679 1336 2749 unicus
1369 2683 1422 2747 est
1448 2677 1595 2748 collator
1621 2683 1657 2761 et
1683 2683 1864 2768 patronus,

309 2820 409 2890 quarn
430 2820 519 2870 nunc
538 2804 633 2869 tenet
651 2798 809 2869 Clemens
836 2799 878 2868 de
896 2798 1011 2890 Kyel
1023 2819 1097 2869 czc
1124 2799 1316 2890 presbyter,
1344 2819 1432 2889 quae
1451 2798 1589 2889 quidem
1608 2797 1738 2869 vicaria
1754 2798 1862 2869 habet

310 2926 500 3011 proventus
528 2919 775 3009 infrascriptos.

413 3040 541 3128 Primo,
569 3061 707 3111 censum
736 3040 778 3111 dc
798 3061 857 3111 sex
876 3040 985 3111 laneis
1011 3041 1048 3109 in
1067 3040 1149 3111 villa
1166 3040 1357 3111 canonicali
1384 3040 1731 3131 Szydlowyecz,
1758 3060 1863 3130 quam

309 3182 414 3250 supra
449 3161 708 3251 descripsunus,
744 3160 787 3230 de
824 3161 978 3251 quolibet
1004 3161 1103 3231 laneo
1140 3182 1203 3251 per
1239 3183 1343 3232 unuin
1371 3160 1559 3250 fertonem,
1590 3167 1626 3232 et
1652 3161 1862 3250 proveniunt

309 3283 375 3352 sibi
411 3304 469 3351 sex
498 3281 658 3352 fertones.
694 3282 780 3352 Item
817 3281 860 3353 de
886 3282 995 3352 laneis
1022 3287 1058 3352 ct
1084 3283 1178 3372 agris
1205 3282 1307 3352 villae
1342 3282 1519 3371 praefatae
1546 3281 1862 3373 Szydlowiecz

308 3409 377 3472 tarn
406 3402 677 3473 crnetlrenalibus
697 3423 798 3493 quarn
818 3403 965 3492 scolteti,
992 3403 1140 3493 percipit
1157 3402 1324 3473 decimam
1343 3402 1612 3493 manipularem,
1640 3401 1737 3473 cuius
1755 3403 1861 3473 aesti-

308 3529 423 3592 matur
443 3521 539 3592 vallor
566 3522 714 3593 adduas
732 3544 880 3611 marcas;
907 3523 990 3593 item
1009 3523 1053 3594 ad
1073 3523 1299 3613 supplendam
1327 3523 1531 3594 tenuitatem
1559 3522 1655 3594 fundi
1682 3521 1862 3613 praefatae
1904 3538 1908 3543 '

311 3643 462 3714 vicariae
492 3644 561 3712 iam
589 3642 774 3733 descripti,
809 3649 950 3714 tenetur
985 3650 1021 3714 et
1048 3644 1222 3734 obligatur
1258 3643 1404 3733 quilibet
1431 3644 1615 3714 canonicus
1641 3641 1862 3732 praebendae

308 3763 542 3853 erlcuiensis
578 3763 920 3855 Seliidlowyeezskey
953 3786 1017 3853 pro
1035 3771 1192 3853 tempore
1228 3763 1374 3853 singulis
1401 3765 1501 3835 annis
1529 3764 1611 3835 dare
1639 3785 1700 3834 suo
1728 3762 1860 3835 vicario

308 3884 394 3954 duas
422 3904 555 3954 rirarcas
582 3885 617 3953 in
637 3885 791 3973 pecuniis
818 3886 961 3974 paratis
980 3885 1044 3955 sub
1062 3906 1174 3974 poena
1200 3885 1560 3956 excommunicationis
1587 3906 1650 3975 per
1675 3883 1742 3956 loci
1768 3882 1865 3955 ordi-

308 4004 461 4092 narium,
489 4011 551 4074 aut
577 4027 676 4075 suum
704 4005 894 4095 officialem,
922 4012 1045 4076 contra
1071 4005 1302 4095 negligentem
1329 4004 1500 4077 serendae.

807 4267 1051 4349 Praebenda
1084 4269 1369 4350 Siradowelra.

411 4488 544 4576 spirante
570 4488 769 4578 praebenda
802 4489 1048 4582 Kyelczyensis
1075 4490 1296 4563 Siradowska
1322 4492 1434 4580 dicta,
1470 4513 1491 4562 a
1517 4493 1700 4583 principali
1728 4494 1861 4565 decima

306 4610 409 4680 uillae
436 4602 749 4680 Sira'dowicue
776 4610 1088 4683 denominationem
1116 4633 1213 4683 suam
1232 4613 1379 4702 accepit,
1407 4634 1496 4703 quae
1519 4634 1562 4684 ex
1581 4613 1723 4684 decimis
1750 4616 1861 4686 mani-

307 4730 487 4820 pularibus
515 4729 679 4800 ecelesiae
715 4731 923 4819 parochialis
959 4731 1002 4802 de
1030 4712 1375 4831 Swatlraruarza
1410 4732 1562 4805 creditur
1589 4740 1626 4805 et
1651 4733 1796 4805 fundata
1823 4740 1860 4807 et

309 4849 439 4921 dotata.
490 4849 574 4919 llarn
610 4871 701 4920 nunc
736 4851 871 4922 obtinet
907 4850 1033 4922 Petrus
1069 4852 1112 4924 de
1148 4851 1493 4944 Chorzemicze,
1530 4854 1656 4925 nobilis
1688 4853 1861 4927 dedomo

306 4970 614 5061 Antiquarum
641 4971 889 5062 Equorum,
916 4994 1004 5064 quae
1039 4995 1103 5063 pro
1129 4974 1182 5045 sui
1209 4973 1291 5047 dote
1326 4975 1412 5046 duas
1439 4976 1545 5047 habet
1572 4974 1724 5047 decimas
1750 4977 1861 5048 mani-

310 5091 465 5181 pulares,
500 5113 603 5163 unam
641 5094 831 5184 integram,
867 5094 969 5164 aliam
997 5094 1237 5186 semiplenam,
1273 5116 1359 5186 quas
1385 5094 1420 5166 iu
1447 5096 1521 5169 suis
1546 5094 1634 5169 locis
1660 5096 1862 5187 singillatim

308 5208 553 5305 describemus,
580 5236 657 5285 cum
685 5215 763 5286 aliis
781 5215 1006 5304 proventibus
1032 5215 1176 5287 inferius
1203 5216 1448 5289 describendis.
1544 5296 1548 5305 ,

413 5332 698 5425 Srunuowrcau,
724 5335 808 5407 villa
825 5336 889 5407 sub
908 5336 1074 5426 parochia
1092 5336 1257 5409 ecclcsiae
1275 5336 1318 5409 de
1336 5336 1569 5427 Bodzaezin
1585 5338 1665 5429 sita,
1682 5338 1863 5431 pertinens
