4050 6054
236 510 310 587 120

231 739 276 789 er
301 716 429 809 quibus
464 716 644 805 perceptio
680 712 832 783 decimae
858 712 1086 801 manipularis
1112 709 1368 780 diversificatur
1394 710 1430 780 in
1457 710 1545 780 diras
1571 712 1787 800 praebendas

232 838 501 921 Gracarvieuses;
528 856 605 905 oarn
634 856 702 904 utro
728 854 820 905 arruo
842 832 1040 922 praebenda
1058 852 1224 922 praescus
1240 830 1428 921 Zyrauslra
1447 812 1785 923 percipitbyem'alia

231 964 386 1045 tantum,
413 956 524 1026 altero
557 977 640 1025 vero
666 954 848 1025 aestivalia
873 960 1031 1041 tautum,
1056 953 1163 1023 tertio
1190 972 1274 1021 vero
1300 972 1391 1020 arrrro
1418 952 1564 1041 percipit
1594 959 1787 1043 utramque,

231 1078 392 1150 videlieet
427 1084 500 1148 tam
526 1075 709 1147 aestivalia
744 1094 847 1164 quam
874 1072 1066 1162 hyemalia,
1094 1078 1132 1143 et
1158 1072 1194 1143 in
1221 1071 1454 1161 praebendam
1482 1072 1787 1163 ll'yanezkouslra.

234 1220 322 1291 quae
349 1220 419 1271 uuo
444 1218 537 1269 anno
563 1196 712 1287 percipit
737 1191 917 1285 hyemalia,
944 1192 1056 1263 altero
1082 1192 1264 1263 aestivalia
1291 1200 1325 1263 et
1352 1193 1460 1263 tertio
1486 1193 1583 1282 nihil,
1600 1204 1636 1265 et
1655 1194 1785 1267 ducunt

234 1320 386 1412 propriis
412 1320 573 1391 aturribus
599 1316 800 1389 cmethones
827 1308 994 1385 decimam
1021 1314 1057 1384 in
1084 1314 1245 1385 horreum
1272 1335 1337 1405 pro
1363 1315 1539 1404 canonico,
1565 1316 1623 1385 eui
1639 1315 1786 1387 debetur

234 1440 376 1530 decima,
401 1448 441 1512 et
465 1439 606 1513 solvunt
631 1436 799 1508 decimam
830 1435 955 1524 canapi
981 1455 1046 1525 per
1072 1434 1159 1505 duas
1185 1435 1363 1507 iuncturas
1389 1437 1442 1521 ei,
1468 1437 1524 1506 eui
1550 1435 1676 1507 cedunt
1703 1438 1786 1527 hye-

235 1562 348 1635 malia.
386 1562 450 1633 nst
483 1560 588 1631 etiam
624 1558 672 1629 ihi
700 1556 849 1627 tabenna
876 1561 913 1626 et
938 1554 1007 1627 duo
1033 1556 1219 1645 hortulani,
1246 1557 1415 1627 habentes
1441 1576 1564 1646 agros,
1591 1556 1634 1627 de
1661 1559 1787 1648 quibus

235 1683 394 1756 omuibus
420 1681 568 1755 solvitur
595 1678 728 1749 decima
754 1676 980 1766 manipularis
1005 1698 1069 1767 pro
1095 1677 1314 1768 praebendis,
1341 1677 1439 1748 iuxta
1456 1677 1655 1749 huiusmodi
1672 1678 1785 1750 diver-

236 1805 473 1892 sificatiouem,
500 1806 538 1873 et
563 1798 768 1871 aestimatur
795 1798 893 1871 valor
914 1798 1068 1870 decimae
1085 1798 1264 1891 praelatae
1283 1797 1328 1869 ad
1346 1818 1408 1870 ser
1426 1818 1571 1870 marcas.
1596 1798 1664 1871 Est
1681 1801 1787 1872 etiam

236 1924 283 1997 ibi
321 1924 501 2015 praedium
537 1920 705 2007 militare,
731 1919 864 1992 babens
899 1942 1020 2011 agros,
1047 1920 1090 1992 de
1118 1920 1243 2011 quibus
1269 1919 1375 1991 datur
1401 1919 1535 1991 decima
1560 1922 1786 2012 manipularis

236 2046 383 2137 plebano
411 2052 447 2115 ct
473 2042 638 2113 ecclesiae
665 2042 701 2113 in
728 2040 1148 2135 Wroczymowicze.

341 2166 429 2239 item
455 2164 563 2235 habet
587 2162 824 2235 duodecimam
851 2164 1101 2255 manipularem
1119 2162 1285 2235 decimam
1304 2164 1340 2235 in
1357 2162 1525 2253 Magna
1550 2162 1786 2256 Przemya-

238 2310 390 2379 czauy,
417 2285 501 2357 villa
527 2284 838 2357 sanctimonialium
864 2284 908 2357 de
934 2285 1248 2376 Sthanyadky,
1277 2285 1341 2355 sub
1368 2284 1535 2375 parochia
1560 2284 1725 2356 eeclesiae
1742 2287 1785 2357 de

237 2409 266 2480 Z
273 2409 565 2503 yelyenyczc.
592 2405 632 2477 Iu
659 2426 728 2497 qua
753 2406 849 2478 nulla
873 2414 931 2479 est
956 2407 1062 2497 cuna,
1089 2426 1152 2477 nee
1178 2406 1254 2495 agri
1282 2405 1486 2496 praediales,
1504 2406 1565 2477 sed
1588 2406 1679 2477 lanei
1697 2428 1787 2479 eme·

235 2529 395 2603 thonales
422 2526 626 2619 quindecim,
652 2535 688 2598 et
713 2526 801 2599 duae
827 2528 995 2600 tabernac
1020 2534 1058 2599 ct
1084 2549 1190 2599 unum
1218 2527 1465 2615 molendinum,
1491 2526 1657 2599 habentia
1682 2549 1786 2619 agros

235 2649 415 2743 proprios3
441 2648 695 2721 diversificatur
722 2654 836 2722 autem
864 2650 1042 2739 perceptio
1060 2649 1213 2720 decimae
1232 2648 1408 2739 praelatae
1425 2649 1462 2719 iu
1480 2653 1553 2720 tres
1571 2650 1787 2738 praebendas

236 2768 500 2862 cmcoviemes,
531 2770 692 2844 videlicet
727 2772 763 2841 in
799 2777 1016 2861 praesentem
1052 2770 1260 2862 Zyravslra‚
1293 2791 1382 2861 quae
1417 2770 1453 2842 iu
1489 2770 1661 2861 aliquibus
1687 2772 1787 2843 annis

237 2893 386 2987 percipit
412 2898 547 2983 partem
573 2892 791 2985 hyemalium,
818 2900 855 2967 et
879 2893 915 2965 in
934 2893 1107 2983 aliquibus
1125 2898 1262 2981 partem
1279 2892 1497 2964 aestivalium
1523 2892 1622 2964 iuxta
1638 2913 1788 2983 campos,

236 3021 273 3089 et
311 3015 346 3086 in
382 3014 613 3105 praebendam
639 3013 954 3104 Wyanczkovvska,
982 3034 1069 3104 quae
1103 3013 1242 3084 biennio
1278 3013 1426 3103 percipit
1459 3013 1624 3085 maiorem
1650 3020 1786 3104 partem

237 3142 299 3209 aut
325 3135 542 3228 hyemalium,
568 3141 630 3208 aut
656 3134 884 3225 aestivalium,
911 3135 1010 3207 etin
1037 3135 1145 3207 tert-io
1172 3156 1262 3207 anuo
1289 3134 1467 3225 minorem,
1494 3143 1530 3207 et
1554 3134 1590 3205 in
1618 3136 1786 3225 praeben-

236 3257 315 3331 dam
343 3257 630 3348 Boschutowska,
657 3277 746 3347 quae
772 3256 912 3328 biennio
939 3257 1105 3327 minorem
1134 3262 1269 3346 parmrn
1295 3257 1446 3347 percipit
1471 3261 1533 3327 aut
1558 3256 1784 3347 aestivalium,
1809 3232 1823 3253 ⁹

236 3384 299 3452 aut
323 3378 543 3471 hyemalium,
569 3384 606 3451 et
632 3377 668 3449 in
695 3378 801 3449 tertio
828 3377 1002 3467 maiorem,
1030 3383 1066 3449 et
1092 3383 1256 3449 tenentur
1283 3379 1480 3449 emethoues
1507 3378 1659 3469 propriis
1677 3379 1786 3451 curri-

238 3502 302 3573 bus
328 3499 453 3572 dueere
480 3499 573 3571 illam
600 3520 664 3590 pro
692 3499 877 3588 canonicis,
905 3500 1029 3590 quibus
1056 3499 1157 3589 cedit,
1185 3506 1222 3571 ct
1239 3500 1443 3571 aestimatur
1461 3499 1558 3571 valor
1577 3501 1660 3589 eius,
1678 3522 1786 3591 quan·

237 3626 310 3694 turn
336 3620 381 3693 ad
406 3620 639 3713 praebendam
665 3620 865 3713 Zyrawska,
892 3620 937 3692 ad
964 3626 1038 3691 tres
1065 3642 1208 3710 marcas,
1236 3626 1272 3692 et
1299 3621 1384 3692 nihil
1412 3620 1463 3691 illi
1481 3621 1573 3693 cedit
1591 3620 1634 3692 de
1653 3620 1785 3692 decima

237 3743 376 3835 canapi,
403 3742 465 3815 sed
491 3742 566 3817 sola
588 3740 801 3833 ‚praebenda
826 3739 1126 3814 Bosehuthovslra
1152 3742 1301 3834 percipit
1328 3762 1463 3814 omnem
1490 3742 1658 3814 decimam
1684 3763 1787 3814 caua·

235 3864 348 3956 palem
373 3864 518 3957 integre,
544 3864 638 3938 omni
667 3884 768 3935 anno.

339 3985 426 4058 item
451 3984 559 4057 hahet
584 3984 808 4057 tredecimam
835 3983 1001 4055 decimam
1028 3984 1277 4075 manipularem
1313 3985 1347 4054 in
1374 3982 1457 4055 villa
1483 3982 1696 4075 Suchdol,
1723 3987 1787 4058 sub

237 4106 404 4199 parochia
429 4104 595 4179 ecclcsiae
622 4104 665 4176 de
691 4103 1104 4192 Wroezimouioze,
1130 4105 1227 4176 cuius
1253 4104 1378 4176 haeres
1404 4092 1635 4196 Goworek,
1662 4106 1788 4177 nobilis

242 4227 286 4300 de
303 4224 410 4299 armis
435 4224 577 4299 Ravva.
612 4225 653 4297 Iu
680 4246 749 4317 qua
774 4231 856 4298 sunt
881 4225 972 4297 lanei
999 4225 1241 4315 emethoualeS,
1259 4225 1432 4297 solventes
1450 4225 1616 4297 decimam
1634 4228 1790 4317 manipu-

235 4347 364 4438 larem,
390 4345 452 4419 scd
485 4345 661 4438 perceptio
697 4346 771 4419 eius
806 4347 841 4419 in
877 4349 964 4419 duas
999 4346 1215 4438 praebendas
1251 4344 1497 4423 Gracovieuses
1524 4347 1787 4439 diversificatm,

240 4467 402 4542 videlicet
428 4466 464 4540 iu
490 4470 707 4558 praesentem
733 4467 967 4559 praebendam
994 4466 1193 4559 Zyrauska,
1219 4488 1306 4559 quae
1333 4489 1401 4541 uuo
1429 4490 1519 4542 auno
1545 4470 1694 4561 percipit
1710 4490 1788 4560 par·

239 4594 312 4663 tem
338 4588 503 4661 maiorem
530 4587 738 4680 hyemalium
766 4592 828 4661 aut
852 4588 1079 4679 aestivalium,
1106 4595 1143 4661 et
1170 4590 1205 4660 in
1224 4589 1333 4662 altero
1352 4610 1442 4662 anuo
1460 4595 1596 4682 partem
1621 4590 1789 4662 minorem

238 4716 300 4783 aut
325 4709 543 4783 aestivalium
568 4715 630 4782 aut
656 4709 885 4801 hyemalium3
911 4716 948 4783 et
974 4711 1010 4782 iu
1036 4709 1269 4800 praebendam
1297 4708 1559 4784 cracoviensem
1577 4709 1787 4803 Byezauow-

239 4830 321 4922 alra,
349 4830 413 4930 cui,
429 4828 610 4923 parimodo
637 4830 731 4903 cedit
756 4836 818 4903 aut
844 4832 971 4923 maior,
1008 4837 1068 4904 aut
1093 4832 1207 4905 minor
1233 4825 1325 4931 pars
1342 4832 1549 4924 hyemalium
1576 4837 1613 4904 et
1638 4833 1787 4906 aestiva-

237 4950 339 5042 lium,
365 4972 428 5043 per
462 4950 631 5025 altentas
656 4952 768 5042 vicar,
802 4957 840 5024 ct
865 4954 1041 5045 perceptio
1068 4953 1191 5044 canapi
1222 4954 1375 5045 pertinet
1399 4953 1445 5026 ad
1470 4974 1547 5027 eum
1574 4955 1786 5046 canonicum,

239 5070 299 5163 qui
323 5072 489 5145 maiorem
522 5078 657 5165 partem
691 5072 841 5167 percipit
865 5073 1089 5167 hyemalium,
1122 5079 1286 5148 tenentur
1312 5095 1388 5147 eam
1415 5075 1612 5149 emethoues
1637 5076 1789 5167 propriis

239 5192 399 5267 curribus
426 5193 552 5267 ducere
577 5195 614 5267 in
639 5195 803 5269 horreum
829 5216 893 5287 pro
921 5196 1094 5287 canonico,
1120 5201 1158 5268 ct
1184 5202 1333 5288 quatuor
1358 5197 1535 5271 iuncturas
1553 5196 1636 5269 dare
1654 5198 1787 5289 canapi,

237 5318 276 5395 et
301 5315 506 5395 muniatur
531 5314 630 5395 valor
656 5316 744 5408 eius,
771 5337 834 5411 pro
853 5316 1053 5415 praebenda
1068 5316 1274 5415 Zyrawslra,
1292 5318 1336 5393 ad
1354 5318 1441 5393 duas
1457 5338 1601 5395 marcas.
1619 5319 1687 5393 Est
1703 5320 1786 5396 etim
