<?xml version="1.0" encoding="UTF-8"?>
<!DOCTYPE html PUBLIC "-//W3C//DTD XHTML 1.0 Transitional//EN"
    "http://www.w3.org/TR/xhtml1/DTD/xhtml1-transitional.dtd">
<html xmlns="http://www.w3.org/1999/xhtml" xml:lang="en" lang="en">
 <head>
  <title>
</title>
<meta http-equiv="Content-Type" content="text/html;charset=utf-8" />
  <meta name='ocr-system' content='tesseract 3.04.00' />
  <meta name='ocr-capabilities' content='ocr_page ocr_carea ocr_par ocr_line ocrx_word'/>
</head>
<body>
  <div class='ocr_page' id='page_1' title='image "./joannisdugoszse00dugoog_0493.png"; bbox 0 0 4050 6054; ppageno 0'>
   <div class='ocr_carea' id='block_1_1' title="bbox 318 462 393 533">
    <p class='ocr_par' dir='ltr' id='par_1_1' title="bbox 318 462 393 533">
     <span class='ocr_line' id='line_1_1' title="bbox 318 462 393 533; baseline 0 0"><span class='ocrx_word' id='word_1_1' title='bbox 318 462 393 533; x_wconf 82' lang='lat'>464</span> 
     </span>
    </p>
   </div>
   <div class='ocr_carea' id='block_1_2' title="bbox 313 664 1864 1599">
    <p class='ocr_par' dir='ltr' id='par_1_2' title="bbox 313 664 1864 1599">
     <span class='ocr_line' id='line_1_2' title="bbox 315 664 1862 757; baseline -0.001 -20"><span class='ocrx_word' id='word_1_2' title='bbox 315 668 464 757; x_wconf 90' lang='lat' dir='ltr'>quinque</span> <span class='ocrx_word' id='word_1_3' title='bbox 499 665 591 737; x_wconf 88' lang='lat' dir='ltr'>lanei</span> <span class='ocrx_word' id='word_1_4' title='bbox 617 664 886 755; x_wconf 71' lang='lat' dir='ltr'>cmethonaleS,</span> <span class='ocrx_word' id='word_1_5' title='bbox 903 665 946 736; x_wconf 91' lang='lat' dir='ltr'>de</span> <span class='ocrx_word' id='word_1_6' title='bbox 974 665 1098 754; x_wconf 89' lang='lat' dir='ltr'>quibus</span> <span class='ocrx_word' id='word_1_7' title='bbox 1134 665 1282 736; x_wconf 82' lang='lat' dir='ltr'>solvitur</span> <span class='ocrx_word' id='word_1_8' title='bbox 1308 665 1441 736; x_wconf 92' lang='lat' dir='ltr'>decima</span> <span class='ocrx_word' id='word_1_9' title='bbox 1467 665 1709 756; x_wconf 76' lang='lat' dir='ltr'>manipulariS,</span> <span class='ocrx_word' id='word_1_10' title='bbox 1736 670 1774 736; x_wconf 92' lang='lat' dir='ltr'>et</span> <span class='ocrx_word' id='word_1_11' title='bbox 1798 684 1862 755; x_wconf 85' lang='lat' dir='ltr'>per</span> 
     </span>
     <span class='ocr_line' id='line_1_3' title="bbox 315 784 1864 878; baseline -0.001 -20"><span class='ocrx_word' id='word_1_12' title='bbox 315 793 465 878; x_wconf 90' lang='lat' dir='ltr'>quatuor</span> <span class='ocrx_word' id='word_1_13' title='bbox 500 787 639 875; x_wconf 82' lang='lat' dir='ltr'>ierugaa</span> <span class='ocrx_word' id='word_1_14' title='bbox 674 786 849 875; x_wconf 87' lang='lat' dir='ltr'>canapalis</span> <span class='ocrx_word' id='word_1_15' title='bbox 885 807 954 857; x_wconf 93' lang='lat' dir='ltr'>non</span> <span class='ocrx_word' id='word_1_16' title='bbox 981 786 1129 857; x_wconf 87' lang='lat' dir='ltr'>solvitur</span> <span class='ocrx_word' id='word_1_17' title='bbox 1163 786 1383 875; x_wconf 83' lang='lat' dir='ltr'>praebendae</span> <span class='ocrx_word' id='word_1_18' title='bbox 1418 784 1709 877; x_wconf 85' lang='lat' dir='ltr'>Schewyenskey,</span> <span class='ocrx_word' id='word_1_19' title='bbox 1736 791 1774 857; x_wconf 91' lang='lat' dir='ltr'>et</span> <span class='ocrx_word' id='word_1_20' title='bbox 1798 804 1864 876; x_wconf 90' lang='lat' dir='ltr'>per</span> 
     </span>
     <span class='ocr_line' id='line_1_4' title="bbox 315 886 1863 997; baseline -0.001 -19"><span class='ocrx_word' id='word_1_21' title='bbox 315 908 513 978; x_wconf 91' lang='lat' dir='ltr'>cmethones</span> <span class='ocrx_word' id='word_1_22' title='bbox 548 886 701 997; x_wconf 76' lang='lat' dir='ltr'>propriis</span> <span class='ocrx_word' id='word_1_23' title='bbox 736 907 896 978; x_wconf 91' lang='lat' dir='ltr'>curribus</span> <span class='ocrx_word' id='word_1_24' title='bbox 931 907 1069 977; x_wconf 86' lang='lat' dir='ltr'>ducitur</span> <span class='ocrx_word' id='word_1_25' title='bbox 1095 908 1132 976; x_wconf 92' lang='lat' dir='ltr'>in</span> <span class='ocrx_word' id='word_1_26' title='bbox 1158 904 1322 977; x_wconf 89' lang='lat' dir='ltr'>horreum</span> <span class='ocrx_word' id='word_1_27' title='bbox 1348 927 1370 977; x_wconf 92' lang='lat' dir='ltr'>a</span> <span class='ocrx_word' id='word_1_28' title='bbox 1396 907 1560 978; x_wconf 91' lang='lat' dir='ltr'>canonico</span> <span class='ocrx_word' id='word_1_29' title='bbox 1596 905 1799 994; x_wconf 73' lang='lat' dir='ltr'>locandum,</span> <span class='ocrx_word' id='word_1_30' title='bbox 1826 910 1863 976; x_wconf 94' lang='lat' dir='ltr'>et</span> 
     </span>
     <span class='ocr_line' id='line_1_5' title="bbox 313 1026 1862 1116; baseline -0.002 -17"><span class='ocrx_word' id='word_1_31' title='bbox 313 1028 411 1099; x_wconf 84' lang='lat' dir='ltr'>valor</span> <span class='ocrx_word' id='word_1_32' title='bbox 438 1028 512 1097; x_wconf 91' lang='lat' dir='ltr'>eius</span> <span class='ocrx_word' id='word_1_33' title='bbox 539 1027 744 1097; x_wconf 89' lang='lat' dir='ltr'>aestimatur</span> <span class='ocrx_word' id='word_1_34' title='bbox 770 1026 814 1096; x_wconf 87' lang='lat' dir='ltr'>ad</span> <span class='ocrx_word' id='word_1_35' title='bbox 841 1027 958 1098; x_wconf 90' lang='lat' dir='ltr'>decem</span> <span class='ocrx_word' id='word_1_36' title='bbox 984 1047 1136 1116; x_wconf 87' lang='lat' dir='ltr'>marcas,</span> <span class='ocrx_word' id='word_1_37' title='bbox 1162 1027 1368 1097; x_wconf 93' lang='lat' dir='ltr'>includendo</span> <span class='ocrx_word' id='word_1_38' title='bbox 1396 1026 1563 1098; x_wconf 85' lang='lat' dir='ltr'>decimam</span> <span class='ocrx_word' id='word_1_39' title='bbox 1590 1026 1633 1098; x_wconf 93' lang='lat' dir='ltr'>de</span> <span class='ocrx_word' id='word_1_40' title='bbox 1659 1027 1754 1116; x_wconf 81' lang='lat' dir='ltr'>agris</span> <span class='ocrx_word' id='word_1_41' title='bbox 1779 1027 1862 1098; x_wconf 91' lang='lat' dir='ltr'>hor-</span> 
     </span>
     <span class='ocr_line' id='line_1_6' title="bbox 314 1146 1863 1237; baseline -0.002 -18"><span class='ocrx_word' id='word_1_42' title='bbox 314 1149 536 1237; x_wconf 89' lang='lat' dir='ltr'>tulaniarum,</span> <span class='ocrx_word' id='word_1_43' title='bbox 562 1153 599 1219; x_wconf 91' lang='lat' dir='ltr'>et</span> <span class='ocrx_word' id='word_1_44' title='bbox 626 1148 668 1217; x_wconf 92' lang='lat' dir='ltr'>de</span> <span class='ocrx_word' id='word_1_45' title='bbox 696 1149 790 1237; x_wconf 80' lang='lat' dir='ltr'>agris</span> <span class='ocrx_word' id='word_1_46' title='bbox 816 1147 1046 1236; x_wconf 90' lang='lat' dir='ltr'>praediorum.</span> <span class='ocrx_word' id='word_1_47' title='bbox 1072 1147 1161 1217; x_wconf 84' lang='lat' dir='ltr'>Item</span> <span class='ocrx_word' id='word_1_48' title='bbox 1188 1148 1353 1218; x_wconf 88' lang='lat' dir='ltr'>tabernae</span> <span class='ocrx_word' id='word_1_49' title='bbox 1370 1168 1440 1217; x_wconf 90' lang='lat' dir='ltr'>non</span> <span class='ocrx_word' id='word_1_50' title='bbox 1459 1152 1540 1218; x_wconf 90' lang='lat' dir='ltr'>sunt</span> <span class='ocrx_word' id='word_1_51' title='bbox 1562 1147 1698 1237; x_wconf 85' lang='lat' dir='ltr'>aliquae</span> <span class='ocrx_word' id='word_1_52' title='bbox 1725 1148 1761 1217; x_wconf 94' lang='lat' dir='ltr'>in</span> <span class='ocrx_word' id='word_1_53' title='bbox 1778 1146 1863 1217; x_wconf 82' lang='lat' dir='ltr'>villa</span> 
     </span>
     <span class='ocr_line' id='line_1_7' title="bbox 314 1266 1863 1358; baseline -0.001 -20"><span class='ocrx_word' id='word_1_54' title='bbox 314 1269 444 1339; x_wconf 91' lang='lat' dir='ltr'>eadem.</span> <span class='ocrx_word' id='word_1_55' title='bbox 469 1268 559 1339; x_wconf 83' lang='lat' dir='ltr'>Item</span> <span class='ocrx_word' id='word_1_56' title='bbox 585 1268 805 1339; x_wconf 89' lang='lat' dir='ltr'>hortulaniae</span> <span class='ocrx_word' id='word_1_57' title='bbox 833 1268 951 1338; x_wconf 93' lang='lat' dir='ltr'>decem</span> <span class='ocrx_word' id='word_1_58' title='bbox 977 1273 1013 1338; x_wconf 90' lang='lat' dir='ltr'>et</span> <span class='ocrx_word' id='word_1_59' title='bbox 1039 1274 1173 1358; x_wconf 87' lang='lat' dir='ltr'>septem</span> <span class='ocrx_word' id='word_1_60' title='bbox 1199 1268 1368 1339; x_wconf 90' lang='lat' dir='ltr'>habentes</span> <span class='ocrx_word' id='word_1_61' title='bbox 1395 1268 1550 1358; x_wconf 85' lang='lat' dir='ltr'>singulae</span> <span class='ocrx_word' id='word_1_62' title='bbox 1577 1288 1690 1358; x_wconf 78' lang='lat' dir='ltr'>agree,</span> <span class='ocrx_word' id='word_1_63' title='bbox 1717 1266 1760 1338; x_wconf 88' lang='lat' dir='ltr'>de</span> <span class='ocrx_word' id='word_1_64' title='bbox 1787 1267 1863 1356; x_wconf 89' lang='lat' dir='ltr'>qui-</span> 
     </span>
     <span class='ocr_line' id='line_1_8' title="bbox 314 1385 1864 1482; baseline -0.001 -23"><span class='ocrx_word' id='word_1_65' title='bbox 314 1390 380 1459; x_wconf 90' lang='lat' dir='ltr'>bus</span> <span class='ocrx_word' id='word_1_66' title='bbox 407 1389 540 1459; x_wconf 86' lang='lat' dir='ltr'>decima</span> <span class='ocrx_word' id='word_1_67' title='bbox 566 1387 791 1479; x_wconf 87' lang='lat' dir='ltr'>manipularis</span> <span class='ocrx_word' id='word_1_68' title='bbox 818 1388 965 1459; x_wconf 88' lang='lat' dir='ltr'>solvitur</span> <span class='ocrx_word' id='word_1_69' title='bbox 991 1389 1154 1459; x_wconf 90' lang='lat' dir='ltr'>canonico</span> <span class='ocrx_word' id='word_1_70' title='bbox 1181 1390 1217 1458; x_wconf 91' lang='lat' dir='ltr'>in</span> <span class='ocrx_word' id='word_1_71' title='bbox 1242 1385 1466 1482; x_wconf 58' lang='lat' dir='ltr'>pontiliacum</span> <span class='ocrx_word' id='word_1_72' title='bbox 1493 1391 1576 1458; x_wconf 91' lang='lat' dir='ltr'>item</span> <span class='ocrx_word' id='word_1_73' title='bbox 1602 1387 1747 1477; x_wconf 90' lang='lat' dir='ltr'>praedia</span> <span class='ocrx_word' id='word_1_74' title='bbox 1773 1386 1864 1457; x_wconf 92' lang='lat' dir='ltr'>mili·</span> 
     </span>
     <span class='ocr_line' id='line_1_9' title="bbox 313 1508 1862 1599; baseline 0.001 -19"><span class='ocrx_word' id='word_1_75' title='bbox 313 1509 404 1580; x_wconf 79' lang='lat' dir='ltr'>laria</span> <span class='ocrx_word' id='word_1_76' title='bbox 431 1514 588 1599; x_wconf 90' lang='lat' dir='ltr'>quatuor,</span> <span class='ocrx_word' id='word_1_77' title='bbox 616 1509 678 1579; x_wconf 91' lang='lat' dir='ltr'>sed</span> <span class='ocrx_word' id='word_1_78' title='bbox 705 1509 801 1579; x_wconf 84' lang='lat' dir='ltr'>varie</span> <span class='ocrx_word' id='word_1_79' title='bbox 828 1509 966 1579; x_wconf 84' lang='lat' dir='ltr'>solvunt</span> <span class='ocrx_word' id='word_1_80' title='bbox 993 1509 1170 1599; x_wconf 88' lang='lat' dir='ltr'>decimam,</span> <span class='ocrx_word' id='word_1_81' title='bbox 1197 1530 1277 1579; x_wconf 89' lang='lat' dir='ltr'>uam</span> <span class='ocrx_word' id='word_1_82' title='bbox 1304 1509 1346 1579; x_wconf 91' lang='lat' dir='ltr'>dc</span> <span class='ocrx_word' id='word_1_83' title='bbox 1374 1510 1467 1599; x_wconf 80' lang='lat' dir='ltr'>agris</span> <span class='ocrx_word' id='word_1_84' title='bbox 1495 1508 1744 1599; x_wconf 86' lang='lat' dir='ltr'>praedialibus,</span> <span class='ocrx_word' id='word_1_85' title='bbox 1773 1528 1862 1599; x_wconf 84' lang='lat' dir='ltr'>qnos</span> 
     </span>
    </p>
   </div>
   <div class='ocr_carea' id='block_1_3' title="bbox 312 1627 2008 1731">
    <p class='ocr_par' dir='ltr' id='par_1_3' title="bbox 312 1627 2008 1731">
     <span class='ocr_line' id='line_1_10' title="bbox 312 1627 2008 1731; baseline -0.002 -30"><span class='ocrx_word' id='word_1_86' title='bbox 312 1631 444 1701; x_wconf 91' lang='lat' dir='ltr'>habent</span> <span class='ocrx_word' id='word_1_87' title='bbox 470 1651 591 1701; x_wconf 86' lang='lat' dir='ltr'>versus</span> <span class='ocrx_word' id='word_1_88' title='bbox 617 1630 736 1701; x_wconf 84' lang='lat' dir='ltr'>villam</span> <span class='ocrx_word' id='word_1_89' title='bbox 763 1629 1079 1719; x_wconf 87' lang='lat' dir='ltr'>Mirkowicze,</span> <span class='ocrx_word' id='word_1_90' title='bbox 1116 1629 1256 1701; x_wconf 91' lang='lat' dir='ltr'>solvunt</span> <span class='ocrx_word' id='word_1_91' title='bbox 1283 1629 1450 1700; x_wconf 88' lang='lat' dir='ltr'>decimam</span> <span class='ocrx_word' id='word_1_92' title='bbox 1477 1628 1726 1720; x_wconf 87' lang='lat' dir='ltr'>manipularem</span> <span class='ocrx_word' id='word_1_93' title='bbox 1753 1627 1864 1699; x_wconf 81' lang='lat' dir='ltr'>ecele-</span> <span class='ocrx_word' id='word_1_94' title='bbox 2002 1726 2008 1731; x_wconf 24' lang='grc' dir='ltr'>Ι</span> 
     </span>
    </p>
   </div>
   <div class='ocr_carea' id='block_1_4' title="bbox 237 1748 1864 2442">
    <p class='ocr_par' dir='ltr' id='par_1_4' title="bbox 237 1748 1864 2442">
     <span class='ocr_line' id='line_1_11' title="bbox 314 1748 1863 1840; baseline -0.003 -18"><span class='ocrx_word' id='word_1_95' title='bbox 314 1751 385 1823; x_wconf 87' lang='lat' dir='ltr'>siae</span> <span class='ocrx_word' id='word_1_96' title='bbox 412 1751 604 1840; x_wconf 80' lang='lat' dir='ltr'>parochiali</span> <span class='ocrx_word' id='word_1_97' title='bbox 630 1757 665 1821; x_wconf 87' lang='lat' dir='ltr'>et</span> <span class='ocrx_word' id='word_1_98' title='bbox 691 1750 838 1839; x_wconf 92' lang='lat' dir='ltr'>plebano</span> <span class='ocrx_word' id='word_1_99' title='bbox 867 1752 901 1820; x_wconf 93' lang='lat' dir='ltr'>in</span> <span class='ocrx_word' id='word_1_100' title='bbox 929 1749 1164 1838; x_wconf 84' lang='lat' dir='ltr'>Schewna3</span> <span class='ocrx_word' id='word_1_101' title='bbox 1200 1751 1243 1821; x_wconf 92' lang='lat' dir='ltr'>de</span> <span class='ocrx_word' id='word_1_102' title='bbox 1269 1751 1363 1840; x_wconf 86' lang='lat' dir='ltr'>agris</span> <span class='ocrx_word' id='word_1_103' title='bbox 1390 1770 1472 1821; x_wconf 88' lang='lat' dir='ltr'>vero</span> <span class='ocrx_word' id='word_1_104' title='bbox 1501 1749 1577 1820; x_wconf 89' lang='lat' dir='ltr'>sitis</span> <span class='ocrx_word' id='word_1_105' title='bbox 1602 1750 1697 1820; x_wconf 91' lang='lat' dir='ltr'>ultra</span> <span class='ocrx_word' id='word_1_106' title='bbox 1721 1748 1863 1819; x_wconf 84' lang='lat' dir='ltr'>fluvium</span> 
     </span>
     <span class='ocr_line' id='line_1_12' title="bbox 315 1869 1864 1960; baseline -0.002 -18"><span class='ocrx_word' id='word_1_107' title='bbox 315 1871 572 1943; x_wconf 86' lang='lat' dir='ltr'>Skarszina</span> <span class='ocrx_word' id='word_1_108' title='bbox 597 1891 719 1942; x_wconf 88' lang='lat' dir='ltr'>versus</span> <span class='ocrx_word' id='word_1_109' title='bbox 746 1869 993 1960; x_wconf 88' lang='lat' dir='ltr'>Oppathow</span> <span class='ocrx_word' id='word_1_110' title='bbox 1020 1871 1193 1960; x_wconf 89' lang='lat' dir='ltr'>oppidum,</span> <span class='ocrx_word' id='word_1_111' title='bbox 1220 1871 1382 1960; x_wconf 92' lang='lat' dir='ltr'>quoniam</span> <span class='ocrx_word' id='word_1_112' title='bbox 1404 1871 1443 1941; x_wconf 93' lang='lat' dir='ltr'>hi</span> <span class='ocrx_word' id='word_1_113' title='bbox 1458 1871 1535 1959; x_wconf 76' lang='lat' dir='ltr'>agri</span> <span class='ocrx_word' id='word_1_114' title='bbox 1562 1869 1735 1959; x_wconf 91' lang='lat' dir='ltr'>quondam</span> <span class='ocrx_word' id='word_1_115' title='bbox 1761 1874 1864 1941; x_wconf 84' lang='lat' dir='ltr'>erant</span> 
     </span>
     <span class='ocr_line' id='line_1_13' title="bbox 315 1988 1864 2081; baseline -0.001 -19"><span class='ocrx_word' id='word_1_116' title='bbox 315 1992 556 2081; x_wconf 89' lang='lat' dir='ltr'>cmethonales,</span> <span class='ocrx_word' id='word_1_117' title='bbox 584 1991 723 2062; x_wconf 79' lang='lat' dir='ltr'>solvimt</span> <span class='ocrx_word' id='word_1_118' title='bbox 749 1990 916 2062; x_wconf 86' lang='lat' dir='ltr'>decimam</span> <span class='ocrx_word' id='word_1_119' title='bbox 943 1991 1192 2081; x_wconf 85' lang='lat' dir='ltr'>manipularem</span> <span class='ocrx_word' id='word_1_120' title='bbox 1218 1991 1439 2079; x_wconf 89' lang='lat' dir='ltr'>praebendae</span> <span class='ocrx_word' id='word_1_121' title='bbox 1456 1988 1654 2060; x_wconf 89' lang='lat' dir='ltr'>Kelcziensi</span> <span class='ocrx_word' id='word_1_122' title='bbox 1679 1988 1864 2079; x_wconf 84' lang='lat' dir='ltr'>Schewyn-</span> 
     </span>
     <span class='ocr_line' id='line_1_14' title="bbox 237 2108 1863 2206; baseline -0.002 -24"><span class='ocrx_word' id='word_1_123' title='bbox 237 2196 240 2201; x_wconf 19' lang='grc' dir='ltr'>Ι</span> <span class='ocrx_word' id='word_1_124' title='bbox 315 2112 379 2182; x_wconf 89' lang='lat' dir='ltr'>ska</span> <span class='ocrx_word' id='word_1_125' title='bbox 404 2112 440 2181; x_wconf 94' lang='lat' dir='ltr'>in</span> <span class='ocrx_word' id='word_1_126' title='bbox 465 2108 680 2206; x_wconf 76' lang='lat' dir='ltr'>ponitbwom.</span> <span class='ocrx_word' id='word_1_127' title='bbox 705 2111 796 2181; x_wconf 91' lang='lat' dir='ltr'>ltem</span> <span class='ocrx_word' id='word_1_128' title='bbox 814 2112 922 2182; x_wconf 90' lang='lat' dir='ltr'>estin</span> <span class='ocrx_word' id='word_1_129' title='bbox 941 2111 1060 2181; x_wconf 90' lang='lat' dir='ltr'>eadem</span> <span class='ocrx_word' id='word_1_130' title='bbox 1088 2111 1171 2181; x_wconf 89' lang='lat' dir='ltr'>villa</span> <span class='ocrx_word' id='word_1_131' title='bbox 1187 2111 1432 2199; x_wconf 86' lang='lat' dir='ltr'>molendinum,</span> <span class='ocrx_word' id='word_1_132' title='bbox 1460 2109 1521 2200; x_wconf 86' lang='lat' dir='ltr'>sed</span> <span class='ocrx_word' id='word_1_133' title='bbox 1539 2109 1732 2182; x_wconf 89' lang='lat' dir='ltr'>nonhabet</span> <span class='ocrx_word' id='word_1_134' title='bbox 1750 2128 1863 2198; x_wconf 80' lang='lat' dir='ltr'>agros,</span> 
     </span>
     <span class='ocr_line' id='line_1_15' title="bbox 314 2229 1863 2320; baseline -0.003 -19"><span class='ocrx_word' id='word_1_135' title='bbox 314 2232 397 2302; x_wconf 92' lang='lat' dir='ltr'>item</span> <span class='ocrx_word' id='word_1_136' title='bbox 433 2230 599 2302; x_wconf 86' lang='lat' dir='ltr'>decimam</span> <span class='ocrx_word' id='word_1_137' title='bbox 635 2231 834 2320; x_wconf 89' lang='lat' dir='ltr'>canapalem</span> <span class='ocrx_word' id='word_1_138' title='bbox 869 2231 952 2301; x_wconf 87' lang='lat' dir='ltr'>villa</span> <span class='ocrx_word' id='word_1_139' title='bbox 987 2230 1143 2320; x_wconf 84' lang='lat' dir='ltr'>praelata</span> <span class='ocrx_word' id='word_1_140' title='bbox 1179 2236 1215 2300; x_wconf 92' lang='lat' dir='ltr'>et</span> <span class='ocrx_word' id='word_1_141' title='bbox 1251 2231 1326 2301; x_wconf 91' lang='lat' dir='ltr'>eius</span> <span class='ocrx_word' id='word_1_142' title='bbox 1363 2230 1561 2300; x_wconf 90' lang='lat' dir='ltr'>cmethones</span> <span class='ocrx_word' id='word_1_143' title='bbox 1597 2235 1634 2300; x_wconf 89' lang='lat' dir='ltr'>et</span> <span class='ocrx_word' id='word_1_144' title='bbox 1658 2229 1792 2300; x_wconf 85' lang='lat' dir='ltr'>incolae</span> <span class='ocrx_word' id='word_1_145' title='bbox 1818 2248 1863 2299; x_wconf 84' lang='lat' dir='ltr'>ex</span> 
     </span>
     <span class='ocr_line' id='line_1_16' title="bbox 314 2351 1120 2442; baseline -0.004 -20"><span class='ocrx_word' id='word_1_146' title='bbox 314 2351 561 2423; x_wconf 87' lang='lat' dir='ltr'>consuetudine</span> <span class='ocrx_word' id='word_1_147' title='bbox 587 2353 848 2442; x_wconf 88' lang='lat' dir='ltr'>praescriptam,</span> <span class='ocrx_word' id='word_1_148' title='bbox 876 2372 945 2422; x_wconf 92' lang='lat' dir='ltr'>non</span> <span class='ocrx_word' id='word_1_149' title='bbox 972 2351 1120 2422; x_wconf 87' lang='lat' dir='ltr'>solvunt.</span> 
     </span>
    </p>
   </div>
   <div class='ocr_carea' id='block_1_5' title="bbox 680 2612 1511 2718">
    <p class='ocr_par' dir='ltr' id='par_1_5' title="bbox 680 2612 1511 2718">
     <span class='ocr_line' id='line_1_17' title="bbox 680 2612 1511 2718; baseline 0 -26"><span class='ocrx_word' id='word_1_150' title='bbox 680 2613 844 2694; x_wconf 78' lang='lat' dir='ltr'>vicaria</span> <span class='ocrx_word' id='word_1_151' title='bbox 879 2612 1147 2718; x_wconf 83' lang='lat' dir='ltr'>praebendae</span> <span class='ocrx_word' id='word_1_152' title='bbox 1180 2612 1511 2718; x_wconf 80' lang='lat' dir='ltr'>Schewyeneke.</span> 
     </span>
    </p>
   </div>
   <div class='ocr_carea' id='block_1_6' title="bbox 314 2832 1863 4492">
    <p class='ocr_par' dir='ltr' id='par_1_6' title="bbox 314 2832 1863 3406">
     <span class='ocr_line' id='line_1_18' title="bbox 417 2832 1861 2925; baseline -0.001 -21"><span class='ocrx_word' id='word_1_153' title='bbox 417 2833 622 2905; x_wconf 87' lang='lat' dir='ltr'>Praebenda</span> <span class='ocrx_word' id='word_1_154' title='bbox 639 2833 892 2925; x_wconf 79' lang='lat' dir='ltr'>Schewyenska</span> <span class='ocrx_word' id='word_1_155' title='bbox 917 2834 1023 2905; x_wconf 89' lang='lat' dir='ltr'>habet</span> <span class='ocrx_word' id='word_1_156' title='bbox 1049 2834 1245 2924; x_wconf 90' lang='lat' dir='ltr'>habereque</span> <span class='ocrx_word' id='word_1_157' title='bbox 1264 2833 1441 2904; x_wconf 85' lang='lat' dir='ltr'>consvevit</span> <span class='ocrx_word' id='word_1_158' title='bbox 1466 2832 1632 2903; x_wconf 87' lang='lat' dir='ltr'>vicariam</span> <span class='ocrx_word' id='word_1_159' title='bbox 1656 2836 1861 2923; x_wconf 87' lang='lat' dir='ltr'>perpetuam</span> 
     </span>
     <span class='ocr_line' id='line_1_19' title="bbox 314 2951 1862 3045; baseline -0.001 -19"><span class='ocrx_word' id='word_1_160' title='bbox 314 2957 350 3027; x_wconf 93' lang='lat' dir='ltr'>in</span> <span class='ocrx_word' id='word_1_161' title='bbox 377 2956 522 3027; x_wconf 90' lang='lat' dir='ltr'>ecclesia</span> <span class='ocrx_word' id='word_1_162' title='bbox 547 2954 783 3045; x_wconf 85' lang='lat' dir='ltr'>Kyelcziensi,</span> <span class='ocrx_word' id='word_1_163' title='bbox 821 2975 923 3044; x_wconf 90' lang='lat' dir='ltr'>quam</span> <span class='ocrx_word' id='word_1_164' title='bbox 950 2975 1041 3025; x_wconf 92' lang='lat' dir='ltr'>nunc</span> <span class='ocrx_word' id='word_1_165' title='bbox 1067 2955 1202 3026; x_wconf 90' lang='lat' dir='ltr'>obtinet</span> <span class='ocrx_word' id='word_1_166' title='bbox 1228 2955 1354 3044; x_wconf 87' lang='lat' dir='ltr'>Hynek</span> <span class='ocrx_word' id='word_1_167' title='bbox 1382 2955 1424 3024; x_wconf 91' lang='lat' dir='ltr'>de</span> <span class='ocrx_word' id='word_1_168' title='bbox 1452 2951 1729 3025; x_wconf 85' lang='lat' dir='ltr'>Goriinicze</span> <span class='ocrx_word' id='word_1_169' title='bbox 1762 2971 1862 3043; x_wconf 84' lang='lat' dir='ltr'>pres·</span> 
     </span>
     <span class='ocr_line' id='line_1_20' title="bbox 314 3073 1862 3168; baseline -0.002 -21"><span class='ocrx_word' id='word_1_170' title='bbox 314 3078 425 3168; x_wconf 88' lang='lat' dir='ltr'>hyter,</span> <span class='ocrx_word' id='word_1_171' title='bbox 453 3076 549 3147; x_wconf 90' lang='lat' dir='ltr'>cuius</span> <span class='ocrx_word' id='word_1_172' title='bbox 575 3076 697 3146; x_wconf 89' lang='lat' dir='ltr'>unicus</span> <span class='ocrx_word' id='word_1_173' title='bbox 725 3075 870 3146; x_wconf 89' lang='lat' dir='ltr'>collator</span> <span class='ocrx_word' id='word_1_174' title='bbox 896 3080 932 3145; x_wconf 92' lang='lat' dir='ltr'>et</span> <span class='ocrx_word' id='word_1_175' title='bbox 957 3080 1123 3165; x_wconf 87' lang='lat' dir='ltr'>patronus</span> <span class='ocrx_word' id='word_1_176' title='bbox 1151 3079 1205 3146; x_wconf 94' lang='lat' dir='ltr'>est</span> <span class='ocrx_word' id='word_1_177' title='bbox 1232 3075 1416 3146; x_wconf 89' lang='lat' dir='ltr'>canonicus</span> <span class='ocrx_word' id='word_1_178' title='bbox 1442 3073 1667 3145; x_wconf 88' lang='lat' dir='ltr'>Kiclcziensis</span> <span class='ocrx_word' id='word_1_179' title='bbox 1692 3073 1862 3163; x_wconf 90' lang='lat' dir='ltr'>praeben-</span> 
     </span>
     <span class='ocr_line' id='line_1_21' title="bbox 315 3194 1863 3288; baseline -0.003 -20"><span class='ocrx_word' id='word_1_180' title='bbox 315 3197 380 3268; x_wconf 88' lang='lat' dir='ltr'>dae</span> <span class='ocrx_word' id='word_1_181' title='bbox 406 3196 582 3288; x_wconf 86' lang='lat' dir='ltr'>praelatae</span> <span class='ocrx_word' id='word_1_182' title='bbox 600 3196 862 3287; x_wconf 85' lang='lat' dir='ltr'>Schewyenska,</span> <span class='ocrx_word' id='word_1_183' title='bbox 890 3217 977 3286; x_wconf 89' lang='lat' dir='ltr'>quae</span> <span class='ocrx_word' id='word_1_184' title='bbox 1004 3216 1149 3285; x_wconf 82' lang='lat' dir='ltr'>proauo</span> <span class='ocrx_word' id='word_1_185' title='bbox 1175 3195 1282 3267; x_wconf 88' lang='lat' dir='ltr'>fundo</span> <span class='ocrx_word' id='word_1_186' title='bbox 1309 3200 1413 3285; x_wconf 90' lang='lat' dir='ltr'>atque</span> <span class='ocrx_word' id='word_1_187' title='bbox 1441 3195 1522 3266; x_wconf 86' lang='lat' dir='ltr'>dote</span> <span class='ocrx_word' id='word_1_188' title='bbox 1548 3194 1654 3265; x_wconf 88' lang='lat' dir='ltr'>habet</span> <span class='ocrx_word' id='word_1_189' title='bbox 1671 3198 1863 3285; x_wconf 83' lang='lat' dir='ltr'>proventus</span> 
     </span>
     <span class='ocr_line' id='line_1_22' title="bbox 316 3316 563 3406; baseline -0.004 -18"><span class='ocrx_word' id='word_1_190' title='bbox 316 3316 563 3406; x_wconf 82' lang='lat' dir='ltr'>infrascriptos.</span> 
     </span>
    </p>

    <p class='ocr_par' dir='ltr' id='par_1_7' title="bbox 314 3436 1863 4492">
     <span class='ocr_line' id='line_1_23' title="bbox 418 3436 1863 3529; baseline -0.001 -21"><span class='ocrx_word' id='word_1_191' title='bbox 418 3438 577 3528; x_wconf 75' lang='lat' dir='ltr'>Rannnr,</span> <span class='ocrx_word' id='word_1_192' title='bbox 603 3438 687 3510; x_wconf 84' lang='lat' dir='ltr'>villa</span> <span class='ocrx_word' id='word_1_193' title='bbox 714 3439 778 3509; x_wconf 90' lang='lat' dir='ltr'>sub</span> <span class='ocrx_word' id='word_1_194' title='bbox 796 3438 962 3529; x_wconf 87' lang='lat' dir='ltr'>parochia</span> <span class='ocrx_word' id='word_1_195' title='bbox 988 3438 1154 3525; x_wconf 83' lang='lat' dir='ltr'>ecclesiae</span> <span class='ocrx_word' id='word_1_196' title='bbox 1181 3438 1224 3510; x_wconf 93' lang='lat' dir='ltr'>de</span> <span class='ocrx_word' id='word_1_197' title='bbox 1250 3437 1450 3527; x_wconf 88' lang='lat' dir='ltr'>Kyelcze</span> <span class='ocrx_word' id='word_1_198' title='bbox 1477 3437 1553 3526; x_wconf 85' lang='lat' dir='ltr'>sita,</span> <span class='ocrx_word' id='word_1_199' title='bbox 1581 3437 1678 3507; x_wconf 89' lang='lat' dir='ltr'>cuius</span> <span class='ocrx_word' id='word_1_200' title='bbox 1704 3436 1863 3526; x_wconf 88' lang='lat' dir='ltr'>proprie·</span> 
     </span>
     <span class='ocr_line' id='line_1_24' title="bbox 314 3557 1863 3650; baseline -0.002 -19"><span class='ocrx_word' id='word_1_201' title='bbox 314 3565 370 3631; x_wconf 89' lang='lat' dir='ltr'>tas</span> <span class='ocrx_word' id='word_1_202' title='bbox 389 3565 424 3629; x_wconf 89' lang='lat' dir='ltr'>et</span> <span class='ocrx_word' id='word_1_203' title='bbox 441 3559 628 3630; x_wconf 90' lang='lat' dir='ltr'>dominium</span> <span class='ocrx_word' id='word_1_204' title='bbox 647 3559 691 3629; x_wconf 91' lang='lat' dir='ltr'>ad</span> <span class='ocrx_word' id='word_1_205' title='bbox 709 3560 908 3650; x_wconf 88' lang='lat' dir='ltr'>episcopum</span> <span class='ocrx_word' id='word_1_206' title='bbox 935 3557 1198 3629; x_wconf 84' lang='lat' dir='ltr'>Gracoviensem</span> <span class='ocrx_word' id='word_1_207' title='bbox 1226 3559 1389 3648; x_wconf 86' lang='lat' dir='ltr'>pertinet,</span> <span class='ocrx_word' id='word_1_208' title='bbox 1416 3559 1452 3628; x_wconf 93' lang='lat' dir='ltr'>in</span> <span class='ocrx_word' id='word_1_209' title='bbox 1470 3578 1538 3647; x_wconf 89' lang='lat' dir='ltr'>qua</span> <span class='ocrx_word' id='word_1_210' title='bbox 1555 3563 1611 3628; x_wconf 90' lang='lat' dir='ltr'>est</span> <span class='ocrx_word' id='word_1_211' title='bbox 1628 3558 1721 3628; x_wconf 89' lang='lat' dir='ltr'>nltra</span> <span class='ocrx_word' id='word_1_212' title='bbox 1738 3576 1863 3628; x_wconf 86' lang='lat' dir='ltr'>novem</span> 
     </span>
     <span class='ocr_line' id='line_1_25' title="bbox 314 3677 1863 3769; baseline -0.003 -18"><span class='ocrx_word' id='word_1_213' title='bbox 314 3681 433 3752; x_wconf 89' lang='lat' dir='ltr'>laneos</span> <span class='ocrx_word' id='word_1_214' title='bbox 461 3679 694 3751; x_wconf 89' lang='lat' dir='ltr'>cmethonales</span> <span class='ocrx_word' id='word_1_215' title='bbox 721 3678 766 3750; x_wconf 88' lang='lat' dir='ltr'>ad</span> <span class='ocrx_word' id='word_1_216' title='bbox 793 3680 990 3769; x_wconf 88' lang='lat' dir='ltr'>episcopum</span> <span class='ocrx_word' id='word_1_217' title='bbox 1017 3677 1278 3750; x_wconf 85' lang='lat' dir='ltr'>Oracoviensem</span> <span class='ocrx_word' id='word_1_218' title='bbox 1315 3679 1548 3768; x_wconf 88' lang='lat' dir='ltr'>pertinentes,</span> <span class='ocrx_word' id='word_1_219' title='bbox 1582 3698 1671 3749; x_wconf 90' lang='lat' dir='ltr'>unus</span> <span class='ocrx_word' id='word_1_220' title='bbox 1703 3677 1863 3766; x_wconf 89' lang='lat' dir='ltr'>specialis</span> 
     </span>
     <span class='ocr_line' id='line_1_26' title="bbox 314 3796 1862 3890; baseline -0.002 -19"><span class='ocrx_word' id='word_1_221' title='bbox 314 3801 435 3871; x_wconf 93' lang='lat' dir='ltr'>laneus</span> <span class='ocrx_word' id='word_1_222' title='bbox 453 3800 498 3870; x_wconf 96' lang='lat' dir='ltr'>ad</span> <span class='ocrx_word' id='word_1_223' title='bbox 516 3801 680 3871; x_wconf 83' lang='lat' dir='ltr'>vicariam</span> <span class='ocrx_word' id='word_1_224' title='bbox 707 3800 929 3870; x_wconf 90' lang='lat' dir='ltr'>canonicatus</span> <span class='ocrx_word' id='word_1_225' title='bbox 948 3805 984 3870; x_wconf 90' lang='lat' dir='ltr'>et</span> <span class='ocrx_word' id='word_1_226' title='bbox 1001 3799 1219 3889; x_wconf 88' lang='lat' dir='ltr'>praebendae</span> <span class='ocrx_word' id='word_1_227' title='bbox 1246 3798 1481 3890; x_wconf 87' lang='lat' dir='ltr'>Kyelcziensis</span> <span class='ocrx_word' id='word_1_228' title='bbox 1499 3797 1744 3872; x_wconf 88' lang='lat' dir='ltr'>Scbcwienska</span> <span class='ocrx_word' id='word_1_229' title='bbox 1760 3796 1862 3886; x_wconf 92' lang='lat' dir='ltr'>pleno</span> 
     </span>
     <span class='ocr_line' id='line_1_27' title="bbox 315 3919 1862 4010; baseline -0.003 -19"><span class='ocrx_word' id='word_1_230' title='bbox 315 3923 390 3992; x_wconf 88' lang='lat' dir='ltr'>iure</span> <span class='ocrx_word' id='word_1_231' title='bbox 418 3928 453 3990; x_wconf 91' lang='lat' dir='ltr'>et</span> <span class='ocrx_word' id='word_1_232' title='bbox 478 3921 616 4009; x_wconf 83' lang='lat' dir='ltr'>integro</span> <span class='ocrx_word' id='word_1_233' title='bbox 643 3922 829 4010; x_wconf 86' lang='lat' dir='ltr'>pertinens,</span> <span class='ocrx_word' id='word_1_234' title='bbox 858 3920 917 4009; x_wconf 90' lang='lat' dir='ltr'>qui</span> <span class='ocrx_word' id='word_1_235' title='bbox 934 3921 1064 3991; x_wconf 85' lang='lat' dir='ltr'>vicario</span> <span class='ocrx_word' id='word_1_236' title='bbox 1091 3919 1269 4009; x_wconf 84' lang='lat' dir='ltr'>praelatae</span> <span class='ocrx_word' id='word_1_237' title='bbox 1295 3919 1516 4008; x_wconf 90' lang='lat' dir='ltr'>praebendae</span> <span class='ocrx_word' id='word_1_238' title='bbox 1541 3938 1606 4008; x_wconf 91' lang='lat' dir='ltr'>pro</span> <span class='ocrx_word' id='word_1_239' title='bbox 1624 3937 1729 3988; x_wconf 87' lang='lat' dir='ltr'>censu</span> <span class='ocrx_word' id='word_1_240' title='bbox 1748 3937 1862 3988; x_wconf 88' lang='lat' dir='ltr'>annuo</span> 
     </span>
     <span class='ocr_line' id='line_1_28' title="bbox 316 4037 1863 4111; baseline -0.003 0"><span class='ocrx_word' id='word_1_241' title='bbox 316 4040 421 4111; x_wconf 87' lang='lat' dir='ltr'>solvit</span> <span class='ocrx_word' id='word_1_242' title='bbox 439 4094 606 4109; x_wconf 91' lang='grc'><strong>.......</strong></span> <span class='ocrx_word' id='word_1_243' title='bbox 632 4040 721 4110; x_wconf 90' lang='lat' dir='ltr'>Item</span> <span class='ocrx_word' id='word_1_244' title='bbox 748 4041 838 4111; x_wconf 93' lang='lat' dir='ltr'>idem</span> <span class='ocrx_word' id='word_1_245' title='bbox 864 4039 985 4111; x_wconf 88' lang='lat' dir='ltr'>laneus</span> <span class='ocrx_word' id='word_1_246' title='bbox 1012 4040 1186 4111; x_wconf 90' lang='lat' dir='ltr'>vicarialis</span> <span class='ocrx_word' id='word_1_247' title='bbox 1214 4040 1287 4111; x_wconf 87' lang='lat' dir='ltr'>sive</span> <span class='ocrx_word' id='word_1_248' title='bbox 1323 4039 1532 4110; x_wconf 88' lang='lat' dir='ltr'>canonicalis</span> <span class='ocrx_word' id='word_1_249' title='bbox 1563 4038 1668 4110; x_wconf 88' lang='lat' dir='ltr'>solvit</span> <span class='ocrx_word' id='word_1_250' title='bbox 1694 4037 1863 4108; x_wconf 87' lang='lat' dir='ltr'>decimam</span> 
     </span>
     <span class='ocr_line' id='line_1_29' title="bbox 314 4156 1863 4251; baseline -0.002 -20"><span class='ocrx_word' id='word_1_251' title='bbox 314 4161 563 4251; x_wconf 88' lang='lat' dir='ltr'>manipularem</span> <span class='ocrx_word' id='word_1_252' title='bbox 591 4159 633 4230; x_wconf 91' lang='lat' dir='ltr'>de</span> <span class='ocrx_word' id='word_1_253' title='bbox 660 4161 819 4231; x_wconf 89' lang='lat' dir='ltr'>omnibus</span> <span class='ocrx_word' id='word_1_254' title='bbox 847 4161 940 4250; x_wconf 82' lang='lat' dir='ltr'>agiis</span> <span class='ocrx_word' id='word_1_255' title='bbox 967 4161 1038 4232; x_wconf 92' lang='lat' dir='ltr'>suis</span> <span class='ocrx_word' id='word_1_256' title='bbox 1065 4160 1195 4232; x_wconf 79' lang='lat' dir='ltr'>vicario</span> <span class='ocrx_word' id='word_1_257' title='bbox 1226 4159 1384 4249; x_wconf 81' lang='lat' dir='ltr'>praefato</span> <span class='ocrx_word' id='word_1_258' title='bbox 1411 4158 1630 4248; x_wconf 89' lang='lat' dir='ltr'>praebendae</span> <span class='ocrx_word' id='word_1_259' title='bbox 1657 4156 1863 4249; x_wconf 86' lang='lat' dir='ltr'>Schewyen·</span> 
     </span>
     <span class='ocr_line' id='line_1_30' title="bbox 315 4277 1863 4372; baseline -0.004 -18"><span class='ocrx_word' id='word_1_260' title='bbox 315 4284 389 4372; x_wconf 87' lang='lat' dir='ltr'>ska,</span> <span class='ocrx_word' id='word_1_261' title='bbox 408 4288 444 4353; x_wconf 91' lang='lat' dir='ltr'>et</span> <span class='ocrx_word' id='word_1_262' title='bbox 461 4282 565 4353; x_wconf 92' lang='lat' dir='ltr'>etiam</span> <span class='ocrx_word' id='word_1_263' title='bbox 593 4280 760 4352; x_wconf 92' lang='lat' dir='ltr'>decimam</span> <span class='ocrx_word' id='word_1_264' title='bbox 787 4281 986 4371; x_wconf 89' lang='lat' dir='ltr'>canapalem</span> <span class='ocrx_word' id='word_1_265' title='bbox 1012 4302 1075 4371; x_wconf 92' lang='lat' dir='ltr'>per</span> <span class='ocrx_word' id='word_1_266' title='bbox 1102 4286 1251 4371; x_wconf 90' lang='lat' dir='ltr'>quatuor</span> <span class='ocrx_word' id='word_1_267' title='bbox 1276 4280 1427 4370; x_wconf 84' lang='lat' dir='ltr'>ierngas,</span> <span class='ocrx_word' id='word_1_268' title='bbox 1445 4286 1482 4351; x_wconf 91' lang='lat' dir='ltr'>et</span> <span class='ocrx_word' id='word_1_269' title='bbox 1500 4279 1596 4350; x_wconf 90' lang='lat' dir='ltr'>ducit</span> <span class='ocrx_word' id='word_1_270' title='bbox 1622 4299 1698 4348; x_wconf 93' lang='lat' dir='ltr'>eam</span> <span class='ocrx_word' id='word_1_271' title='bbox 1720 4277 1863 4369; x_wconf 88' lang='lat' dir='ltr'>proprio</span> 
     </span>
     <span class='ocr_line' id='line_1_31' title="bbox 315 4398 1863 4492; baseline -0.005 -16"><span class='ocrx_word' id='word_1_272' title='bbox 315 4425 420 4476; x_wconf 89' lang='lat' dir='ltr'>curru</span> <span class='ocrx_word' id='word_1_273' title='bbox 446 4405 482 4474; x_wconf 91' lang='lat' dir='ltr'>in</span> <span class='ocrx_word' id='word_1_274' title='bbox 508 4403 673 4473; x_wconf 89' lang='lat' dir='ltr'>horreum</span> <span class='ocrx_word' id='word_1_275' title='bbox 699 4423 720 4472; x_wconf 92' lang='lat' dir='ltr'>a</span> <span class='ocrx_word' id='word_1_276' title='bbox 746 4402 876 4474; x_wconf 86' lang='lat' dir='ltr'>vicario</span> <span class='ocrx_word' id='word_1_277' title='bbox 903 4401 1096 4492; x_wconf 87' lang='lat' dir='ltr'>locandum,</span> <span class='ocrx_word' id='word_1_278' title='bbox 1123 4407 1159 4472; x_wconf 93' lang='lat' dir='ltr'>et</span> <span class='ocrx_word' id='word_1_279' title='bbox 1184 4401 1389 4473; x_wconf 88' lang='lat' dir='ltr'>aestimatur</span> <span class='ocrx_word' id='word_1_280' title='bbox 1416 4401 1490 4471; x_wconf 85' lang='lat' dir='ltr'>eius</span> <span class='ocrx_word' id='word_1_281' title='bbox 1516 4400 1614 4472; x_wconf 86' lang='lat' dir='ltr'>valor</span> <span class='ocrx_word' id='word_1_282' title='bbox 1641 4399 1687 4471; x_wconf 87' lang='lat' dir='ltr'>ad</span> <span class='ocrx_word' id='word_1_283' title='bbox 1712 4398 1863 4469; x_wconf 89' lang='lat' dir='ltr'>mediam</span> 
     </span>
    </p>
   </div>
   <div class='ocr_carea' id='block_1_7' title="bbox 315 4545 475 4598">
    <p class='ocr_par' dir='ltr' id='par_1_8' title="bbox 315 4545 475 4598">
     <span class='ocr_line' id='line_1_32' title="bbox 315 4545 475 4598; baseline -0.013 -1"><span class='ocrx_word' id='word_1_284' title='bbox 315 4545 475 4598; x_wconf 67' lang='lat' dir='ltr'>marcam.</span> 
     </span>
    </p>
   </div>
   <div class='ocr_carea' id='block_1_8' title="bbox 762 4780 1417 4894">
    <p class='ocr_par' dir='ltr' id='par_1_9' title="bbox 762 4780 1417 4894">
     <span class='ocr_line' id='line_1_33' title="bbox 762 4780 1417 4894; baseline -0.003 -25"><span class='ocrx_word' id='word_1_285' title='bbox 762 4780 1007 4869; x_wconf 81' lang='lat' dir='ltr'>Praebenda</span> <span class='ocrx_word' id='word_1_286' title='bbox 1041 4781 1417 4894; x_wconf 78' lang='lat' dir='ltr'>Sydlowyeczeka.</span> 
     </span>
    </p>
   </div>
   <div class='ocr_carea' id='block_1_9' title="bbox 300 5002 1873 5487">
    <p class='ocr_par' dir='ltr' id='par_1_10' title="bbox 300 5002 1873 5487">
     <span class='ocr_line' id='line_1_34' title="bbox 382 5002 1862 5101; baseline -0.003 -20"><span class='ocrx_word' id='word_1_287' title='bbox 382 5074 386 5081; x_wconf 93' lang='lat'>.</span> <span class='ocrx_word' id='word_1_288' title='bbox 418 5008 538 5083; x_wconf 85' lang='lat' dir='ltr'>Tertia</span> <span class='ocrx_word' id='word_1_289' title='bbox 564 5011 728 5083; x_wconf 86' lang='lat' dir='ltr'>ecclesiae</span> <span class='ocrx_word' id='word_1_290' title='bbox 754 5009 990 5101; x_wconf 86' lang='lat' dir='ltr'>Kyelcziensis</span> <span class='ocrx_word' id='word_1_291' title='bbox 1016 5008 1223 5100; x_wconf 87' lang='lat' dir='ltr'>praebenda,</span> <span class='ocrx_word' id='word_1_292' title='bbox 1251 5029 1339 5100; x_wconf 89' lang='lat' dir='ltr'>quae</span> <span class='ocrx_word' id='word_1_293' title='bbox 1361 5012 1505 5080; x_wconf 83' lang='lat' dir='ltr'>vocatur</span> <span class='ocrx_word' id='word_1_294' title='bbox 1530 5002 1862 5099; x_wconf 78' lang='lat' dir='ltr'>Schydlowyeczslca</span> 
     </span>
     <span class='ocr_line' id='line_1_35' title="bbox 314 5126 1873 5222; baseline -0.004 -18"><span class='ocrx_word' id='word_1_295' title='bbox 314 5153 336 5204; x_wconf 92' lang='lat' dir='ltr'>a</span> <span class='ocrx_word' id='word_1_296' title='bbox 361 5132 446 5204; x_wconf 80' lang='lat' dir='ltr'>uilla</span> <span class='ocrx_word' id='word_1_297' title='bbox 471 5131 830 5222; x_wconf 83' lang='lat' dir='ltr'>Schydlowyecz</span> <span class='ocrx_word' id='word_1_298' title='bbox 856 5152 965 5221; x_wconf 92' lang='lat' dir='ltr'>prope</span> <span class='ocrx_word' id='word_1_299' title='bbox 992 5129 1380 5221; x_wconf 83' lang='lat' dir='ltr'>oppidum&#39;Kyelcze</span> <span class='ocrx_word' id='word_1_300' title='bbox 1407 5131 1493 5219; x_wconf 89' lang='lat' dir='ltr'>sita,</span> <span class='ocrx_word' id='word_1_301' title='bbox 1520 5135 1558 5201; x_wconf 89' lang='lat' dir='ltr'>et</span> <span class='ocrx_word' id='word_1_302' title='bbox 1583 5148 1672 5220; x_wconf 86' lang='lat' dir='ltr'>quae</span> <span class='ocrx_word' id='word_1_303' title='bbox 1698 5133 1752 5199; x_wconf 89' lang='lat' dir='ltr'>est</span> <span class='ocrx_word' id='word_1_304' title='bbox 1784 5126 1873 5207; x_wconf 74' lang='lat' dir='ltr'>iun,</span> 
     </span>
     <span class='ocr_line' id='line_1_36' title="bbox 315 5247 1863 5342; baseline -0.002 -19"><span class='ocrx_word' id='word_1_305' title='bbox 315 5251 379 5323; x_wconf 89' lang='lat' dir='ltr'>dns</span> <span class='ocrx_word' id='word_1_306' title='bbox 405 5252 623 5341; x_wconf 88' lang='lat' dir='ltr'>praebendae</span> <span class='ocrx_word' id='word_1_307' title='bbox 649 5251 835 5342; x_wconf 88' lang='lat' dir='ltr'>praefatae,</span> <span class='ocrx_word' id='word_1_308' title='bbox 861 5252 1004 5323; x_wconf 88' lang='lat' dir='ltr'>trahens</span> <span class='ocrx_word' id='word_1_309' title='bbox 1032 5250 1356 5341; x_wconf 90' lang='lat' dir='ltr'>denominationem,</span> <span class='ocrx_word' id='word_1_310' title='bbox 1384 5270 1471 5341; x_wconf 90' lang='lat' dir='ltr'>quae</span> <span class='ocrx_word' id='word_1_311' title='bbox 1498 5249 1637 5340; x_wconf 91' lang='lat' dir='ltr'>quidem</span> <span class='ocrx_word' id='word_1_312' title='bbox 1663 5247 1863 5339; x_wconf 87' lang='lat' dir='ltr'>praebenda</span> 
     </span>
     <span class='ocr_line' id='line_1_37' title="bbox 300 5368 1862 5487; baseline -0.002 -44"><span class='ocrx_word' id='word_1_313' title='bbox 300 5394 358 5487; x_wconf 38' lang='lat' dir='ltr'>‘ex</span> <span class='ocrx_word' id='word_1_314' title='bbox 384 5371 526 5445; x_wconf 89' lang='lat' dir='ltr'>decimis</span> <span class='ocrx_word' id='word_1_315' title='bbox 562 5378 598 5443; x_wconf 88' lang='lat' dir='ltr'>ot</span> <span class='ocrx_word' id='word_1_316' title='bbox 624 5374 826 5444; x_wconf 90' lang='lat' dir='ltr'>introitibus</span> <span class='ocrx_word' id='word_1_317' title='bbox 861 5371 1027 5445; x_wconf 87' lang='lat' dir='ltr'>eeclesiae</span> <span class='ocrx_word' id='word_1_318' title='bbox 1062 5376 1146 5444; x_wconf 89' lang='lat' dir='ltr'>tunc</span> <span class='ocrx_word' id='word_1_319' title='bbox 1180 5371 1389 5462; x_wconf 82' lang='lat' dir='ltr'>parochialis</span> <span class='ocrx_word' id='word_1_320' title='bbox 1415 5368 1669 5462; x_wconf 83' lang='lat' dir='ltr'>Kyelcziensis,</span> <span class='ocrx_word' id='word_1_321' title='bbox 1695 5369 1741 5441; x_wconf 88' lang='lat' dir='ltr'>ad</span> <span class='ocrx_word' id='word_1_322' title='bbox 1767 5368 1862 5440; x_wconf 91' lang='lat' dir='ltr'>illam</span> 
     </span>
    </p>
   </div>
   <div class='ocr_carea' id='block_1_10' title="bbox 0 0 2030 6052">
    <p class='ocr_par' dir='ltr' id='par_1_11' title="bbox 0 0 2030 6052">
     <span class='ocr_line' id='line_1_38' title="bbox 0 0 2030 6052; baseline 0 0"><span class='ocrx_word' id='word_1_323' title='bbox 0 0 2030 6052; x_wconf 95' lang='lat' dir='ltr'> </span> 
     </span>
    </p>
   </div>
  </div>
 </body>
</html>
