4050 6054
1705 477 1777 548 595

152 659 156 671 ’
228 677 311 749 villa
336 678 516 768 praedium
542 678 679 748 unicum
703 677 875 767 militare,
889 677 946 748 de
973 678 1071 749 cuius
1098 677 1205 767 agris
1218 678 1375 761 soletur²
1393 678 1526 751 decima
1551 680 1779 835 manipularis

229 818 293 887 pro
319 796 465 869 ecclesia
491 798 719 888 parochiali
709 820 745 869 m
772 797 1062 869 Crassoczin
1421 818 1427 829 ·
1497 827 1500 830 ⁴
1743 822 1763 831 ’-

332 916 576 1008 Musonuczs,
603 918 686 988 villa
704 919 768 989 sub
786 918 953 1007 parochia
980 919 1023 989 de
1049 917 1317 1009 Malogoscz
1345 919 1425 1009 sita'
1450 919 1547 992 cuins
1564 921 1778 1011 haerasia:
1781 956 1784 961 ·

228 1022 1373 1130 MIrouiskydedomoOdrowausch‚iuquasuut..
1384 1040 1777 1133 ‚laneicmetlrdnalaa
1874 1070 1877 1075 ⁴
1970 1062 1975 1072 ’

161 1195 165 1200 ⁷
229 1157 335 1229 etde
362 1158 521 1229 omnibus
548 1158 681 1229 decima
707 1159 932 1248 manipularis
959 1164 1000 1229 et
1022 1160 1196 1249 canapalis
1223 1180 1286 1250 per
1303 1165 1388 1250 quat
1390 1180 1454 1230 uor
1475 1160 1613 1250 iemgas
1632 1162 1779 1235 solvitur

227 1285 263 1350 et
289 1279 495 1350 conducitur
520 1299 584 1369 pro
611 1277 810 1369 praebenda
836 1280 948 1369 prIma
975 1279 1008 1350 S.
1035 1277 1187 1370 Georgii,
1214 1284 1250 1351 et
1275 1280 1374 1352 valor
1401 1281 1606 1352 aestimatur
1631 1282 1706 1353 sius
1732 1282 1779 1354 ad
1907 1282 1913 1293 ’

162 1462 165 1466 ,
227 1405 470 1472 arcamarcaa.
497 1400 586 1470 Item
612 1399 832 1470 hortulaniae
851 1454 993 1490 ......
1020 1401 1102 1471 item
1130 1400 1297 1471 tabernae
1316 1453 1457 1490 ......
1484 1401 1570 1471 item
1596 1401 1777 1491 praedium

228 1520 366 1616 unicum
401 1524 456 1597 est
485 1520 521 1591 iu
543 1521 668 1591 eadem
705 1520 788 1592 villa
822 1520 991 1610 militare,
1029 1522 1072 1592 de
1099 1522 1197 1615 cuins
1234 1519 1328 1611 agris
1365 1521 1513 1593 solvitur
1546 1518 1680 1594 decima
1712 1542 1778 1614 pro
1864 1502 1867 1507 ’

227 1641 375 1738 aeclesia
398 1641 436 1711 iu
462 1642 878 1732 Rambyesczycze,
906 1640 951 1712 ad
978 1662 1081 1732 quam
1108 1642 1411 1733 attinet-proprie.

331 1762 568 1835 Rsmsuasua
595 1761 752 1851 Wouun,
779 1762 862 1833 uilla
879 1763 944 1833 sub
962 1763 1128 1852 parochia
1146 1763 1311 1834 ecclesiae
1333 1762 1376 1833 de
1403 1761 1673 1853 Malogoscz
1699 1756 1782 1854 sita,

230 1883 329 1954 cuius
355 1883 480 1953 haeres
497 1882 692 1954 Dobeslaus
711 1881 916 1954 Charszn
925 1883 1065 1974 yczsk
1074 1906 1116 1975 y,
1142 1882 1269 1954 nobilis
1296 1882 1340 1955 de
1366 1882 1468 1977 domo
1490 1881 1779 1973 ,Odrowansala
1867 1933 1869 1937 ·

171 2000 173 2005 ’
227 1993 262 2075 iu
290 2025 359 2093 qua
385 2007 467 2074 snut
485 2056 493 2072 .
512 2057 519 2072 .
538 2057 547 2073 .
565 2022 573 2072 ;
592 2056 600 2070 .
618 2056 654 2072 ..
681 2004 774 2073 lanei
801 2003 1046 2092 amethonales,
1074 2009 1110 2075 et
1136 2003 1179 2075 de
1207 2003 1382 2105 omnibus·
1391 2002 1525 2074 decima
1547 2002 1777 2093 manipularis

228 2129 264 2196 et
289 2122 466 2213 canapalis
492 2143 556 2213 per
583 2128 733 2213 quatuor
758 2125 896 2215 lerugas
919 2125 1067 2196 soluitur
1084 2128 1120 2194 et
1137 2124 1341 2195 conducitur
1367 2118 1432 2213 pro
1450 2123 1650 2213 praebenda
1666 2123 1780 2213 prima

228 2244 261 2316 S.
288 2242 440 2334 Georgii,
467 2248 503 2314 et
528 2244 628 2315 valor
653 2244 859 2316 aestimatur
884 2245 959 2317 eius
986 2245 1031 2317 ad
1058 2266 1162 2316 uuam
1188 2265 1349 2316 marcam.
1383 2244 1472 2316 Item
1499 2266 1568 2316 nou
1594 2249 1649 2316 est
1674 2264 1808 2334 prae--

229 2365 322 2435 dium
348 2345 385 2434 in
412 2364 532 2435 eadem
558 2365 650 2454 villa,
676 2387 746 2436 non
773 2371 855 2437 suut
881 2367 1057 2456 tabernae,
1085 2387 1154 2438 uon
1181 2371 1263 2437 suut
1288 2365 1517 2436 hortulaniae.
1846 2352 1849 2367 ’

331 2485 614 2575 Zarauczuow,
648 2486 733 2558 villa
759 2487 822 2558 sub
849 2487 1014 2576 parochIa
1041 2486 1084 2557 de
1110 2486 1237 2577 oppido
1266 2486 1522 2558 Ghauczini
1558 2484 1655 2575 sita,-
1680 2486 1777 2556 cuius

228 2607 424 2696 proprietas
451 2607 495 2677 ad
523 2607 780 2678 serenissimum
807 2606 972 2678 Poloniae
999 2628 1117 2698 regem
1143 2608 1341 2698 pertiuet,
1331 2628 1366 2677 m
1383 2628 1454 2697 qua
1472 2611 1580 2677 sunt.
1626 2606 1777 2676 ..lanei

228 2727 481 2816 amethonales3
517 2728 601 2798 item
629 2727 763 2799 scoltet
738 2733 789 2799 tra
815 2728 948 2799 habeus
975 2729 1061 2799 duos
1094 2728 1297 2818 laneos3t
1268 2729 1352 2799 item
1378 2726 1510 2799 fabrica
1535 2726 1619 2798 ferri
1645 2727 1778 2798 habens

227 2867 349 2938 agros,
385 2847 580 2938 dequibus
616 2849 776 2920 omnibus
813 2849 946 2920 decima
980 2849 1207 2939 manipularis
1242 2855 1279 2920 et
1315 2848 1491 2938 canapalis
1526 2867 1590 2937 per
1625 2850 1776 2965 quatuor

181 3041 186 3052 ,
226 2969 365 3059 ierugas
401 2969 549 3041 solvitur
585 2974 621 3040 et
648 2970 851 3040 conducitur
886 2991 949 3060 pro
985 2969 1185 3060 praebenda
1218 2970 1332 3060 prIma
1358 2968 1391 3039 S.
1419 2966 1580 3077 Georgii,
1616 2972 1652 3038 et
1678 2966 1777 3039 valor

227 3083 388 3163 adnuat
372 3094 430 3174 tur
457 3090 531 3161 eius
558 3089 603 3160 ad
631 3095 779 3180 quatuor
804 3110 950 3162 marcas
975 3091 1064 3162 Item
1091 3112 1160 3162 non
1178 3095 1236 3162 est·
1259 3089 1440 3180 praedium
1458 3089 1495 3160 in
1512 3087 1671 3178 praefata
1685 3089 1778 3179 villa,

228 3232 297 3283 non
324 3217 406 3282 sunt
432 3211 610 3301 tabernae,
634 3232 703 3282 nou
730 3217 813 3282 suut
837 3212 1065 3282 hortulaniae.

329 3331 627 3433 Fumsuawrezu
654 3333 811 3422 utraque,
838 3332 924 3403 villa
950 3333 1014 3404 sub
1036 3332 1203 3422 parochia
1230 3332 1273 3402 de
1299 3284 1544 3421 Lopuszno
1571 3330 1651 3418 sita,
1678 3330 1775 3400 cuius

227 3426 424 3543 proprietas
451 3452 496 3523 ad
524 3452 780 3523 serenissimum
807 3451 972 3524 Polouiae
998 3473 1116 3543 regem
1143 3452 1306 3542 pertinet,
1332 3453 1368 3521 in
1388 3472 1457 3541 qua
1475 3455 1557 3521 sunt
1541 3450 1667 3520 tianoi
1686 3468 1776 3520 cme·

227 3572 451 3664 thonales,
441 3579 526 3644 rtem
553 3578 607 3644 est
633 3594 739 3643 unum
774 3573 954 3662 praedium
989 3574 1141 3663 regium,
1177 3573 1260 3643 item
1288 3577 1343 3644 est
1368 3592 1438 3642 uua
1463 3572 1612 3643 taberna
1644 3570 1778 3641 habeus

227 3714 361 3786 agros,
389 3694 433 3765 de
470 3694 594 3784 quibus
630 3694 788 3764 omuibus
824 3694 957 3765 decIma
991 3693 1217 3784 manipularis
1253 3697 1288 3764 et
1323 3692 1497 3782 canapalis
1531 3712 1595 3781 per
1630 3697 1778 3781 quatuor

227 3817 377 3906 ierugas'
402 3807 566 3887 'solvitur'
588 3821 623 3887 et
649 3815 854 3887 conducitur
886 3836 951 3904 pro
977 3816 1177 3905 praebenda
1212 3815 1325 3905 prima
1360 3813 1393 3884 S.
1420 3810 1581 3903 Georgii,
1617 3818 1653 3882 et
1678 3811 1778 3883 valor

227 3937 302 4008 eius
329 3937 533 4008 aestimatur
562 3936 606 4007 ad
632 3942 708 4008 tres
731 3957 875 4008 marcas.
902 3935 990 4009 Item
1018 3958 1087 4009 non
1114 3942 1168 4009 est
1193 3937 1229 4007 iu
1256 3936 1377 4008 eadem
1403 3934 1487 4006 villa
1513 3933 1681 4024 scoltetia,
1707 3953 1779 4006 nou

228 4065 310 4130 sunt
336 4058 566 4130 hortulaniae.

299 4204 318 4223 ..
333 4178 643 4268 Szuoouowrcza,
670 4157 753 4249 villa
779 4179 842 4250 sub
869 4178 1035 4268 parochia
1066 4178 1109 4250 de
1135 4178 1430 4268 Lopuschno,
1457 4176 1554 4247 cuius
1581 4175 1777 4265 propnetas

228 4301 273 4393 ad
300 4300 557 4371 serenissimum
583 4299 748 4371 Polouiae
775 4319 892 4389 regem
919 4298 1080 4388 pertinet,
1107 4298 1143 4369 iu
1171 4320 1239 4388 qua
1264 4303 1346 4369 suut
1364 4351 1478 4368 .....
1504 4297 1598 4367 lanel
1624 4296 1778 4367 cmetho-

229 4421 343 4512 noles,
377 4421 461 4492 item
489 4421 649 4492 scoltetia
682 4421 815 4492 habens
851 4420 937 4491 duos
968 4419 1106 4509 laneos,
1142 4419 1337 4509 dequibus
1373 4418 1532 4490 omnibus
1567 4416 1715 4489 solvitur
1742 4421 1779 4488 at

220 4541 434 4614 conducitur
461 4541 594 4612 decima
625 4540 851 4631 manipularis
878 4547 915 4612 et
942 4540 1117 4630 canapaIIs
1151 4559 1215 4630 per
1241 4542 1392 4629 quatuor
1417 4539 1558 4629 lerugas
1584 4557 1648 4627 pro
1676 4555 1777 4626 prae

228 4661 342 4733 banda
367 4662 482 4752 prIma
508 4661 541 4732 S.
569 4659 722 4751 Georgii,
750 4666 786 4732 et
813 4661 912 4733 valor
937 4660 1143 4732 aestimatur
1169 4661 1244 4732 eius
1272 4659 1317 4732 ad
1335 4679 1405 4731 sex
1431 4677 1575 4730 marcas.
1595 4657 1691 4753 Item
1709 4676 1778 4735 nou

229 4789 284 4854 est
310 4783 346 4853 in
373 4781 494 4854 eadem
521 4781 604 4853 uilla
629 4781 820 4871 praedIum,
844 4794 916 4853 non
943 4786 1024 4853 sunt
1049 4781 1225 4872 tabernae,
1250 4800 1316 4852 nec
1340 4779 1549 4852 hortularia.
1592 4871 1601 4880 .

239 4878 247 4893 ’
331 4904 657 4993 Doaazusomrczu,
683 4902 767 4973 villa
794 4903 858 4974 sub
885 4901 1051 4993 parochIa
1077 4901 1121 4973 de
1147 4902 1424 4992 Lopuschuo
1452 4900 1537 4990 sita,
1573 4898 1670 4970 cuius
1696 4914 1777 4988 pro·'

229 5025 363 5115 prietas
390 5024 434 5094 ad
462 5024 718 5096 serenissimum
744 5022 910 5096 Polouiae
936 5043 1054 5114 regem
1080 5022 1251 5114 pertinet,
1286 5022 1323 5092 iu
1350 5041 1418 5112 qua
1444 5025 1527 5093 sunt
1545 5071 1659 5089 .....
1684 5017 1777 5089 lanei

151 5134 154 5141 ’
230 5144 481 5235 amethonales,
517 5143 560 5215 de
588 5144 713 5234 quibus
740 5144 899 5216 omuibus
925 5144 1073 5217 solvitur
1099 5149 1136 5216 et
1161 5143 1364 5216 conducitur
1394 5141 1527 5213 decima
1552 5139 1777 5230 manipularis

230 5271 267 5336 et
293 5264 468 5357 canapalis
495 5284 558 5357 per
585 5270 733 5358 quatuor
758 5267 898 5358 ierugas
924 5285 989 5357 pro
1015 5264 1214 5357 praebenda
1240 5264 1353 5356 prima
1378 5262 1410 5333 S.
1438 5260 1589 5352 Georgii,
1616 5265 1653 5333 et
1678 5259 1778 5332 valor
