4050 6054
1686 431 1785 506 maa

233 626 341 704 habet
358 628 552 722 portionem
569 624 748 725 aequalem
766 629 810 707 de
827 632 1054 727 proventibus
1072 628 1224 709 decimae
1241 634 1469 729 manipularis
1485 634 1621 710 invilla
1637 636 1796 710 Ranae·-

233 752 338 842 kow,
364 752 449 824 item
475 754 581 825 habet
606 755 801 845 portionem
828 756 1007 847 aequalem
1029 756 1073 828 de
1091 758 1249 829 omnibns
1268 759 1479 850 quaestibus,
1498 758 1556 850 qui
1574 759 1785 849 proveniunt

232 872 375 944 vicariis
401 873 568 946 ecelesiae
594 873 869 967 Oppatboriensi
894 877 931 949 in
956 877 1138 949 communi

614 1205 819 1308 Magister
850 1205 996 1287 uoolao
1029 1204 1400 1310 Oppatbovionuls.
1515 1206 1521 1223 “

341 1425 431 1496 Item
465 1445 564 1523 sequa
599 1423 777 1496 ecclesiam
812 1422 1128 1515 Oppathoviensem
1156 1430 1211 1497 est
1237 1426 1347 1517 scola,
1375 1426 1472 1500 cuius
1498 1422 1670 1500 rectorem
1697 1448 1778 1499 con-

233 1543 347 1616 svevit
373 1545 535 1617 ordinare
562 1545 765 1644 scolasticus
792 1542 1082 1636 Oppathoviensis
1108 1566 1172 1635 pro
1199 1549 1364 1637 tempore,
1392 1547 1451 1637 qni
1478 1547 1615 1637 quidem
1635 1568 1701 1637 pro
1719 1568 1783 1623 sno

231 1662 359 1736 solario
394 1665 500 1737 habet
534 1666 731 1755 habereque
767 1665 945 1736 oousvevit
980 1664 1065 1737 duas
1100 1685 1235 1737 marcas
1271 1687 1313 1736 ex
1346 1686 1451 1738 ceusu
1478 1667 1673 1757 tabernali;
1700 1667 1784 1739 item

229 1784 337 1855 habet
364 1786 557 1874 portionem
583 1806 626 1857 ex
653 1784 795 1856 decimis
821 1785 1094 1875 manipularibus
1112 1785 1215 1857 villae
1233 1785 1456 1877 Rzuslrow,
1479 1787 1562 1858 item
1579 1787 1686 1859 habet
1701 1807 1783 1877 por-

231 1903 362 1976 tionem
398 1905 576 1995 aequalem
612 1905 655 1976 de
683 1904 841 1977 omnibus
868 1905 1091 1995 quaestibuS‚
1119 1906 1178 1996 qui
1204 1906 1413 1995 proveniunt
1438 1907 1577 1979 vicariis
1605 1903 1781 1998 Oppatho-

230 2023 407 2096 aiensibus
435 2025 471 2095 in
498 2025 678 2097 communi.
1847 2013 1854 2023 “

905 2335 1121 2421 Custodia.

334 2557 466 2648 Quarta
492 2559 528 2630 iu
554 2559 700 2631 eeclesia
725 2557 1000 2650 Oppathoviensi
1026 2559 1179 2651 dignitas
1204 2564 1259 2630 est
1285 2559 1452 2651 custodia,
1474 2560 1565 2632 -haeo
1582 2580 1719 2652 quoque
1736 2581 1779 2632 ex

230 2680 456 2785 proventibus
483 2680 744 2770 templariorum
779 2680 921 2751 fundum
949 2701 1047 2751 suum
1076 2685 1111 2751 et
1136 2680 1252 2751 dotem
1280 2681 1429 2771 aceepit,
1457 2701 1561 2772 quam
1585 2700 1678 2753 nunc
1702 2700 1782 2772 poa·

230 2799 320 2871 sidet
354 2799 521 2871 Albertus
558 2797 711 2892 Goryn
739 2800 783 2871 de
809 2801 1050 2892 Tharnow,
1077 2801 1205 2872 nobilis
1231 2800 1275 2873 de
1301 2800 1403 2872 domo
1430 2807 1467 2873 et
1491 2800 1622 2875 familia
1647 2799 1782 2896 Junof

230 2939 317 3013 sua,
342 2920 439 2993 cuius
466 2919 678 3011 infrascripti
705 2926 1012 3023 suntnproucntus.

333 3039 611 3132 Ruszuowracn‚
638 3041 723 3112 villa
748 3042 812 3113 sub
839 3042 1005 3131 parochia
1030 3041 1194 3113 ecclesiae
1220 3040 1264 3113 de
1290 2984 1657 3132 Rzuszlrowaita,
1683 3041 1781 3113 onius

228 3161 425 3252 proprietas
460 3169 497 3233 et
531 3163 721 3241 dominium
756 3163 910 3255 pertinet
939 3161 984 3233 ad
998 3163 1209 3254 ‘episcopum
1236 3161 1496 3235 Lubuozeusem
1522 3182 1586 3255 pro
1613 3167 1780 3251 tempore,

230 3280 267 3350 in
294 3302 364 3372 qna
389 3288 471 3354 sunt
497 3303 558 3353 sex
584 3283 675 3353 lanei
702 3280 946 3371 omethonales‚
973 3284 1009 3353 et
1036 3282 1213 3371 septimus,
1239 3282 1275 3353 in
1303 3303 1371 3372 quo
1398 3280 1530 3354 residet
1554 3282 1711 3371 taberna,
1736 3281 1779 3352 de

231 3400 357 3491 quibus
375 3402 534 3473 omnibns
553 3401 699 3473 solvitur
717 3400 850 3472 decima
866 3401 1092 3492 manipularis
1111 3400 1287 3472 custodiae
1304 3398 1587 3490 Oppathoviensi‚
1606 3404 1643 3471 et
1660 3405 1782 3473 tenen·

228 3526 289 3592 tur
314 3540 389 3592 eam
416 3522 549 3593 incolae
576 3520 701 3591 ducere
727 3521 881 3613 propriis
908 3521 1066 3593 curribus
1093 3521 1129 3593 in
1155 3520 1318 3591 horreum
1346 3519 1527 3592 acustode
1545 3519 1727 3592 locandum
1745 3526 1782 3591 et

220 3640 329 3729 ¹valor
355 3641 429 3713 eius
455 3641 659 3712 aestimatur
685 3642 730 3712 ad
757 3641 1017 3732 quatuordecim
1043 3661 1188 3730 marcas,
1215 3641 1376 3731 quoniam
1402 3640 1494 3711 lanei
1522 3647 1604 3712 sunt
1623 3639 1729 3730 ampli
1746 3643 1782 3710 et

227 3759 396 3833 foecundi
425 3762 513 3833 Item
540 3759 689 3852 praelati
717 3763 915 3839 emethones
942 3768 989 3835 et·
1003 3762 1206 3834 tabernator
1233 3761 1373 3833 solvunt
1400 3760 1575 3851 custodiae
1602 3758 1781 3850 Oppatho-

227 3881 340 3954 vieusi
375 3902 439 3971 pro
480 3882 614 3953 decima
649 3882 771 3972 canapi
812 3887 961 3973 quatuor
997 3883 1135 3971 ierugas
1170 3887 1206 3952 et
1243 3886 1402 3971 quartam
1439 3881 1537 3952 chori
1572 3879 1615 3952 de
1650 3880 1780 3953 semine

198 4002 372 4103 ‘canapi;
408 4002 492 4074 item
527 4023 596 4076 non
632 4008 686 4074 est
722 4002 860 4093 aliquod
895 4001 1077 4094 praedium
1110 4001 1147 4071 in
1181 4001 1265 4073 uilla
1299 3998 1466 4095 praefata,
1493 4001 1576 4071 item
1604 4022 1673 4087 uon
1700 4005 1781 4071 sunt

229 4121 459 4194 domnanae.
691 4104 694 4109 ’
981 4114 985 4121 ·
1468 4114 1473 4125 ·
1590 4178 1593 4183 «

332 4240 699 4333 Mnaczumuowrczn,
725 4242 809 4314 villa
835 4243 899 4314 sub
927 4242 1090 4332 parochia
1108 4239 1382 4334 Oppathovionsi
1398 4241 1476 4333 sita,
1494 4241 1645 4332 capitulo
1664 4239 1779 4332 Oppa-

226 4362 399 4435 thoviensi
435 4365 470 4434 in
504 4384 762 4454 recompensam
798 4363 842 4434 ab
878 4363 1037 4452 episcopo
1071 4362 1288 4434 Lubuozensi
1325 4361 1417 4453 data,
1444 4361 1481 4433 in
1516 4382 1584 4453 qua
1621 4361 1778 4435 custodia

228 4481 518 4576 Oppathovieusis
544 4485 650 4556 habet
678 4484 763 4556 duos
790 4483 909 4555 laneos
937 4482 1170 4556 omethonales
1197 4482 1241 4555 ad
1269 4503 1366 4554 sunm
1394 4482 1449 4552 ius
1476 4487 1512 4553 et
1529 4482 1778 4572 proprietatem

227 4603 382 4695 plenarie
409 4610 613 4695 spectantes
641 4611 677 4676 et
703 4605 849 4694 quilibet
875 4603 979 4675 solvit
1004 4622 1077 4693 pro·
1095 4624 1211 4675 annuo
1239 4623 1343 4675 censu
1368 4601 1546 4674 custodiae
1571 4622 1676 4673 uuam
1701 4621 1778 4675 cnm

228 4722 372 4796 dimidia
397 4744 561 4814 marcam,
592 4724 675 4795 item
703 4724 789 4795 duos
816 4743 974 4813 capones,
1001 4723 1084 4794 item
1111 4722 1198 4794 duos
1226 4743 1354 4814 caseos,
1380 4724 1464 4795 item
1489 4722 1615 4812 viginti
1641 4742 1716 4812 ova,
1743 4727 1780 4792 et

227 4864 297 4915 non
332 4842 463 4915 iaciunt
497 4844 632 4934 aliquos
667 4843 806 4915 labores
832 4849 894 4914 aut
920 4843 1094 4915 ducturas.
1128 4842 1217 4913 Item
1244 4841 1288 4913 de
1313 4839 1480 4932 praelatis
1507 4840 1641 4913 duobus
1667 4841 1777 4912 laneis

229 4963 377 5036 solvitur
412 4962 546 5035 decima
576 4963 802 5053 manipularis
838 4962 1016 5035 custodiae
1040 4960 1316 5061 Oppathoviensi
1342 4966 1378 5034 et
1404 4961 1608 5032 conducitur
1634 4961 1669 5032 in
1695 4960 1776 5033 hor-

228 5104 327 5156 reum
352 5105 375 5154 a
400 5083 543 5156 custode
568 5083 762 5173 locandum,
788 5087 826 5154 et
850 5083 951 5154 valor
976 5083 1051 5154 eius
1078 5083 1281 5154 aestimatur
1308 5080 1353 5152 ad
1379 5080 1465 5153 duas
1491 5101 1635 5154 marcas.

331 5202 557 5276 omnuow.
583 5204 670 5275 Item
698 5203 855 5275 custodia
880 5200 1172 5292 Oppathoviensis
1198 5203 1306 5273 babet
1323 5202 1359 5272 iu
1379 5201 1505 5291 oppido
1523 5192 1777 5292 Oppatho'w

228 5328 378 5417 quatuor
402 5345 504 5397 areas
531 5325 567 5396 in
594 5323 727 5417 postico
754 5322 877 5396 domus
903 5322 1081 5396 custodiae
1108 5323 1203 5415 sitas,
1222 5342 1332 5412 neque
1350 5342 1453 5413 agros
1470 5323 1647 5417 habentes,
1664 5342 1777 5416 neque
