4050 6054
250 453 323 528 190

343 660 540 732 Notandum
566 665 691 749 autem,
719 659 810 749 quod
837 659 872 728 in
900 662 1048 748 quatuor
1074 657 1165 729 areis
1193 655 1329 728 donatis
1355 661 1392 727 et
1417 655 1595 746 inscriptis
1619 655 1792 726 uiversi·

238 784 333 855 sitati
358 781 576 870 vicariorum,
604 801 750 871 quarum
776 799 847 849 una
870 778 938 849 fuit
964 777 1213 866 Radomiri,
1240 776 1391 848 secunda
1415 775 1586 861 lobannis
1612 775 1791 850 Scalczco

238 904 343 975 tertia
367 901 608 993 lobannis-de
636 900 899 991 Thanczyn‚
928 905 1050 989 quarta
1077 897 1252 986 Gnosi,
1279 904 1436 973 muratae
1461 903 1544 969 sunt
1567 904 1642 969 tres
1666 898 1792 971 domus

215 1024 448 1114 -capitulares
484 1021 702 1093 immediatae
737 1021 1018 1111 suprascriptae,
1037 1040 1106 1090 nna
1139 1019 1300 1090 videlicet
1326 992 1618 1108 peinagistmm
1644 1018 1791 1093 Paulum

236 1144 429 1231 Vladimiri,
457 1143 568 1214 altera
597 1162 661 1232 per
687 1141 799 1212 Adam
827 1141 869 1212 de
897 1140 989 1211 Ban
1000 1141 1022 1212 d
1032 1140 1056 1210 k
1067 1162 1086 1211 o
1097 1163 1127 1211 v
1138 1161 1169 1229 o,
1196 1140 1414 1211 decretorum
1441 1138 1611 1229 doctores,
1627 1146 1666 1221 et
1680 1141 1792 1212 tertia

183 1360 189 1365 -
238 1285 301 1355 per
328 1263 535 1335 Thomam
570 1262 614 1333 de
640 1263 817 1352 Dyak03
845 1261 986 1332 vicariis
1012 1267 1126 1333 autem
1154 1259 1442 1332 cracoviensibus
1467 1260 1504 1330 in
1531 1278 1790 1351 reconpensam

162 1380 164 1384 ’
235 1383 431 1456 huiusmodi
458 1388 606 1473 quatuor
632 1403 802 1473 arearum,
829 1384 887 1472 qui
915 1404 952 1453 se
980 1403 1098 1453 earum
1125 1381 1369 1452 donationibus
1387 1381 1632 1471 suprascriptis
1648 1380 1695 1453 ad
1712 1400 1790 1453 cer-

236 1510 292 1577 tos
319 1504 573 1575 anniversarios
600 1503 847 1593 obligaverant,
874 1504 910 1575 in
936 1522 1183 1593 reconpensam
1211 1520 1369 1572 arearum
1396 1501 1603 1591 hulusmodi,
1629 1501 1713 1574 data
1729 1508 1787 1575 est

236 1625 368 1697 decima
393 1624 619 1713 manipularis
640 1624 682 1695 iu
708 1621 1129 1714 Gyrzmanovvycze‚
1156 1623 1192 1692 in
1220 1622 1315 1693 clave
1332 1621 1564 1711 cracoviensi,
1581 1642 1645 1713 per
1661 1622 1789 1695 Alber·

235 1752 310 1817 tum
345 1744 369 1816 J
376 1724 684 1834 astrzabyecz
717 1749 802 1816 tunc
837 1744 1036 1835 episcopum
1063 1743 1343 1832 cracoviensem,
1369 1742 1413 1813 dc
1439 1762 1609 1817 consensu
1635 1743 1789 1834 capiuli,

237 1865 333 1937 cuius
368 1865 467 1936 valor
493 1864 638 1954 singulis
664 1863 764 1936 aunis
790 1864 994 1935 aestimatur
1020 1864 1065 1934 ad
1091 1863 1217 1954 viginti
1244 1883 1377 1934 marcas
1404 1859 1641 1935 communiter.

337 1986 468 2058 Domus
495 1992 618 2056 octava
643 1985 754 2075 partis
782 1984 934 2074 dextrae,
963 1984 1060 2055 insta
1078 1984 1259 2074 collegium
1277 1983 1479 2057 iuristarum
1498 1984 1574 2075 sita,
1591 2005 1655 2076 per
1671 1984 1708 2056 H
1716 2008 1788 2077 yn-

237 2125 355 2177 czam
383 2106 425 2177 de
452 2103 626 2194 Bagou,
653 2105 875 2176 castellanum
902 2104 1223 2193 Sandomiriensem‚
1250 2103 1400 2176 nobilem
1417 2105 1581 2176 baronem
1599 2104 1790 2196 degenere

237 2231 281 2305 et,
297 2224 428 2297 familia
463 2226 710 2314 custosne,
738 2231 773 2295 et
799 2224 948 2314 capitulo
976 2223 1196 2295 cracoviensi
1232 2223 1418 2295 donatione
1444 2230 1676 2315 perpetuast
1701 2226 1791 2298 irre·

235 2344 382 2417 vocabili
409 2365 439 2415 a.
465 2345 507 2415 Ι).
537 2347 635 2417 1460
664 2398 812 2415 .....
840 2345 969 2416 donata
996 2351 1032 2414 et
1056 2345 1225 2433 inscripta
1252 2352 1321 2432 est;
1348 2344 1446 2415 ouius
1471 2345 1686 2417 inhabitator
1703 2348 1790 2418 rati·

238 2486 304 2536 one
330 2487 453 2537 census
480 2465 659 2536 terrestris
685 2464 721 2535 in
748 2462 985 2538 anniversario
1004 2464 1164 2535 'eiusdem
1192 2464 1403 2555 Hynczae
1429 2465 1472 2538 da
1498 2464 1659 2555 Rogov,
1685 2486 1790 2557 pmc-

235 2586 315 2656 latis
342 2592 379 2659 cb
404 2585 579 2657 canonicis
598 2584 884 2658 cracoviensibns
903 2587 977 2658 eius
995 2586 1267 2657 anniversarium
1286 2586 1477 2678 agentibus
1497 2586 1631 2658 solvere
1647 2592 1791 2661 tenetur

235 2706 335 2778 annis
362 2706 516 2797 singulis.

338 2827 468 2897 Domus
496 2848 596 2917 nona,
623 2829 659 2899 in
686 2833 786 2918 parta
813 2827 936 2897 deutra
961 2828 996 2897 in
1024 2827 1097 2897 acie
1125 2826 1326 2915 consistens
1353 2826 1788 2919 lignea,perpraefstu1

235 2944 464 3036 Hynczam
491 2947 534 3018 de
561 2946 740 3040 Rogovv,
768 2947 990 3018 castellanum
1017 2946 1330 3018 Sandomiricnsem
1356 2942 1553 3019 donationd‘
1568 2948 1789 3022 irrevocabili

236 3065 388 3156 capitulo
419 3066 638 3140 cracoviensi
665 3068 784 3139 eodem
812 3089 842 3138 a
869 3068 911 3137 D.
943 3068 1039 3139 1460
1042 3120 1260 3137 .......
1286 3087 1357 3138 una
1383 3088 1459 3177 cum
1486 3087 1569 3139 area
1594 3068 1725 3142 donata
1750 3076 1789 3143 et

235 3187 405 3277 inscripta
430 3194 493 3260 est.
1003 3196 1006 3203 ’

337 3307 468 3380 Domus
494 3306 696 3400 capitularis
722 3308 859 3398 lapidea
885 3309 984 3380 iuxta
1011 3307 1147 3380 valvam
1166 3306 1310 3397 civilem,
1333 3327 1401 3398 qua
1419 3309 1491 3381 itur
1508 3329 1550 3380 ex
1570 3309 1788 3385 cracovia

235 3429 271 3499 in
298 3427 601 3520 casimiriam‚
628 3430 665 3500 in
692 3429 817 3515 dextra
842 3448 1079 3519 mann-supra
1103 3428 1244 3499 fluvium
1269 3428 1464 3500 Rudavva
1491 3431 1566 3520 sita,
1593 3452 1696 3528 quam
1713 3453 1789 3505 ma·

231 3549 377 3639 gnificus
403 3548 557 3622 Jocobns
581 3549 626 3621 de
651 3548 860 3639 Dambno,
888 3549 1095 3621 castellanus
1121 3555 1158 3620 et
1185 3549 1385 3638 capitaneus
1412 3548 1660 3641 cvacoviensis,
1677 3552 1786 3627 donr-

161 3670 164 3679 “
231 3668 326 3741 tione
352 3674 521 3761 perpetua
547 3670 698 3762 capitulo
726 3669 947 3743 cracoviensi
974 3691 1004 3740 a.
1031 3670 1072 3739 D.
1104 3671 1173 3741 147
1180 3671 1211 3740 7.
1238 3669 1390 3760 donavit,
1418 3671 1585 3760 obligavit
1608 3677 1645 3742 et
1662 3672 1786 3747 inscri-

82 3855 91 3865 .
232 3791 313 3880 psit,
339 3791 444 3862 huius
470 3790 591 3862 domus
616 3791 831 3863 inhabitator
856 3796 995 3861 tenetur
1021 3811 1085 3879 pro
1104 3810 1217 3860 annuo
1236 3797 1273 3861 et
1289 3791 1449 3862 terrestri
1468 3810 1573 3862 censu
1591 3793 1691 3865 annis
1712 3782 1789 3867 sin·'¹

234 3909 324 3998 gulis
351 3910 386 3980 in
413 3911 521 4000 ipsius
547 3909 671 3984 Jacobi
697 3910 741 3982 de
766 3911 967 3982 Dambno
994 3910 1242 4000 anniversario,
1260 3909 1345 3981 dare
1367 3915 1441 3983 tres
1459 3896 1593 3983 marcas
1610 3914 1785 3986 canonicis

234 4033 270 4098 et
296 4029 461 4117 praelatis
488 4028 783 4103 Gracoviensibus.

344 4149 475 4220 Domus
511 4149 652 4240 capituli
690 4149 928 4223 cracoviensis
965 4151 1146 4240 ecclesiae,
1173 4151 1301 4240 templo
1328 4150 1362 4224 S.
1389 4150 1528 4242 Aegidii
1555 4151 1783 4246 confrontata

232 4269 322 4340 banc
357 4268 524 4342 Albertus
549 4268 891 4362 dastrzabyecz
917 4273 1098 4362 episcopus
1125 4261 1387 4361 ciacoviensis‚'
1402 4292 1479 4343 cum
1505 4293 1588 4345 area
1612 4280 1649 4346 ct
1673 4270 1784 4348 muris
1835 4346 1838 4351 ,

232 4411 253 4460 a
279 4389 450 4461 Stanislao
477 4388 731 4482 Gelythko,
757 4392 945 4464 castellano
972 4393 1157 4463 Brzezensi
1184 4398 1220 4462 et
1245 4393 1420 4481 germanis
1446 4393 1528 4482 suis,
1546 4393 1719 4467 nobilibus
1737 4395 1783 4468 dc

181 4490 186 4501 ’
234 4512 335 4583 domo
362 4509 611 4582 Hastarnm
637 4511 723 4583 alias
750 4512 1050 4604 Koszlarogy,
1077 4533 1141 4602 pro
1168 4518 1264 4584 certa
1281 4532 1414 4584 summa
1431 4514 1597 4603 pecuniae
1615 4532 1783 4606 meluens,

231 4632 381 4723 capitulo
419 4630 640 4703 cracoviensi
665 4639 835 4725 perpetua
860 4633 1062 4723 donatione,
1089 4634 1126 4704 in
1152 4633 1261 4724 ipsius
1287 4640 1402 4706 tamen
1430 4635 1624 4708 donationis
1649 4656 1784 4724 recom-

232 4773 373 4843 pensam
399 4752 616 4843 praebendae
643 4753 680 4824 in
706 4754 994 4846 Rytbvvyany
1020 4776 1041 4825 a
1069 4774 1106 4825 se
1131 4753 1309 4844 fundatae,
1335 4754 1422 4827 duas
1449 4755 1600 4828 decimas
1626 4743 1785 4849 manipu-

229 4874 320 4945 lares
355 4892 495 4957 memsae
530 4873 736 4964 episcopalis
772 4875 808 4947 in
834 4876 926 4947 villis
954 4875 1183 4966 Bydlovva‚
1210 4882 1246 4947 et
1272 4930 1280 4946 .
1308 4928 1316 4945 .
1344 4930 1351 4946 .
1379 4930 1387 4946 .
1422 4876 1465 4948 de
1492 4897 1661 4951 consensu
1680 4879 1783 4970 'capi-

230 4993 295 5066 tuli
321 4999 489 5085 perpetuo
516 4994 701 5086 inscripsit7
728 4998 765 5068 et
790 4996 942 5086 donavit,
969 4997 1055 5067 baec
1081 4995 1202 5069 domus
1229 4995 1341 5070 libera
1366 5001 1421 5070 est
1445 5005 1483 5071 et
1506 4998 1604 5072 nullo
1621 5001 1782 5072 anniver-

231 5115 322 5188 sario
350 5116 513 5208 obligata,

331 5233 463 5308 Domus
498 5235 699 5326 capitularis
735 5238 901 5311 ecclesiae
936 5234 1173 5311 cracoviensis
1200 5239 1236 5311 in
1261 5240 1395 5332 postico
1421 5240 1596 5313 aediculae
1623 5241 1656 5314 S.
1682 5240 1782 5314 Patri
1903 5222 1907 5228 ’

230 5356 315 5456 sita,
341 5356 443 5430 bavius
469 5356 590 5430 domus
618 5358 784 5458 quasdam
810 5378 910 5439 arcas
937 5356 1233 5459 bveczslaus²
1261 5360 1484 5439 cancellarius
1510 5361 1780 5462 boorzynonsis
