4050 6054
244 381 316 452 292

242 582 404 680 obyeclaa,
431 584 514 654 item
540 602 608 653 non
635 571 766 653 est'ibi
790 576 1037 666 molendinum,
1061 581 1097 648 et
1123 577 1322 650 cmethones
1350 577 1385 648 in
1412 576 1620 682 molendinis
1647 576 1794 669 capituli

242 706 370 778 molere
395 709 577 791 tenentur;
604 703 688 777 item
716 701 806 771 villa·
824 697 980 790 praefata
998 698 1042 769 de
1060 699 1155 791 agris
1181 698 1340 771 omnibus
1367 697 1472 768 solvit
1498 696 1665 769 decimam
1683 699 1794 771 mani-

239 826 393 916 pularem
421 831 456 895 et
482 823 680 912 canapalem
707 820 965 910 archiepiscopo
981 798 1022 891 et
1037 839 1177 912 mensae
1204 840 1287 890 suae
1314 816 1520 909 Gneznensi,
1538 823 1575 889 et
1591 816 1791 891 conducunt

239 966 315 1037 eam
350 945 549 1015 cmetbones
582 942 619 1012 in
645 941 808 1012 horreum
835 961 856 1010 a
881 939 1070 1012 factoribus
1106 940 1356 1030 archiepiscopi
1390 937 1593 1029 locandum,
1631 944 1668 1010 et
1694 939 1794 1013 valor

241 1066 447 1136 aestimatur
474 1064 548 1134 eius
575 1062 620 1134 ad
646 1082 769 1132 novem
796 1081 940 1149 marcas,
969 1058 1154 1149 aliquando
1177 1060 1222 1132 ad
1239 1060 1376 1149 decem3
1403 1060 1487 1131 item
1514 1065 1677 1131 tenentur
1702 1060 1796 1149 retia

240 1187 276 1256 in
303 1185 506 1257 venationes
533 1187 569 1254 et
595 1183 792 1252 necessaria
818 1181 855 1251 in
882 1180 1133 1272 Pyotrkow
1169 1202 1233 1270 pro
1260 1180 1411 1253 statione
1439 1173 1631 1252 canonicali
1657 1180 1795 1271 ducere,

243 1307 373 1375 curiam
400 1310 436 1374 et
461 1304 583 1373 hortos
611 1303 733 1392 sepire,
762 1321 907 1391 aggeres
934 1301 969 1370 in
996 1300 1082 1371 locis
1101 1321 1170 1400 eos
1188 1301 1468 1391 contingentibus
1494 1300 1694 1392 reformare,
1720 1307 1794 1374 sta-

241 1426 323 1497 bula
348 1425 463 1496 curiae
490 1431 619 1512 tegere,
645 1429 681 1493 et
709 1421 873 1493 ducturas
900 1443 921 1490 a
947 1421 1031 1492 villa
1057 1422 1092 1492 in
1120 1421 1238 1492 villam
1265 1427 1300 1492 et
1325 1421 1362 1492 in
1388 1419 1465 1492 fora
1490 1419 1613 1492 facere.
1656 1503 1660 1509 ¹

345 1544 606 1635 Item-quilibet
632 1544 767 1613 cmetho
795 1547 831 1611 et
858 1541 971 1611 incola
997 1541 1042 1611 iu⁴
1060 1542 1152 1613 villis
1178 1541 1484 1613 Pabianicensibus
1510 1541 1692 1634 habitans,
1719 1544 1794 1617 sive
1853 1526 1862 1541 ’
1934 1547 1937 1555 ’

241 1666 386 1737 multum
412 1666 540 1736 habeat
567 1663 609 1734 de
636 1685 738 1753 agro,
775 1663 847 1734 sive
874 1682 1016 1751 parum,
1050 1663 1183 1734 habens
1211 1683 1325 1735 casses
1351 1661 1545 1752 leporium,
1582 1670 1644 1734 aut
1669 1671 1793 1739 tenens

238 1787 399 1872 valtereS,
426 1789 567 1856 tenetur
593 1784 772 1854 annuatim
798 1804 904 1853 unum
931 1782 1084 1872 leporem
1111 1782 1194 1854 dare
1224 1805 1286 1874 pro
1306 1783 1404 1854 curia
1430 1782 1466 1853 in
1492 1783 1794 1875 Pabianicze3

241 1907 323 1976 item
347 1905 503 1995 quilibet,
530 1904 675 1974 cortices
693 1903 874 1993 quercinos
893 1908 954 1973 aut
972 1903 1200 1975 multicoratis
1219 1903 1381 1993 randena,
1401 1909 1540 1975 tenetur
1557 1925 1621 1995 pro
1640 1905 1792 1978 dominio

240 2026 374 2099 solvere
410 2024 587 2095 annuatim
624 2045 684 2094 sex
712 2045 852 2113 grossos
879 2029 915 2093 et
942 2023 1028 2094 duos
1055 2024 1181 2114 gallos;
1217 2025 1301 2094 item
1329 2011 1475 2114 quilibe't
1510 2014 1641 2101 iaciens
1676 2031 1792 2116 rotas,

240 2151 380 2217 tenetur
406 2165 470 2234 pro
498 2142 649 2214 dominio
676 2142 856 2214 annuatim
883 2142 1017 2214 solvere
1045 2149 1106 2214 aut
1132 2165 1193 2214 sen
1219 2165 1378 2235 grossos,
1411 2151 1472 2215 aut
1499 2166 1637 2218 currum
1664 2166 1791 2219 novum

242 2285 318 2336 cum
336 2266 423 2336 rotis
441 2266 541 2336 novis
560 2263 703 2352 duabus,
731 2264 813 2334 item
842 2263 987 2353 quilibet
1014 2285 1161 2353 operans
1180 2265 1367 2356 scilindria,
1393 2270 1533 2337 tenetur
1555 2287 1619 2357 pro
1638 2265 1791 2345 dominio

242 2385 377 2456 solvere
404 2391 537 2474 septem
564 2404 756 2474 sexagenas
783 2382 1047 2455 scilindriorum.

459 2670 467 2689 ‘
606 2646 867 2726 Ferrlfodina
902 2648 1134 2751 vulgariter
1168 2649 1423 2755 kuaznycza.

345 2868 485 2940 Habent
519 2853 610 2940 bona
644 2867 902 2939 Pabianicensis
936 2867 1114 2940 districtus
1150 2868 1385 2941 ferrifodinam
1422 2871 1508 2944 alias
1543 2869 1785 2964 lanariorum,

238 2992 274 3060 in
300 2988 515 3061 haereditate
542 2988 645 3058 villae
673 2987 1085 3078 Choczyanowicze
1112 2991 1223 3079 sitam,
1251 2991 1287 3060 in
1313 2991 1416 3062 fluvio
1435 2991 1468 3062 N
1477 3014 1545 3084 yr,
1573 2993 1667 3065 circa
1685 3015 1792 3085 quam¹

239 3116 293 3182 est
318 3109 450 3200 piscina
477 3109 609 3199 optima
626 3109 662 3178 in
681 3109 833 3179 eiusdem
852 3109 1000 3180 fluminis
1028 3111 1126 3180 alveo
1154 3109 1186 3180 N
1195 3131 1265 3200 yr;
1293 3116 1328 3181 et
1354 3113 1487 3207 minora
1513 3111 1607 3203 ferri,
1633 3114 1669 3186 in
1687 3114 1790 3197 bonis

240 3229 547 3302 Pabianicensibus
575 3228 617 3299 de
645 3228 735 3306 bono
762 3251 884 3319 grano,
912 3230 1084 3301 sufficiens
1111 3231 1293 3320 reperitur.
1320 3230 1436 3303 Habet
1452 3239 1568 3305 autem
1593 3234 1804 3310 huiusmodi*

237 3350 439 3422 ferrisodina
465 3369 568 3438 agros
596 3371 664 3420 non
692 3370 817 3439 parvos
854 3351 921 3421 iam
949 3352 1139 3442 extirpatos
1167 3357 1203 3421 et
1230 3352 1351 3442 cultos,
1388 3354 1493 3425 habet
1519 3360 1555 3425 et
1581 3355 1718 3446 sylvas,
1751 3358 1790 3429 in

238 3471 362 3562 quibus
388 3470 506 3560 plures
534 3469 611 3559 agri
638 3476 781 3559 possent
806 3471 984 3562 extirpari,
1011 3472 1116 3543 habet
1143 3478 1178 3542 et
1203 3479 1306 3563 prata
1333 3474 1438 3562 bona,
1465 3448 1661 3565 ddquibus
1680 3476 1791 3549 omni-

236 3592 301 3663 bus
329 3591 495 3680 magister
520 3589 674 3660 fabricae
701 3612 765 3681 pro
792 3612 905 3664 annuo
934 3613 1038 3663 censu
1065 3592 1169 3663 solvit
1188 3593 1223 3663 in
1243 3593 1397 3682 quolibet
1426 3595 1595 3667 sabbatho
1615 3595 1683 3667 duo
1702 3594 1790 3669 ferri

108 3730 115 3741 “
236 3717 367 3799 aratra,
396 3715 457 3782 aut
484 3732 602 3781 eorum
630 3713 781 3800 pretium
809 3719 843 3784 et
870 3713 1042 3801 valorem3
1070 3712 1290 3784 administrat
1317 3715 1423 3786 etiam
1448 3736 1512 3805 pro
1540 3716 1636 3786 curia
1661 3714 1789 3791 Pabia-

236 3833 367 3902 nicensi
387 3836 423 3900 et
439 3831 590 3921 largitur
617 3853 733 3922 verva,
760 3840 886 3923 vectes,
912 3839 950 3904 et
967 3833 1036 3903 alia
1062 3833 1152 3903 levia
1170 3835 1376 3925 necessaria,
1405 3836 1488 3918 item
1508 3834 1551 3907 de
1571 3836 1665 3927 agris
1684 3836 1790 3911 solvit

237 3950 405 4019 decimam
432 3952 693 4041 manipularem
1644 3953 1648 3957 ’

565 4210 881 4314 Vitreatorlum,
905 4213 1017 4322 ‘alias
1048 4217 1278 4319 vulgariter
1311 4217 1449 4299 butha.
1575 4210 1577 4214 ’
1711 4204 1717 4215 ’

337 4430 478 4503 Habent
504 4432 610 4504 etiam
636 4432 728 4506 bona
753 4433 1030 4504 Pabianiczensis
1057 4434 1206 4525 praefati
1233 4436 1412 4510 districtus
1439 4437 1607 4512 fabricam
1627 4443 1785 4533 vitream,

234 4553 321 4623 alias
357 4550 450 4622 bullo
482 4554 518 4623 in
545 4551 666 4624 eadem
701 4553 916 4625 haereditate
952 4556 1060 4627 villae
1091 4556 1505 4650 Choczyanowicze
1542 4562 1663 4652 sitam,
1698 4584 1796 4655 quae,

235 4673 340 4742 etiam
367 4672 474 4743 habet
501 4693 603 4763 agros
631 4673 741 4746 cultos
765 4695 831 4765 pro
859 4677 1083 4750 subsistentia
1108 4679 1164 4750 sui
1190 4683 1225 4750 et
1251 4687 1362 4770 prata,
1388 4685 1424 4751 et
1450 4702 1514 4771 pro
1541 4704 1655 4754 annuo
1682 4703 1788 4759 censu

232 4813 275 4863 ex
303 4793 461 4865 omnibus
489 4793 594 4865 solvit
619 4815 683 4885 pro
712 4795 862 4869 dominio
891 4805 1024 4887 septem
1050 4798 1201 4871 fertones
1237 4801 1273 4872 in
1300 4800 1390 4872 festo
1417 4801 1450 4873 S.
1477 4794 1638 4892 Martini,
1676 4803 1786 4877 admi-

232 4912 385 4984 nistrans
414 4915 507 4986 vitra
532 4936 596 5006 pro
624 4937 744 4988 mensa
771 4922 807 4987 et
832 4915 1005 5009 fenestris,
1032 4939 1095 5009 pro
1115 4921 1231 4992 curiae
1249 4918 1511 4995 Pabianicensis
1528 4944 1594 4999 usu
1613 4928 1649 4994 et
1665 4944 1785 4999 neces·

232 5032 357 5122 sitate3
384 5035 453 5107 iam
479 5056 571 5108 nunc
597 5057 667 5109 non
694 5044 757 5109 est.

336 5154 424 5248 Item
452 5154 495 5227 de
521 5148 615 5247 agris
643 5157 748 5230 solvit
774 5157 941 5231 decimam
967 5118 1217 5251 manipularem
1243 5165 1507 5255 praepositurae
1532 5163 1759 5283 Lancicienai.
