4050 6054
1712 445 1787 517 483

345 632 550 726 Gonzuczu,
578 636 661 707 villa
687 637 752 707 snb
771 639 937 727 parochia
954 639 1119 711 ecclesiae
1146 641 1189 711 de
1215 641 1460 735 Lanszany
1488 647 1567 732 sita,
1594 648 1691 719 cuius
1708 669 1789 741 pro-

239 758 371 848 prietas
399 761 434 827 et
461 756 649 831 dominium
676 757 720 828 ad
748 758 1005 830 serenissimum
1030 758 1198 833 Poloniae
1224 782 1342 852 regem
1367 765 1530 858 pertinet,
1559 766 1596 838 in
1623 761 1691 859 qua
1709 776 1791 843 sunt

238 878 329 948 lanei
356 876 599 968 emethouales,
627 878 669 948 16
696 878 821 968 quibus
848 878 994 950 solvitur
1020 880 1063 951 16
1091 882 1246 971 quolibet
1270 883 1371 954 laneo
1398 904 1593 974 perunum
1619 876 1788 962 fertonem

237 997 387 1068 latorum
413 1003 614 1086 grossorum
638 995 868 1088 Progensium
895 999 1077 1072 decanatui
1104 999 1136 1072 S.
1163 1001 1328 1073 Floriani.
1355 1004 1443 1076 Item
1469 1007 1649 1094 praedium
1673 1063 1787 1081 .....
1892 1023 1897 1031 ·

343 1117 526 1208 Rorrezn,
552 1116 637 1190 villa
663 1121 727 1190 sub
749 1120 916 1209 parochia
942 1120 1106 1211 ecclesiae
1133 1122 1176 1192 16
1194 1176 1334 1193 ......
1361 1125 1439 1214 sita,
1466 1108 1563 1198 cuius
1589 1130 1787 1220 proprietas

238 1244 275 1310 et
301 1239 489 1310 dominium
517 1294 657 1310 ......
669 1295 683 1310 ..
709 1242 872 1330 pertinet,
908 1241 944 1310 in
972 1262 1040 1334 qua
1066 1247 1149 1317 sunt
1174 1226 1266 1313 lanei
1293 1245 1544 1336 cmethonales,
1571 1247 1613 1319 de
1641 1269 1785 1339 quorum
1888 1267 1890 1272 ·

158 1452 163 1464 ¹
237 1360 395 1450 quolibet
422 1342 570 1431 solvitur
596 1382 660 1451 pro
687 1361 820 1433 decima
846 1383 936 1434 unus
961 1361 1051 1434 terto
1078 1363 1228 1436 latorum
1246 1385 1446 1454 grossorum
1472 1365 1699 1458 Pragensium
1726 1371 1786 1442 16-

238 1480 378 1553 canatui
404 1479 437 1552 S.
462 1479 629 1589 Flpriani.
731 1538 737 1547 .

341 1602 605 1692 Brnnnsown,
632 1602 723 1694 villa,
750 1604 882 1676 habens
909 1604 1090 1691 ecclesiam
1116 1605 1348 1695 parochialem
1379 1606 1546 1698 ligneam,
1582 1609 1679 1681 cuius
1705 1629 1786 1701 pro·

236 1720 377 1812 prietas'
397 1728 433 1794 et
460 1723 648 1794 dominium
676 1724 722 1794 ad
748 1724 1004 1796 serenissimum
1040 1725 1230 1816 principem
1266 1725 1442 1800 dominum
1467 1748 1585 1819 regem
1620 1729 1785 1802 Poloniae

235 1843 399 1934 pertinet,
425 1843 461 1914 in
488 1863 556 1933 qua
583 1824 664 1914 sunt
690 1844 782 1915 lanei
806 1833 1060 1934 cmethonales,
1097 1844 1139 1916 de
1167 1866 1314 1935 quorum
1341 1847 1496 1936 quolibet
1522 1848 1669 1920 solvitur
1694 1870 1784 1921 unus

234 1962 325 2035 ferto
352 1964 503 2036 latorum
529 1984 730 2054 grossorum
756 1965 985 2056 Progensium
1011 1986 1076 2056 pro
1094 1964 1228 2037 decima
1254 1966 1437 2038 decanatui
1455 1967 1487 2040 S.
1505 1967 1670 2040 Floriani.
1696 1969 1784 2041 Item

234 2084 415 2175 praedium
435 2138 602 2154 .......

339 2205 427 2277 ltem
453 2205 640 2278 decanatus
667 2204 699 2277 S.
727 2206 881 2278 Floriani
907 2211 1048 2309 taxatus
1076 2198 1202 2278 estad
1221 2260 1361 2277 ......

810 2424 815 2429 κ
833 2466 1184 2549 Vioedeearmtus.

316 2688 426 2760 'Item
462 2687 618 2777 quamvis
654 2687 842 2758 decanatus
873 2686 906 2758 S.
933 2688 1090 2759 Floriani
1125 2688 1168 2770 de
1204 2689 1280 2759 iure
1315 2694 1351 2759 et
1387 2674 1570 2780 privilegio
1604 2695 1784 2763 teneretur
1834 2761 1838 2767 .

232 2810 362 2880 habere
389 2807 568 2898 proprium
595 2808 762 2878 vicarium
790 2809 863 2879 sive
889 2807 1133 2879 vicedecanum
1160 2809 1195 2878 in
1223 2809 1369 2879 ccclesia
1396 2806 1429 2878 S.
1451 2808 1615 2901 Floriani,
1644 2811 1702 2900 qui
1719 2830 1783 2900 pro

233 2951 275 3001 eo
302 2934 474 3000 nocturna
499 2936 536 2999 et
563 2928 687 2999 diurna
713 2929 869 3019 expleret
885 2928 1007 3019 officia,
1034 2928 1188 3000 debitum
1207 2949 1342 3018 qnoque
1361 2950 1460 3000 suum
1483 2929 1697 3021 adimpleret,
1724 2935 1780 3001 ut-

231 3054 313 3142 pote
348 3048 526 3141 praelatus
561 3049 746 3140 primarius
773 3055 809 3120 et
835 3049 1047 3139 principalis,
1084 3049 1128 3120 ad
1155 3069 1256 3140 quem
1285 3049 1498 3138 singulorum
1514 3034 1719 3122 'defectuum
1745 3049 1781 3120 in

233 3170 380 3252 ccclesia
405 3169 438 3242 S.
464 3169 621 3265 Floriani
647 3171 800 3261 pertinet
827 3172 981 3269 provisio
1008 3176 1045 3242 et
1072 3172 1357 3260 supplementum,
1384 3190 1426 3240 ex
1445 3171 1556 3242 abusu
1582 3176 1697 3241 tamen
1724 3191 1783 3242 ve-

233 3293 301 3365 teri
327 3296 364 3363 et
389 3297 552 3382 corrupto
580 3292 673 3362 circo
698 3289 935 3362 fundationem
963 3292 1127 3362 ecclesiae
1154 3290 1361 3380 introducto,
1389 3296 1425 3360 et
1447 3292 1564 3367 necin
1582 3291 1781 3363 diemhanc

233 3417 399 3502 correcto,
435 3411 637 3484 nonhabet
671 3412 849 3500 proprium
876 3412 1042 3483 vicarium
1069 3417 1284 3500 perpetuum,
1312 3410 1373 3482 sod
1401 3410 1514 3481 alieno
1540 3411 1660 3500 utitur,
1688 3411 1779 3481 dele-

231 3538 359 3623 gatque
386 3532 490 3603 alicui
516 3531 646 3603 vicario
674 3530 865 3601 canonicali
890 3530 984 3602 uices
1012 3552 1102 3620 suas,
1130 3530 1327 3602 vicedecani
1355 3550 1491 3619 quoque
1518 3530 1670 3619 titulum,
1698 3529 1781 3601 licet

233 3654 366 3725 futilem
394 3659 430 3725 61
456 3652 689 3743 ridiculosum,
718 3673 794 3722 cum
821 3652 925 3723 nullis
952 3651 1048 3724 illurn
1075 3652 1219 3722 solariet
1246 3650 1439 3740 stipendiis
1467 3651 1499 3720 ei
1526 3650 1686 3739 imponit,
1712 3670 1781 3720 non

230 3796 354 3866 parum
380 3775 487 3845 etiam
513 3794 555 3845 oa
581 3773 793 3864 negligentia
810 3773 1104 3865 reprehensibilis,
1131 3772 1190 3863 qni
1217 3772 1397 3842 ecclesiam
1414 3775 1486 3841 tam
1505 3770 1684 3860 insignem,
1703 3789 1782 3859 per-

234 3896 364 3985 cipiens
391 3917 434 3967 ex
461 3916 502 3966 ea
527 3894 669 3987 fructus,
695 3894 732 3965 in
759 3894 855 3965 horis
881 3900 922 3966 et
944 3893 1068 3966 officiis
1095 3892 1223 3965 divinis
1249 3892 1393 3982 proprio
1420 3891 1550 3965 vicario
1579 3911 1647 3960 non
1674 3888 1782 3960 admi-

231 4016 367 4094 nistret.

899 4275 1112 4359 Centurio.

332 4504 453 4575 Tertia
470 4504 622 4595 dignitas
645 4504 680 4572 in
700 4503 845 4573 ecclesia
862 4501 896 4573 S.
913 4499 1070 4573 Floriani
1088 4500 1261 4590 cantoria,
1291 4520 1393 4589 quam
1411 4519 1503 4570 nunc
1520 4498 1655 4569 obtinet
1672 4497 1781 4586 magi·
1803 4566 1808 4571 .
1943 4562 1946 4567 ⁴

228 4633 302 4699 stor
319 4625 483 4697 Nicolaus
503 4624 546 4696 16
563 4624 682 4695 Ylkn
693 4644 724 4712 s,
751 4623 909 4694 cui'cura
926 4621 1023 4693 chori
1041 4621 1208 4692 ecclesiae
1226 4619 1258 4692 S.
1276 4620 1432 4692 Floriani
1450 4625 1505 4691 est
1523 4638 1675 4708 annexa,
1694 4616 1780 4688 haec

228 4747 293 4818 etsi
311 4766 402 4818 nunc
419 4746 615 4835 adaequata
632 4744 691 4833 sit,
711 4743 864 4815 habebat
879 4749 996 4814 tamen
1015 4742 1188 4833 quondam
1207 4747 1288 4813 ante
1307 4741 1593 4831 adaequationem
1613 4742 1726 4810 certos
1745 4742 1780 4808 et

228 4867 396 4959 speciales
409 4866 573 4939 introitus
591 4865 627 4938 in
641 4864 782 4937 decimis
795 4863 1068 4956 manipularibus
1087 4866 1123 4934 et
1134 4862 1363 4935 fertonalibus
1381 4862 1417 4933 in
1430 4867 1528 4932 terra
1545 4858 1779 4950 Byeczensi,

228 4988 325 5061 cuius
343 4988 410 5059 etsi
429 4986 516 5059 alias
534 4986 673 5059 collatio
692 4986 1003 5078 etiuspatronatus
1021 4984 1066 5057 ad
1080 4983 1338 5057 serenissimum
1355 5000 1471 5072 regem
1489 4979 1655 5052 Poloniae
1672 4979 1780 5069 perti·
1823 5027 1825 5030 ,
1956 5081 1959 5093 Ι

227 5109 347 5199 nebat,
374 5130 462 5199 quae
488 5128 580 5179 nunc
597 5107 642 5180 ad
658 5111 830 5180 rectorem
856 5111 893 5179 et
910 5107 1071 5180 doctores
1089 5108 1194 5197 atque
1219 5103 1406 5194 magistros
1424 5101 1561 5191 collegii
1578 5100 1779 5218 artistarum

111 5334 115 5339 1
226 5229 328 5319 pleno
355 5229 431 5302 iure
458 5228 673 5319 dignoscitur
697 5228 888 5321 pertinere,
915 5226 1013 5343 cuius
1038 5222 1253 5319 infrascripti
1278 5227 1360 5297 sunt
1384 5225 1575 5315 pmventm
1601 5218 1778 5293 cantoriae

227 5346 423 5445 praefatae,
451 5348 615 5426 ecclesiae
642 5347 832 5441 parochiali
857 5347 891 5431 S.
917 5347 1080 5447 Andreae
1103 5347 1143 5425 iu
1165 5344 1344 5441 Ytkocu
1367 5362 1505 5425 annexa
1528 5342 1692 5461 ttdunita
1715 5343 1780 5418 est.
