4050 6054
1560 408 1563 413 ’
1670 407 1766 481 373·

72 660 74 664 ·
187 603 202 713 ,ζ
301 587 458 691 Ἠοιιτυε
477 623 579 690 extra
594 638 712 689 muros
734 615 1057 691 Sandomiriae
1082 615 1118 686 in
1136 602 1249 687 veteri
1266 613 1417 704 civitate,
1437 614 1551 685 eundo
1569 613 1614 685 ad
1627 634 1747 689 mona·

201 738 346 813 sterium
372 738 406 810 S.
431 737 565 828 Jacobi,
591 739 628 810 in
654 743 753 829 parte
781 738 924 810 sinistra
951 737 1049 827 situs,
1075 735 1208 808 habens
1234 754 1352 807 aream
1377 735 1476 806 iuxta
1502 755 1540 806 se
1567 739 1602 806 et
1629 735 1747 806 aedifi·

201 862 302 950 cium,
329 881 405 931 cum
433 861 526 934 omni
552 860 767 950 proprietate
794 864 832 931 et
858 859 1009 932 dominio
1036 857 1190 949 pertinet
1216 857 1261 928 ad
1278 856 1444 927 vicariam
1470 856 1692 928 canonicatus
1712 860 1748 928 et

201 981 419 1073 praebendae
455 981 498 1053 de
524 980 661 1071 annulo,
689 986 725 1052 et
751 981 939 1052 arendatus
967 979 1071 1050 solvit
1097 998 1160 1072 pro
1189 998 1302 1050 annuo
1330 997 1436 1049 censu
1470 975 1621 1050 vicariae
1647 996 1748 1066 prae-

201 1101 294 1175 fatae
321 1101 468 1174 mediam
494 1105 652 1173 marcam.

710 1374 955 1455 Praebenda
990 1373 1243 1480 Pyelvarska.

307 1591 511 1664 Praebenda
538 1589 827 1664 Sandomirieusis
854 1593 1067 1684 Pyekarslra,
1095 1614 1116 1664 a
1141 1591 1247 1665 fundo
1273 1591 1375 1664 unico
1402 1589 1506 1663 villae
1532 1590 1748 1682 Pyekary

205 1713 471 1804 appellationem
497 1713 624 1785 sortita
651 1720 715 1804 est,
742 1715 855 1786 nullas
873 1714 1005 1785 habens
1023 1714 1174 1786 decimas
1192 1713 1435 1804 manipulares,
1462 1716 1524 1784 aut
1541 1711 1749 1803 pecuniales,

204 1834 266 1906 sed
300 1834 539 1906 tantummodo
575 1854 714 1905 censum
749 1854 792 1905 ex
819 1835 903 1906 villa
936 1833 1150 1926 Pyelrary
1185 1839 1221 1904 et
1255 1855 1298 1906 ex
1325 1834 1459 1905 duobus
1493 1831 1750 1903 laboratoribus

206 1955 287 2026 salis
313 1953 510 2027 iodinarum
540 1954 577 2024 in
604 1954 731 2045 oppido
766 1953 1048 2046 Wyelyczka
1082 1955 1361 2045 provenientem,
1395 1952 1485 2027 haue
1520 1972 1611 2027 nuuc
1644 1951 1750 2026 habet

205 2074 358 2147 loannes
385 2074 721 2166 Lyaszoczsky,
747 2075 875 2147 nobilis
903 2076 946 2147 de
973 2076 1078 2146 armis
1104 2075 1354 2168 Dolyanga.
1471 2128 1475 2137 .

307 2194 499 2286 Prnnnav,
524 2195 608 2267 villa
626 2196 691 2266 sub
709 2195 875 2285 parochia
893 2196 1058 2268 ecclesiae
1077 2196 1120 2267 de
1147 2193 1395 2267 Obraszow
1421 2195 1498 2284 sita,
1526 2195 1622 2267 cuius
1640 2194 1750 2267 domi·

205 2318 301 2388 nium
328 2315 598 2390 diversificatum
626 2321 690 2404 est;
716 2337 796 2386 nam
823 2337 989 2407 praesens
1015 2315 1213 2408 praebenda
1234 2314 1522 2389 Sandomirieusis
1547 2314 1752 2407 Pyekarska
1821 2344 1824 2349 ·

205 2439 311 2510 habet
335 2438 372 2509 in
398 2457 440 2509 ea
466 2436 552 2507 duos
587 2436 705 2507 laneos
743 2438 977 2510 emethonales
1012 2459 1076 2527 pro
1104 2456 1166 2509 suo
1192 2435 1317 2528 firndo,
1354 2438 1413 2528 qui
1444 2436 1617 2528 quondam
1651 2442 1752 2510 erant

206 2557 410 2649 praediales,
437 2576 583 2647 quorum
600 2557 748 2650 quilibet
765 2558 871 2630 solvit
890 2558 1054 2630 canonico
1072 2558 1174 2629 huius
1196 2557 1414 2657 praebendae
1432 2578 1495 2648 pro
1514 2578 1619 2628 censu
1636 2576 1751 2630 annno

207 2680 293 2750 duas
318 2697 461 2768 marcas,
489 2678 574 2749 item
601 2679 747 2768 triginta
773 2700 848 2770 ova,
875 2680 960 2751 item
987 2679 1073 2753 duos
1100 2699 1257 2768 capones,
1284 2677 1368 2750 item
1394 2678 1480 2750 duos
1507 2697 1641 2766 caseos3
1667 2678 1751 2751 item

206 2822 275 2872 non
300 2800 464 2871 laborant
489 2797 638 2889 praefati
664 2801 864 2872 emethones
892 2772 1027 2891 aliqdos
1052 2799 1198 2888 labores,
1227 2803 1471 2871 necterentur
1496 2797 1542 2870 ad
1569 2818 1636 2871 eos.
1663 2794 1768 2870 Item
1794 2898 1799 2907 Ι

81 3003 84 3013 ,
207 2922 339 2993 decima
372 2921 597 3012 manipularis
632 2927 713 3011 post
748 2922 886 2993 eosdem
923 2921 1010 2995 duos
1045 2921 1164 2992 laneos
1200 2920 1347 2993 solvitur
1382 2921 1534 2994 vicariae
1565 2925 1752 3011 perpetuae

205 3044 309 3116 huius
335 3041 555 3137 praebendae
579 3040 783 3132 Pyelrarslra
800 3049 837 3115 et
854 3044 929 3115 eius
955 3036 1099 3116 vicario'
1113 3062 1178 3132 pro
1195 3046 1361 3133 tempore,
1386 3043 1471 3115 item
1497 3042 1630 3115 vicaria
1649 3042 1753 3117 huius

206 3163 422 3255 praebendae
457 3162 565 3235 babet
591 3164 627 3233 in
654 3164 774 3235 eadem
800 3164 884 3236 villa
919 3164 1006 3235 alios
1033 3164 1121 3236 dnos
1142 3164 1275 3235 laneos
1311 3146 1562 3254 cmetlionales,
1598 3164 1658 3256 qui
1684 3184 1756 3236 una

208 3306 284 3358 eum
302 3285 379 3357 aliis
398 3284 638 3357 cmetlronibus
661 3286 726 3356 sub
745 3286 908 3356 canonico
936 3283 1153 3375 degentibus,
1179 3285 1380 3357 canonicum
1406 3284 1509 3357 huius
1534 3284 1753 3376 praebendae

207 3407 243 3477 in
270 3405 481 3497 Pyelrary
509 3403 706 3477 venientem
733 3404 839 3476 semel
866 3406 1035 3477 dunuxat
1060 3405 1099 3476 in
1117 3425 1207 3477 anno
1230 3404 1417 3497 excipiunt,
1443 3411 1480 3476 et
1506 3425 1624 3496 avena,
1642 3405 1754 3497 foeno,

208 3527 354 3599 cervisia
380 3533 416 3599 et
441 3526 545 3618 gallis
573 3531 677 3615 atque
705 3545 795 3617 pane
812 3532 1012 3616 procurant3
1039 3527 1123 3598 item
1150 3526 1308 3599 custodia
1330 3525 1620 3603 Sandomirieusis
1647 3529 1755 3601 habet

207 3649 256 3721 ibi
275 3654 422 3739 quatuor
438 3648 558 3720 laneos
577 3652 614 3718 et
633 3667 736 3719 unam
762 3648 953 3737 tabernam,
980 3648 1064 3718 item
1091 3647 1326 3719 vieecnstodia
1343 3647 1631 3721 Sandomirieusis
1648 3650 1755 3722 habet

208 3771 257 3841 ibi
275 3776 349 3843 tres
367 3769 487 3841 laneos
514 3766 755 3858 emethonales,
782 3768 867 3840 item
886 3769 1019 3840 decima
1036 3768 1262 3859 manipularis
1281 3789 1323 3867 ex
1341 3769 1500 3841 omnibus
1527 3770 1632 3860 agris,
1658 3771 1753 3842 vide-

207 3890 288 3962 lieet
323 3891 492 3981 custodio,
529 3890 758 3962 vicecustodis
794 3895 831 3962 et
865 3891 986 3962 vicarii
1023 3889 1115 3962 cedit
1148 3890 1445 3963 archidiaconatui
1480 3889 1753 3965 Sandomirieusi

207 4018 348 4104 praeter
374 4013 493 4084 laneos
520 4012 686 4102 canonici,
713 4009 757 4082 de
785 4010 910 4102 quibus
937 4012 1029 4083 cedit
1056 4011 1230 4082 canonico.

311 4134 563 4222 Wvunvczrnr,
591 4133 755 4223 oppidum
782 4133 916 4222 regium
942 4153 1050 4224 prope
1078 4130 1366 4223 Cracoviam‚
1393 4134 1525 4206 habens
1542 4134 1580 4206 in
1598 4155 1636 4207 se
1653 4155 1762 4226 paro·

208 4255 353 4325 chialem
381 4255 562 4326 ecclesiam
588 4259 624 4325 et
651 4260 785 4325 montes
813 4254 894 4325 salis
921 4254 1127 4344 uberrimos,
1153 4255 1320 4328 maximos
1346 4253 1490 4346 fructus,
1517 4254 1548 4328 si
1574 4257 1662 4329 bene
1684 4257 1755 4329 dis-

207 4381 393 4466 ponuntur,
421 4375 625 4465 afferentes3
651 4377 689 4447 in
716 4376 772 4446 his
798 4375 976 4447 montibus
1002 4376 1110 4447 habet
1135 4396 1301 4466 praesens
1327 4378 1527 4468 praebenda
1552 4377 1757 4469 Pyelrarska

79 4568 85 4573 .
208 4497 294 4568 dnos
329 4497 545 4569 laboratores
580 4498 839 4588 privilegiatos,
867 4497 1025 4587 quisuis
1060 4498 1276 4589 temporibus
1312 4498 1349 4569 in
1376 4497 1544 4589 praefatis
1578 4499 1754 4574 montibus

207 4618 363 4708 labores,
399 4617 586 4691 scindendo
614 4625 650 4690 et
675 4617 837 4692 fodiendo
873 4625 1008 4691 montes
1036 4619 1135 4709 salis,
1172 4624 1342 4710 exercent,
1370 4641 1516 4711 quorum
1542 4621 1698 4713 quilibet,
1726 4622 1756 4695 si

208 4740 363 4812 canonici
389 4740 489 4815 adest
513 4759 597 4812 cura
623 4746 659 4811 et
685 4740 912 4831 providentia,
939 4741 1039 4812 annis
1067 4740 1211 4832 singulis
1233 4742 1343 4814 solvit
1369 4762 1430 4814 sex
1455 4761 1601 4814 marcas.

588 5004 753 5119 vicaria
787 5003 1057 5108 praebendae
1090 4950 1389 5111 l’yolmrslvey.⁸

312 5225 517 5299 Praebenda
542 5224 832 5298 Sandomirieusis
849 5232 974 5298 vocata
991 5225 1203 5318 Pyekarska,
1230 5226 1339 5298 habet
1354 5202 1553 5319 habereque
1579 5226 1759 5329 renovavit

208 5347 244 5420 in
275 5348 420 5425 ecclesia
446 5347 717 5426 Sandomirieusi
752 5348 918 5428 vicariam
952 5352 1174 5450 perpetuam,
1209 5348 1307 5433 cuins
1342 5346 1556 5435 puppim·
