4080 6068
244 458 320 533 534

242 665 400 757 inquilini
427 668 531 738 villae
558 667 850 757 Tampoczol,
877 668 983 740 etiam
1011 668 1069 758 qui
1088 668 1201 739 nullos
1227 671 1349 739 teuent
1367 688 1470 757 agros
1488 671 1548 739 aut
1564 666 1813 757 hortulanias,

241 794 277 859 et
303 788 355 857 illi
381 787 496 877 etiam,
524 788 582 876 qui
609 808 673 877 pro
700 789 814 881 pretio
841 787 1078 860 cmetbonibus
1106 788 1284 878 laborant,
1310 790 1475 859 tenentur
1501 809 1609 859 unum
1636 786 1737 860 diem
1766 786 1811 860 in
1847 825 1854 835 ·
1894 827 1897 831 ·

245 907 428 979 frumentis
464 908 688 998 hyemalibus·
706 909 951 999 praedialibus,
978 915 1014 980 et
1040 909 1144 982 alium
1172 909 1262 980 diem
1288 909 1324 980 in
1351 907 1532 980 frumentis
1558 907 1811 999 aestivalibus,

240 1029 333 1099 ultra
359 1028 433 1100 dies
461 1029 496 1098 in
524 1029 718 1118 septimana
744 1029 897 1119 debitos,
933 1028 1079 1120 quilibet
1104 1031 1247 1120 propria
1282 1028 1370 1101 falce
1397 1034 1527 1102 metere
1560 1034 1596 1101 et
1616 1029 1808 1119 laborare,

243 1150 301 1240 qui
327 1150 427 1221 labor
453 1155 599 1220 vocatur
624 1145 754 1244 ‘capelle
774 1148 932 1244 powele.

344 1270 433 1341 Item
460 1271 657 1341 emethones
684 1270 787 1341 villae
814 1269 992 1360 praefatae
1019 1270 1113 1341 ultra
1139 1271 1268 1342 diesin
1287 1264 1481 1365 septimana
1507 1271 1654 1360 debitos,
1683 1290 1805 1362 quan·

240 1388 285 1462 do
312 1395 348 1460 et
374 1391 510 1480 quoties
537 1410 678 1461 neeesse
705 1395 760 1461 est
785 1392 925 1463 mittere
951 1412 1014 1480 pro
1042 1392 1231 1482 aliquare,
1258 1396 1421 1463 tenentur
1448 1391 1622 1462 ordinarie
1649 1390 1688 1461 iu
1715 1412 1804 1463 cur·

241 1511 338 1582 ribus
365 1511 420 1582 vel
447 1515 627 1601 equestres
654 1511 698 1583 ad
726 1512 876 1602 spatium
904 1512 1006 1583 unius
1036 1511 1201 1601 miliaris,
1237 1513 1282 1583 ad
1307 1511 1419 1584 lorum
1446 1510 1624 1600 videlicet,
1661 1511 1721 1583 vel
1752 1510 1803 1584 ad

242 1632 492 1721 molendinum,
528 1632 582 1702 vel
609 1653 673 1723 pro
701 1652 915 1724 quacumque
942 1632 1010 1703 alia
1036 1632 1243 1704 necessitate
1270 1632 1460 1723 explenda,
1486 1637 1649 1704 vecturas
1675 1631 1806 1704 facere

242 1757 278 1823 et
305 1752 467 1843 equitare,
496 1753 549 1823 siu
576 1756 690 1823 autem
719 1753 812 1824 ultra
838 1774 942 1824 unum
969 1753 1103 1824 miliare
1131 1752 1364 1844 mitterentur,
1390 1759 1518 1824 extunc
1544 1753 1594 1823 eis
1619 1752 1805 1825 transitus

241 1874 299 1944 ille
327 1874 429 1946 debet
455 1873 618 1945 defalcari
646 1873 690 1944 ad
717 1873 791 1946 dies
818 1875 854 1944 in
881 1875 1074 1965 septimana
1101 1874 1246 1946 debitos.
1271 1874 1361 1946 Item
1386 1874 1423 1945 in
1451 1872 1570 1945 eadem
1601 1872 1686 1945 villa
1713 1878 1806 1947 sunt

242 2015 303 2066 sex
328 1994 557 2084 hortulaniac,
585 2016 628 2065 ex
655 1995 749 2084 agris
775 1994 1009 2085 praedialibus
1036 1995 1205 2067 habentes
1233 2015 1336 2086 agros
1363 1994 1414 2065 eis
1440 1994 1660 2084 impertitos,
1688 1994 1805 2085 quili-

242 2115 303 2189 bet
330 2119 445 2186 autem
472 2135 591 2187 eorum
619 2116 723 2210 solvit
749 2137 813 2207 pro
837 2124 1075 2187 censu'annue
1102 2137 1208 2187 unum
1234 2115 1413 2204 fertonem;
1440 2115 1525 2186 item
1551 2117 1692 2186 tenetur
1721 2114 1807 2206 qui·

242 2235 328 2307 libet
354 2235 559 2307 hortulanus
585 2258 691 2307 unum
719 2237 809 2307 diem
837 2237 873 2307 in
902 2237 1094 2326 septimana
1117 2237 1270 2327 qualibet
1295 2236 1415 2308 labore
1441 2234 1594 2326 pedestri
1619 2234 1807 2327 laborare3

239 2356 416 2427 hortulani
452 2357 557 2427 etiam
599 2357 664 2448 ipsi
701 2361 848 2447 possunt
884 2357 988 2447 dirigi
1023 2358 1202 2447 pedestres
1239 2357 1284 2429 ad
1309 2378 1415 2429 unum
1447 2357 1595 2445 miliare,
1621 2354 1698 2427 sine
1729 2356 1806 2448 die,

242 2478 336 2548 ultra
362 2497 445 2548 vero
473 2498 577 2548 uuum
605 2478 740 2549 miliare
768 2479 798 2549 si
824 2479 1027 2567 mittuntur,
1055 2483 1275 2568 computatur
1302 2479 1351 2549 eis
1378 2478 1439 2548 illa
1465 2476 1583 2548 missio
1610 2475 1656 2547 ad
1682 2477 1806 2551 ratio·

243 2583 320 2668 neni
348 2597 418 2669 diei
444 2598 480 2668 in
507 2599 700 2688 septimana
727 2599 846 2687 debiti;
873 2599 957 2670 item
975 2599 1151 2670 hortulani
1177 2597 1326 2689 praelati
1353 2599 1484 2669 habent
1502 2597 1545 2669 de
1562 2598 1639 2668 iure
1656 2602 1694 2670 et
1715 2619 1807 2671 con-

243 2717 423 2790 suetudine
450 2722 486 2790 et
511 2719 598 2791 nulli
625 2720 685 2790 alii
710 2719 885 2792 frumenta
910 2720 1102 2810 praedialia
1127 2720 1313 2809 triturare,
1341 2725 1377 2790 et
1404 2719 1621 2791 undecimum
1648 2718 1805 2792 cherum

207 2828 216 2845 ’
243 2861 307 2931 pro
333 2840 453 2914 labere
479 2842 643 2932 recipere.
671 2842 757 2912 Item
785 2842 921 2912 suntin
941 2841 1060 2913 eadem
1087 2842 1170 2913 villa
1197 2841 1286 2913 duae
1308 2841 1474 2913 tabernae
1492 2840 1661 2912 babentes
1678 2860 1805 2934 agros,

143 2979 168 3046 ἢ
243 2967 279 3034 et
307 2964 482 3053 quaelibet
517 2962 622 3034 solvit
648 2984 712 3053 pro
740 2984 845 3034 censu
872 2984 986 3036 annuo
1022 2963 1219 3054 praeposito
1247 2982 1351 3034 unam
1377 2946 1528 3034 marcam
1564 2982 1641 3033 cum
1666 2963 1804 3055 media3

243 3105 311 3154 non
336 3083 469 3155 faciunt
497 3083 633 3173 aliquos
660 3083 796 3155 labores
823 3084 858 3154 in
887 3085 1087 3173 septimana,
1116 3084 1226 3155 solum
1249 3087 1405 3173 tempore
1430 3083 1552 3154 messis
1577 3081 1718 3154 foenum
1748 3084 1806 3157 iir-

243 3210 327 3276 vant
353 3205 398 3277 ad
425 3225 547 3275 currus
573 3204 761 3295 imponere3
787 3205 872 3276 item
898 3205 1076 3277 hortulani
1102 3210 1138 3276 et
1156 3205 1397 3277 tabernatores
1425 3208 1589 3276 tenentur
1614 3224 1698 3276 oves
1718 3210 1805 3281 tou-

243 3325 341 3416 dere,
376 3331 541 3398 tenentur
568 3326 671 3397 etiarn
699 3347 866 3417 cenapum
894 3332 930 3398 et
956 3326 1065 3398 linum
1091 3326 1267 3418 praediale
1294 3325 1339 3397 ad
1367 3347 1491 3417 aquam
1519 3326 1655 3416 ducere,
1680 3324 1804 3417 impe·

244 3467 346 3537 nere,
383 3448 566 3519 extrahere
594 3454 630 3519 et
656 3451 789 3536 terere,
825 3449 909 3520 item
936 3449 1135 3520 emethoues
1162 3452 1326 3532 tenentur
1357 3448 1487 3538 absque
1514 3448 1570 3518 die
1597 3451 1658 3517 aut
1684 3468 1804 3521 novos

244 3590 386 3640 acervos
422 3589 565 3659 parare,
602 3573 662 3639 aut
688 3570 850 3659 antiquos
882 3568 1090 3659 reformare,
1127 3569 1314 3659 inquibus
1351 3569 1518 3640 decimam
1543 3567 1804 3657 manipularem

243 3690 346 3762 villae
372 3691 592 3780 praepositus
620 3690 769 3761 voluerit
796 3690 975 3778 collocare,
1003 3691 1086 3761 item
1113 3695 1185 3760 tam
1203 3691 1453 3779 tabernatoreS,
1481 3710 1583 3780 quam
1609 3689 1797 3763 hortulani

244 3811 287 3881 de
312 3811 388 3882 iure
416 3817 451 3882 et
477 3811 724 3883 consuetudine
758 3811 890 3883 babent
925 3812 1123 3882 libertatem
1152 3812 1187 3882 in
1211 3834 1301 3906 qupo
1328 3811 1518 3903 praepositi
1552 3832 1617 3901 pro
1649 3811 1800 3902 sepibus

242 3936 279 4002 et
305 3953 368 4021 pro
395 3933 602 4004 necessitate
628 3933 729 4023 ignis,
757 3933 792 4002 in
819 3932 903 4003 locis
930 3938 1061 4022 tamen,
1089 3934 1123 4002 in
1152 3933 1276 4024 quibus
1304 3934 1353 4003 eis
1381 3933 1600 4022 praepositus
1627 3931 1683 4003 vel
1711 3954 1800 4024 pro·
1838 3924 1843 3931 ’

242 4057 382 4123 curator
409 4053 483 4123 eius
510 4052 811 4143 demonstraverit,
839 4055 966 4125 robora
992 4055 1124 4124 maiora
1152 4077 1220 4125 rron
1238 4053 1421 4144 tangendo,
1449 4054 1611 4143 incidere3
1638 4055 1799 4127 emethe-

241 4193 302 4244 nes
329 4193 411 4244 vero
439 4173 568 4244 nullam
604 4174 734 4244 habent
768 4173 966 4245 libertatem
994 4175 1028 4244 in
1054 4196 1144 4271 pepo
1172 4174 1344 4245 incidendi
1371 4175 1474 4265 ligna,
1502 4174 1569 4245 nisi
1597 4174 1639 4245 de
1670 4175 1802 4247 volun-

240 4298 314 4365 tate
341 4295 532 4384 praepositi
567 4300 603 4365 et
640 4294 787 4384 quadam
823 4295 1070 4367 consuetudine
1106 4315 1210 4367 nuces
1247 4295 1423 4366 avellanas
1450 4302 1486 4367 et
1512 4315 1615 4387 poma
1641 4299 1677 4367 et
1705 4316 1801 4388 pyra

242 4416 428 4507 sylvestria
455 4416 690 4486 admittuntur
715 4416 880 4507 recipere.

346 4537 434 4607 Item
463 4537 498 4607 in
526 4535 646 4608 eadem
674 4537 756 4608 villa
791 4544 846 4610 est
872 4537 1106 4609 molendinum
1134 4539 1169 4609 in
1196 4538 1300 4610 fluvio
1331 4538 1534 4628 torrentali,
1571 4537 1626 4610 cni
1653 4536 1807 4613 addit-us

240 4664 295 4729 cst
322 4658 454 4730 medius
480 4659 601 4729 laneus
629 4679 671 4730 ex
699 4660 793 4748 agris
829 4661 1049 4732 emethonum
1076 4681 1154 4732 cum
1182 4661 1316 4733 duobus
1342 4660 1468 4759 pratis,
1495 4660 1539 4731 ad
1566 4660 1694 4732 dictam
1721 4682 1798 4735 me-

240 4780 406 4852 dietatem
433 4779 525 4851 lanei
553 4782 801 4871 spectantibus
828 4782 935 4853 babet
962 4783 1068 4853 etiam
1095 4783 1163 4854 duo
1192 4784 1261 4853 alia
1287 4764 1459 4873 prata'bd
1486 4782 1722 4856 molendinum
1748 4802 1798 4858 ex

239 4901 381 4992 antiquo
410 4902 610 4991 spectantia,
638 4901 680 4973 de
708 4903 833 4992 quibus
860 4904 1018 4974 omnibus
1045 4924 1108 4993 pro
1137 4924 1250 4975 annuo
1278 4925 1383 4976 ceusu
1410 4904 1513 4975 solvit
1539 4896 1800 4979 molendinator

240 5022 440 5113 praeposito
468 5022 613 5112 singulis
641 5024 842 5113 septimanis
870 5025 956 5095 duos
984 5025 1145 5097 choretos
1172 5025 1320 5115 siliginis
1347 5025 1382 5095 in
1409 5022 1530 5115 farina,
1558 5024 1660 5098 etad
1688 5044 1801 5116 quae-

238 5143 326 5214 libet
352 5146 502 5231 quatuor
520 5146 678 5234 tempora
695 5163 800 5214 unum
828 5143 1007 5215 choretum
1024 5145 1111 5214 milii
1138 5165 1320 5216 mensurae
1347 5143 1641 5216 Scarbimiriensis
1667 5143 1801 5236 planae

240 5266 277 5331 et
303 5261 465 5351 aequalis.
492 5261 579 5332 Item
607 5266 678 5333 tam
707 5262 905 5334 emethones
942 5283 1044 5353 quam
1071 5263 1265 5354 hortulani,
1293 5264 1534 5336 tabernatores
1561 5269 1598 5336 et
1623 5263 1800 5337 molendi-

239 5386 342 5451 nater
356 5380 399 5453 de
414 5383 572 5455 omnibus
586 5384 680 5475 agris
691 5384 830 5457 solvunt
844 5383 1011 5458 decimam
1020 5385 1270 5478 manipularem
1284 5387 1546 5479 praepositurae
1556 5385 1589 5460 S.
1597 5382 1800 5485 Michaelis,
