4050 6054
1701 504 1775 576 559
1809 500 1815 511 “

227 712 393 784 tenentur
427 730 504 782 eam
539 706 665 781 ducere
697 707 850 800 propriis
885 706 1044 783 curribus
1079 705 1278 782 emethones
1315 708 1351 781 in
1388 704 1553 782 horreum
1589 709 1775 781 ancariis

228 822 433 922 locandum,
447 838 484 903 et
509 832 714 903 aestimatur
739 832 838 903 valor
864 832 939 903 eius
965 831 1010 902 ad
1028 885 1248 902 .........
1274 830 1363 902 Item
1389 830 1556 902 tabernae
1583 851 1651 903 non
1678 834 1773 922 sunt,
1839 884 1845 897 ,

227 952 449 1025 hortulaniae
464 973 544 1023 non
571 958 661 1043 sunt,
688 951 771 1023 item
797 952 977 1042 praedium
1003 973 1072 1024 non
1099 958 1163 1024 est.

331 1070 524 1162 Oramus,
551 1073 634 1144 villa
660 1073 725 1143 snb
743 1073 908 1163 parochia
934 1072 1099 1144 ecclesiae
1127 1072 1170 1144 de
1196 1071 1324 1143 Nova
1350 1070 1553 1144 Sandecz
1580 1071 1657 1162 sita,
1676 1070 1775 1143 cuius

229 1194 353 1264 haeres
380 1189 521 1264 Gethka
546 1193 931 1284 Wyelyopolsky,
957 1193 1083 1265 nobilis
1107 1192 1268 1265 dedomo
1296 1191 1605 1283 Antiquarum
1631 1190 1775 1297 Equo-

229 1333 342 1403 rum,
378 1313 414 1383 in
441 1333 509 1403 qna
535 1318 617 1384 sunt
634 1367 829 1383 ........
854 1312 947 1384 lanei
973 1313 1220 1403 cmethonales,
1247 1312 1291 1383 de
1319 1313 1442 1403 quibus
1469 1313 1617 1385 solvitur
1642 1313 1775 1384 decima

228 1433 454 1523 manipularis
481 1438 517 1505 et
543 1453 607 1522 per
634 1438 783 1523 quatuor
809 1434 948 1522 ierugas
971 1433 1144 1522 canapalis
1171 1432 1391 1504 universitati
1418 1433 1627 1506 moedorum
1644 1430 1775 1504 Sande-

229 1554 410 1642 czensinm,
437 1556 474 1623 et
500 1553 629 1624 ducunt
655 1574 731 1624 eam
758 1553 957 1663 emethones
984 1553 1135 1643 propriis
1163 1552 1321 1625 curribus
1348 1553 1384 1624 in
1411 1552 1574 1624 horreum
1598 1552 1775 1624 ancariis

228 1672 428 1763 locandum,
455 1679 492 1745 ot
518 1673 722 1745 aestimatur
756 1672 856 1745 valor
882 1672 957 1745 eins
993 1672 1038 1744 ad
1064 1678 1138 1745 tres
1165 1692 1320 1763 marcas3
1354 1673 1439 1744 item
1469 1673 1654 1763 tabernae,
1689 1672 1775 1744 item

229 1793 457 1884 hortulaniae,
484 1793 568 1864 item
594 1794 784 1882 praedium.

331 1904 513 2003 Zavvanrl,
541 1913 624 1983 villa
650 1913 713 1985 snb
739 1914 906 2004 parochia
932 1913 1096 2020 ecelesiae
1122 1913 1166 1984 de
1193 1912 1256 1984 No
1270 1934 1323 1984 va
1349 1911 1553 1985 Sandecz
1580 1914 1658 2004 sita,
1677 1912 1774 1985 cuius

229 2033 354 2105 haeres
390 2033 555 2104 Nicolaus
590 2031 883 2124 Zanaczslry,
918 2033 1045 2105 nobilis
1072 2032 1115 2104 de
1142 2032 1594 2124 armis.Antiquorum
1629 2032 1773 2124 Equo-

227 2173 339 2242 rum,
366 2153 403 2223 in
431 2150 578 2244 quaest
603 2153 783 2243 praedium
809 2152 959 2243 praelati
985 2152 1122 2225 Nicolai
1148 2153 1192 2224 de
1217 2151 1410 2224 Zawada
1445 2152 1613 2244 militare,
1639 2155 1771 2225 habens

228 2293 331 2362 agros
356 2272 492 2363 largos,
528 2272 571 2344 de
598 2274 723 2363 quibus
751 2273 908 2345 omnibus
935 2274 1083 2347 solvitur
1118 2272 1250 2345 decima
1275 2273 1500 2363 manipularis
1526 2271 1774 2364 tantummodo,

229 2399 266 2464 et
291 2413 360 2464 non
389 2393 564 2482 canapalis
598 2393 818 2464 universitati
844 2394 1052 2465 vicariorum
1079 2391 1386 2485 Sandeczensinm,
1421 2394 1518 2465 onius
1543 2394 1643 2465 valor
1669 2393 1773 2465 aesti-

229 2518 343 2584 matur
369 2513 414 2584 ad
440 2512 557 2583 decem
584 2533 727 2584 marcas.
770 2513 858 2584 Item
886 2534 1008 2585 novem
1040 2513 1133 2584 lanei
1168 2514 1421 2605 emethonales;
1456 2515 1540 2585 item
1575 2515 1772 2586 cmethones

228 2632 330 2704 villae
356 2631 531 2723 praefatae
567 2633 707 2703 solvunt
739 2651 894 2703 annonas
930 2631 1041 2703 eidem
1076 2631 1298 2703 universitati
1324 2632 1532 2704 vicariorum
1559 2631 1772 2705 Sandeczen-
1813 2673 1815 2677 ν

228 2752 326 2842 sium,
353 2758 458 2842 prout
482 2750 625 2823 inferius
651 2751 756 2822 latius
783 2750 1024 2841 describemus,
1053 2756 1088 2822 et
1113 2752 1219 2822 etiam
1246 2751 1412 2823 decimam
1438 2752 1696 2843 manipularem.

330 2869 533 2961 Zanzuczn
559 2871 643 2943 villa
669 2872 733 2944 sub
752 2871 918 2962 parochia
943 2871 1109 2942 ecclesiae
1136 2871 1179 2943 de
1206 2872 1446 2944 Lanczsko
1474 2874 1551 2964 sita,
1578 2874 1674 2946 cuins
1692 2893 1774 2965 pro-

226 2988 357 3081 prietas
384 2997 421 3062 et
442 2991 631 3062 dominium
658 2991 702 3062 ad
730 2992 931 3063 coenobium
949 2991 1260 3063 sanctimonialium
1287 2991 1330 3063 de
1357 2991 1561 3083 Antiqua
1587 2992 1770 3067 Sandecz

227 3111 388 3202 pertinet,
414 3111 450 3181 in
478 3132 546 3202 qua
572 3116 654 3183 sunt
681 3132 741 3182 sex
766 3111 860 3183 lanei
885 3111 975 3201 largi
1001 3118 1038 3183 et
1063 3112 1128 3182 lati
1154 3112 1403 3203 cmethonales,
1438 3133 1514 3185 cum
1541 3114 1773 3187 cohaerentiis

228 3233 310 3323 suis,
337 3232 379 3302 de
407 3232 531 3323 quibus
558 3232 716 3305 omnibus
743 3232 891 3302 solvitur
917 3232 1050 3303 decima
1075 3232 1301 3323 manipularis
1328 3237 1364 3304 et
1389 3253 1452 3324 per
1469 3237 1618 3324 quatuor
1634 3235 1773 3326 ierugas

228 3352 403 3444 canapalis
429 3351 650 3425 universitati
676 3352 882 3423 vicariorum
910 3352 1075 3424 ecclesiae
1102 3352 1359 3443 Sandeczensis,
1377 3358 1414 3424 et
1432 3351 1561 3427 ducunt
1587 3375 1663 3425 eam
1682 3376 1772 3428 cme-

227 3474 352 3545 thanes
377 3474 528 3565 propriis
556 3472 714 3545 curribus
741 3472 776 3542 in
803 3472 967 3543 horreum
993 3494 1016 3543 a
1041 3473 1180 3544 vicariis
1206 3472 1400 3563 locandum,
1427 3478 1463 3545 et
1488 3474 1586 3546 valor
1612 3476 1687 3547 eins
1714 3496 1773 3548 ae-

229 3593 389 3665 stimatur
414 3594 459 3665 ad
485 3614 547 3665 sex
572 3612 717 3665 marcas.
742 3590 831 3664 Item
857 3593 1023 3665 tabernae
1040 3614 1110 3666 non
1129 3601 1218 3686 sunt,
1244 3593 1464 3666 hortulaniae
1482 3615 1551 3666 non
1569 3600 1661 3686 sunt,
1687 3596 1771 3668 item

228 3714 408 3803 praedium
434 3734 503 3786 non
530 3718 593 3785 est

332 3833 575 3907 Suburbium
602 3833 891 3907 Sandeczense.
917 3832 1096 3908 Habetin
1124 3834 1290 3909 suburbio
1309 3831 1536 3909 Sandeczeusi
1562 3834 1773 3909 universitas

229 3952 436 4027 vicarimnm
463 3955 748 4028 Sandeczensinm
783 3978 889 4028 unum
915 3957 1095 4047 praedium
1122 3977 1198 4028 cum
1225 3976 1309 4028 area
1335 3963 1372 4028 et
1398 3959 1494 4028 curia
1519 3959 1555 4029 in
1581 3963 1655 4031 tres
1682 3980 1773 4031 eam-

228 4094 291 4165 pos
317 4075 475 4166 divisum,
502 4078 594 4148 circa
619 4077 799 4148 ecclesiam
826 4076 859 4147 S.
886 4076 1069 4149 hdalberti
1096 4077 1220 4168 situm,
1248 4077 1340 4167 quod
1366 4082 1427 4149 aut
1454 4079 1519 4149 soli
1546 4079 1682 4170 colunt,
1709 4084 1771 4152 ant

228 4195 330 4267 alicui
357 4195 421 4267 sub
449 4217 563 4267 annua
589 4197 755 4286 pensione
780 4196 916 4287 locant,
943 4196 986 4267 de
1013 4218 1081 4287 quo
1108 4197 1194 4269 nulli
1220 4197 1361 4269 solvunt
1387 4197 1554 4270 decimam
1579 4200 1772 4290 manipula·

228 4335 301 4387 rem
328 4323 389 4387 ant
414 4317 622 4406 canapalem,
650 4317 711 4387 sed
738 4338 813 4387 eam
845 4337 908 4406 pro
936 4338 975 4388 se
1001 4316 1130 4389 tollunt
1155 4321 1192 4389 et
1217 4318 1253 4389 in
1279 4316 1443 4389 horreum
1469 4338 1568 4390 snum
1594 4320 1771 4410 inducunt,

186 4422 191 4430 ’
229 4437 320 4526 quod
348 4437 484 4527 quidem
511 4437 690 4526 praedium
716 4436 863 4508 liberum
890 4444 944 4508 est
971 4439 1015 4509 ab
1034 4438 1127 4509 omni
1153 4438 1261 4529 dacia,
1287 4438 1421 4511 tributo
1449 4445 1486 4510 et
1511 4440 1690 4512 exactione
1717 4459 1773 4512 so-

230 4557 339 4628 lutum
367 4562 403 4628 et
421 4563 626 4647 exemptum,
654 4557 745 4647 quod
763 4558 848 4628 alias
866 4557 910 4628 ad
928 4558 1106 4630 eeclesiam
1132 4557 1364 4650 parochialem
1391 4558 1660 4632 Sandeczensem
1678 4542 1719 4631 et'
1731 4560 1775 4632 ad

228 4676 302 4749 eius
328 4676 513 4767 plebanum
539 4677 746 4768 pertinebat.

332 4796 540 4889 Notandum,
568 4797 660 4888 qnod
687 4798 832 4869 eeclesia
857 4796 1103 4871 Sandeczensis
1130 4799 1212 4871 dum
1229 4798 1381 4871 habebat
1402 4799 1595 4890 plebanum,
1620 4798 1774 4873 habebat

228 4937 382 4989 annonas
408 4917 444 4988 iu
471 4916 563 4988 villis
589 4916 830 5009 infrascriptis,
858 4924 893 4989 et
910 4920 955 4991 ad
972 4940 1048 4991 eam
1074 4921 1150 4992 iure
1176 4918 1368 5012 parochiali
1394 4919 1659 5009 pertinentibus,
1687 4940 1773 5011 quas

227 5038 394 5129 plebanus
421 5038 667 5110 Sandeczensis
695 5040 769 5110 iure
788 5061 850 5112 suo
877 5040 1100 5130 percipiebat,
1128 5063 1216 5132 quae
1243 5060 1308 5130 per
1332 5038 1526 5130 praefatum
1553 5039 1771 5131 Sbigneum

228 5157 436 5228 cardinalem
463 5164 499 5229 et
526 5160 723 5249 episcopum
748 5158 1019 5251 Gracoviensem‚
1045 5161 1081 5231 in
1100 5162 1380 5232 communitatem
1406 5160 1614 5232 vicariorum
1641 5160 1771 5234 Sande-

227 5277 396 5349 czensinm
433 5280 625 5351 translatae
652 5286 751 5370 sunt,
787 5286 823 5351 et
849 5280 977 5351 eisdem
1014 5286 1183 5370 perpetuo
1219 5280 1368 5351 donatae
1396 5286 1432 5351 et
1458 5281 1666 5374 inscriptae,
1702 5304 1771 5357 non
