4050 6054
1704 506 1777 578 aos
1898 489 1900 495 ’

233 712 277 782 (1(
303 712 408 783 armis
435 711 730 802 Serpentum,
758 709 844 782 alias
872 710 1173 801 Wazihowie‚
1200 711 1236 781 in
1264 731 1332 801 qua
1358 716 1440 782 sunt
1467 716 1544 782 octo
1572 713 1779 784 commedio
1870 733 1879 748 ⁸

232 833 324 905 lanei
358 832 610 923 cmethonales‚
646 832 690 904 db
722 833 846 924 quibus
863 878 864 883 =
883 831 987 903 datur
1023 831 1156 902 decima
1190 832 1415 922 manipularis
1442 837 1479 903 et
1505 832 1681 922 canapalis
1716 853 1780 924 per

233 958 382 1045 quatuor
408 953 546 1043 ierugas
574 959 610 1024 (1
637 953 773 1025 ducitur
796 973 859 1043 per
877 952 1076 1024 cmethones
1099 953 1134 1023 in
1152 952 1316 1036 horreum
1334 973 1355 1023 a
1373 954 1571 1042 praeppsito
1589 952 1783 1042 locandum,

233 1064 269 1146 et
294 1074 393 1146 valor
420 1075 494 1145 eius
521 1076 726 1146 aestimatur
752 1073 797 1144 ad
821 1073 1015 1164 quindecim
1041 1093 1186 1145 marcas.
1212 1074 1301 1144 Item
1319 1070 1488 1146 tabernae
1514 1078 1585 1145 tres
1612 1056 1781 1159 habcdffc

233 1212 355 1287 agros„
372 1196 456 1267 item
481 1195 702 1267 hortulaniae
728 1200 800 1265 tres
827 1194 996 1266 hahentes
1023 1212 1146 1284 agros·
1163 1194 1206 1265 de
1234 1195 1358 1285 quibus
1385 1200 1457 1266 tam
1484 1197 1652 1267 tabernae
1679 1216 1782 1286 quam

232 1314 449 1387 hortulaniae
476 1316 617 1397 solvunt
643 1315 812 1387 decimam
838 1316 1102 1406 praepositurae
1128 1315 1164 1384 in
1188 1312 1413 1409 pooitbwam3
1440 1315 1525 1387 item
1543 1321 1623 1386 suut
1641 1315 1691 1386 ibi
1708 1322 1782 1387 tres

234 1437 351 1508 curiae
378 1437 546 1509 militares
566 1443 603 1509 et
620 1439 690 1509 tria
716 1436 868 1527 praedia,
886 1436 930 1508 dc
948 1436 1081 1526 quibus¹
1101 1435 1234 1506 decima
1256 1435 1405 1507 solvitur
1420 1420 1655 1526 'manipularis
1674 1437 1782 1508 eccle-

234 1559 306 1628 siae
332 1558 525 1648 parochiali
550 1559 587 1629 in
614 1558 930 1647 Skarzeszow3
967 1558 1009 1628 (1(
1036 1556 1209 1647 aliquibus
1245 1562 1361 1627 tamen
1397 1558 1490 1647 agris
1518 1556 1623 1628 datur
1650 1557 1783 1633 decima
1899 1580 1903 1585 ⁴

234 1679 442 1771 praeposito,
470 1699 520 1769 co,
548 1678 641 1770 quod
668 1679 900 1751 cmethonales
928 1679 1102 1768 quondam
1127 1676 1276 1767 fuerunt,
1296 1677 1339 1748 (1(
1359 1677 1436 1748 aliis
1462 1698 1546 1750 vero
1573 1678 1720 1768 plebano
1747 1680 1784 1748 in

234 1797 542 1870 Slrarzesuow.
1663 1891 1667 1905 ι

338 1917 572 2021 Oszorrnczn²
600 1920 683 1991 villa
710 1921 774 1991 suh
801 1921 967 2009 parochia
993 1919 1156 1990 ecclesiae
1183 1918 1226 1990 de
1252 1918 1275 1989 J
1285 1918 1421 1989 edlna
1447 1920 1516 1991 sita
1549 1919 1594 1990 ad
1621 1920 1783 1992 illustris-

235 2039 359 2110 simum
385 2038 551 2111 Poloniae
577 2061 696 2130 regem
722 2041 914 2129 pertinens,
952 2040 989 2111 iu
1017 2061 1084 2130 qua
1119 2045 1202 2110 sunt
1227 2039 1394 2135 undecim·
1410 2039 1504 2111 lanei
1530 2041 1783 2132 cmethonales,

235 2160 430 2250 dequibus
466 2160 570 2231 datur
606 2160 739 2230 decima
775 2147 999 2250 manipularis
1027 2166 1062 2231 et
1089 2160 1263 2250 canapalis
1299 2136 1413 2250 per-‘³¹
1497 2180 1537 2232 or
1572 2161 1711 2252 ierngas
1747 2168 1784 2234 et

193 2373 197 2379 ¹
235 2278 374 2351 ducitur
407 2300 470 2369 per
505 2281 702 2369 cmethones
738 2281 774 2350 in
800 2282 964 2352 horreum
1002 2281 1251 2372 apraeposito
1286 2264 1411 2353 locand
1476 2284 1550 2371 ’,(1
1576 2252 1675 2356 dolor
1709 2282 1784 2354 eius

147 2427 148 2430 ¹
233 2401 437 2472 aestimatur
463 2400 508 2471 ad
535 2405 612 2474 octo
640 2406 702 2472 aut
729 2401 847 2473 decem
872 2422 1017 2490 marcas;
1044 2402 1129 2474 item
1146 2402 1312 2472 tabernae
1326 2396 1413 2489 xtrc's
1440 2400 1785 2493 decimant-praepo·

235 2521 320 2609 sito,
356 2522 440 2592 item
466 2521 685 2592 hortolaniae
713 2520 801 2593 duae
836 2543 905 2593 non
932 2522 1101 2594 habentes
1128 2543 1250 2613 agros,
1286 2523 1370 2593 item
1397 2523 1577 2611 praedium
1603 2510 1709 2593 dnum
1723 2523 1789 2621 ihi

234 2641 388 2729 regium,
425 2643 522 2713 cuius
558 2643 635 2732 agri
670 2642 811 2714 solvunt
846 2642 1013 2714 decimam
1043 2643 1294 2732 manipularem
1331 2642 1497 2715 ecclesiae
1532 2643 1723 2733 parochiali
1742 2586 1822 2731 ff

235 2759 414 2831 Jedlna.
787 2781 789 2786 ’
1754 2756 1758 2763 ’

289 2886 291 2891 ’
338 2880 676 2972 Nmurnnowrczu‚
710 2883 795 2955 villa
821 2884 885 2955 sub
912 2883 1078 2975 parochia
1104 2844 1269 3021 ecclo'i'ge
1296 2864 1783 3021 (1(ἓ1((η(((ψ(11(,

234 3001 331 3074 cuius
350 3001 482 3074 haeres
509 3002 668 3075 Andreas
696 3002 860 3075 Oiolek
888 3004 930 3076 de
958 3004 1059 3076 domo
1087 2988 1508 3109 sapiendumque
1525 3010 1607 3076 sunt
1634 3006 1785 3097 quinque

232 3123 324 3194 lanei
359 3124 610 3214 cmethouales‚
648 3123 844 3216 dequibus
880 3124 982 3197 datur
1017 3096 1400 3214 decimamanipularis
1435 3132 1472 3196 et
1508 3126 1686 3217 canapalis
1721 3148 1796 3217 per·

235 3250 390 3334 quatuor.
410 3245 548 3335 ierogas
576 3251 613 3316 (1
639 3246 778 3317 ducitur
812 3266 876 3336 per
903 3247 1103 3318 cmethones
1129 3246 1166 3316 in
1192 3247 1356 3317 horreum
1383 3266 1405 3316 a
1430 3247 1631 3336 praeposito
1668 3246 1787 3331 locan-

133 3347 147 3386 ”
235 3364 325 3454 dum,
353 3371 389 3436 (1
414 3365 513 3437 valor
540 3367 614 3437 eius
641 3367 845 3438 aestimatur
862 3366 907 3437 ad
925 3373 1074 3457 quatuor
1091 3371 1152 3438 aut
1170 3367 1321 3457 quinque
1347 3386 1489 3439 marcas.
1514 3367 1603 3438 Item
1621 3359 1787 3439 tabernae

235 3507 305 3557 non
332 3491 422 3577 sunt,
450 3487 533 3559 item
559 3487 778 3582 hortolaniae
805 3488 903 3577 duae,
931 3487 1086 3559 sednon
1114 3482 1393 3578 habent'bgroS,
1419 3488 1504 3558 item
1530 3492 1585 3558 est
1611 3488 1660 3559 ibi
1687 3489 1785 3559 curia

234 3605 397 3679 militaris
424 3612 461 3678 (1
484 3609 636 3679 militare
663 3606 860 3697 praedium,
897 3607 940 3678 de
967 3609 1065 3678 cuius
1092 3608 1186 3698 agris
1221 3607 1369 3680 solvitur
1403 3607 1536 3693 decima
1561 3606 1787 3699 manipularis

238 3727 403 3800 ecclesiae
429 3728 465 3798 in
492 3727 801 3800 Skarzesuow.
1374 3725 1392 3831 Ἰ
1550 3737 1554 3742 ’
1708 3722 1719 3739 ”

149 3831 158 3843 ’
338 3847 508 3921 Kronou
534 3847 682 3938 Maron,
708 3848 793 3920 villa
820 3850 884 3920 sub
910 3850 1077 3939 parochia
1104 3850 1269 3921 ecclesiae
1296 3848 1339 3920 de
1355 3828 1673 3921 bharzesuo'w
1699 3848 1786 3939 sita,

217 3961 342 4040 ‘cuius
359 3970 527 4041 haeredes
562 3970 784 4060 lacobus,
820 3969 1024 4041 Michael
1061 3976 1098 4041 (1
1131 3970 1299 4061 Zlothy
1335 3969 1410 4041 eius
1436 3976 1582 4059 nepotes
1610 3969 1653 4041 de
1680 3971 1786 4043 armis
1856 4042 1859 4049 ,

203 4069 208 4080 ’
235 4087 473 4181 Habdanh‚
500 4091 537 4161 in
564 4112 633 4182 qua
651 4096 732 4161 sunt
759 4091 908 4162 sedecim
934 4091 1027 4162 lanei
1054 4092 1298 4180 emethonales,
1326 4091 1368 4168 de
1388 4090 1513 4182 quibus
1531 4090 1636 4162 dator
1655 4090 1829 4217 decima}
1877 4082 1878 4087 ’
1995 4092 1998 4098 ’

155 4218 186 4296 '¹
235 4211 461 4301 manipularis
488 4217 524 4282 et
549 4211 725 4302 canapalis
761 4231 824 4302 per
851 4218 1001 4303 quatuor
1026 4213 1165 4306 ierugas
1201 4219 1238 4284 (1
1263 4200 1403 4284 ducitur
1436 4232 1500 4302 psa
1516 4213 1725 4315 cmethoues
1752 4190 1811 4283 id

235 4331 400 4402 horreum
418 4353 440 4403 a
456 4332 656 4422 praeposito
683 4333 865 4404 locandum
884 4338 919 4403 et
938 4334 1037 4405 valor
1063 4334 1137 4404 eius
1164 4333 1370 4404 aestimatur
1396 4332 1440 4405 ((1
1468 4333 1619 4423 quinque
1724 4350 1791 4423 sex

236 4472 388 4542 marcas,
424 4453 609 4544 aliquando
638 4453 682 4524 ad
709 4453 887 4524 duodecim
923 4475 1067 4525 marcas.
1112 4454 1200 4526 Item
1231 4454 1399 4527 tabernae
1432 4453 1592 4526 undecim
1617 4448 1695 4527 ha*
1732 4454 1788 4525 tes

235 4592 349 4663 agros,
375 4574 459 4644 item
485 4562 703 4645 nortmania
730 4594 863 4664 novem,
891 4573 1048 4646 sednon
1074 4574 1205 4645 hahent
1231 4594 1344 4665 agros,
1371 4574 1415 4645 de
1441 4573 1535 4664 agris
1562 4573 1788 4644 tabernarum

212 4693 393 4765 -redditur
419 4683 805 4784 decimamanipularis
830 4696 1114 4785 praepositurae3
1150 4696 1234 4766 item
1260 4699 1343 4768 sunt
1377 4694 1427 4765 ibi
1454 4699 1527 4766 tres
1554 4692 1670 4765 curiae
1697 4693 1788 4763 mili-

234 4819 331 4886 tares
357 4819 394 4887 (1
419 4815 490 4886 tria
517 4815 678 4914 praedia,
715 4814 757 4886 de
785 4816 908 4905 quibus
937 4816 1097 4889 omnibus
1133 4815 1237 4888 datur
1258 4814 1398 4889 decima
1424 4813 1651 4905 manipularis
1677 4813 1786 4911 epcle·

236 4934 311 5007 alae
336 4935 529 5026 parochiali
555 4935 592 5007 lh
609 4936 932 5008 Skarzeszow.
965 4984 969 4992 -
1200 4924 1206 4933 ’
1677 4932 1739 5021 ἐξ*

227 5092 250 5119 ·.
339 5055 508 5129 Kronou
534 5055 673 5146 Mruoa,
701 5056 784 5128 villa
810 5058 874 5128 sub
893 5058 1060 5148 parochia
1087 5057 1129 5128 de
1156 5057 1460 5129 Skarzeszow
1486 5056 1563 5147 sita,
1591 5020 1788 5128 cuius⁴hae

226 5196 294 5248 res
320 5175 514 5249 Stanislaus
542 5174 824 5268 Gniewoszy‚
851 5176 894 5249 de
921 5168 1028 5249 annis
1054 5178 1253 5271 Zgroya‚
1279 5179 1316 5248 in
1334 5197 1404 5268 qna
1420 5182 1503 5248 sunt
1529 5183 1679 5268 qumuor
1696 5176 1787 5248 lanei

236 5276 558 5423 cmethonales'qssde
586 5299 709 5390 quibus
737 5298 870 5369 decima
895 5298 1120 5389 manipularis
1147 5300 1184 5371 in
1211 5298 1383 5371 solutione
1410 5296 1682 5387 diversificatum
1708 5310 1788 5369 narn

236 5421 272 5490 in
284 5495 287 5499 ,
298 5435 368 5491 una
392 5418 581 5495 medietate
607 5420 742 5511 minori,
761 5419 804 5492 de
823 5422 1101 5495 extremitatibus
1119 5421 1299 5530 laneorpm
1317 5442 1361 5494 ex
1378 5418 1517 5511 campis,
1543 5438 1787 5511 versusagros

216 5572 220 5579 '
340 5587 388 5628 mo.
402 5586 499 5687 sumet
632 5538 638 5553 ⁴
739 5652 741 5656 .
1581 5559 1622 5617 39

631 5698 649 5774 ἒξ
755 5762 761 5783 ,
