4080 6068
1720 550 1889 621 49·

216 769 293 817 cum
311 749 440 820 vicario
460 748 613 818 eiusdem
631 749 782 821 vicariae
800 769 863 837 pro
884 754 1054 838 tempore,
1075 749 1266 820 dedecima
1287 751 1483 822 huiusmodi
1503 755 1609 859 habet
1627 757 1768 844 partici-

216 889 309 958 pare.
349 869 473 958 inqua
491 868 574 939 villa
591 890 660 938 non
678 834 851 941 hdbentur
869 869 960 940 lanei
978 871 1188 959 mensurati,
1207 870 1267 940 sed
1283 871 1450 960 quaedam
1470 879 1588 962 partes
1607 896 1769 962 agrorum
1836 906 1839 912 ·
1904 959 1909 970 ¹

217 991 410 1079 vulgariter
435 1013 544 1085 aprop,
574 989 1033 1079 teneaturque-emethones
1061 991 1213 1080 propriis
1237 993 1395 1063 curribus
1414 995 1448 1063 in
1468 995 1579 1065 locum
1599 1017 1620 1065 a
1637 975 1780 1068 vicario*

216 1111 410 1201 eligendum
425 1112 560 1201 ducere,
579 1118 615 1182 et
630 1112 768 1183 solvunt
783 1112 947 1182 decimam
967 1113 1089 1202 canapi
1103 1134 1165 1201 per
1180 1121 1328 1203 quatuor
1346 1115 1534 1186 iuncturas.
1561 1116 1648 1187 Item
1663 1118 1769 1190 habet
1824 1140 1834 1157 ’

218 1231 688 1321 vicariapraefatadeeimam
700 1233 948 1322 manipularem
964 1233 997 1301 in
1010 1233 1092 1303 nilla
1109 1233 1133 1304 J
1138 1236 1341 1305 anowieae
1357 1257 1464 1325 prope
1474 1235 1586 1326 Wyel
1592 1239 1768 1329 poznan,

218 1354 313 1423 cuius
332 1354 519 1425 dominium
548 1355 699 1443 pertinet
718 1353 762 1424 ad
780 1353 964 1445 Joannem,
988 1355 1170 1426 haeredem
1194 1356 1297 1435 uillae
1315 1354 1530 1448 praedictae,
1557 1359 1769 1433 nobilem-de

218 1474 324 1544 domo
337 1474 380 1543 de
399 1474 636 1563 Strzcgom
646 1497 717 1564 ya,
737 1475 801 1544 sub
815 1474 980 1564 parochia
999 1476 1163 1546 eeclesiae
1183 1477 1226 1546 de
1244 1475 1287 1545 W
1296 1477 1366 1567 pol
1376 1501 1400 1568 y
1412 1479 1535 1568 czka,
1556 1486 1636 1568 post
1650 1501 1768 1553 omnes

108 1588 111 1597 '
218 1616 321 1683 agros
349 1602 384 1666 et
403 1595 573 1684 araturae,
593 1597 743 1666 omnium
764 1602 799 1666 ot
818 1596 1031 1685 singulorum
1051 1598 1268 1668 emethonum
1288 1604 1323 1668 et
1341 1599 1619 1688 hortulanorum3
1647 1601 1769 1692 inqua

217 1717 322 1785 etiam
350 1717 433 1787 uilla
451 1739 519 1786 non
538 1717 713 1787 hahentur
730 1718 821 1788 lanei
841 1718 1011 1808 distincti,
1039 1719 1098 1788 sed
1119 1719 1289 1790 duntaxat
1307 1727 1425 1809 partes
1444 1742 1607 1811 agrorum
1626 1726 1768 1794 vocatae
1849 1709 1852 1714 ’

216 1860 316 1929 nprcp
344 1838 416 1907 siue
435 1833 554 1931 placy,
583 1844 745 1910 tenentur
764 1860 840 1910 eam
859 1840 1057 1910 emethones
1085 1846 1121 1910 et
1138 1840 1314 1911 hortulani
1341 1841 1492 1931 propriis
1519 1842 1678 1913 curribus
1705 1842 1768 1916 du·

216 1978 293 2026 cere
312 1957 473 2028 inlocum
493 1961 658 2030 aricario
678 1960 882 2049 eligendum,
902 1966 937 2031 et
951 1961 1089 2031 solvunt
1107 1961 1272 2033 decimam
1288 1963 1411 2052 canapi
1430 1983 1493 2052 per
1506 1965 1768 2053 qtmtuoriune-

118 2092 122 2101 ·
213 2084 320 2168 taras,
339 2085 375 2149 et
389 2080 592 2151 aestimatur
606 2081 704 2151 valor
723 2081 876 2151 eiusdem
891 2081 1043 2151 decimae
1063 2081 1107 2151 ad
1120 2082 1207 2154 duas
1220 2102 1364 2154 marcas.
1381 2082 1456 2154 'Est
1473 2084 1576 2155 etiam
1596 2085 1632 2154 in
1646 2085 1765 2157 eadem

202 2198 298 2268 'villa
312 2199 437 2289 duplex
453 2202 551 2270 curia
565 2202 740 2291 militaris,
755 2203 886 2272 trahens
902 2224 1004 2291 agros
1015 2203 1219 2292 praediales,
1234 2204 1315 2274 item
1330 2204 1561 2275 molendinum
1577 2207 1777 2284 ettaberua.
1802 2189 1812 2202 ¹

217 2318 379 2391 habentia
398 2321 600 2410 agros,'sod
618 2322 660 2393 de
680 2323 734 2392 his
754 2324 913 2393 omnibus
934 2324 1036 2394 datur
1055 2324 1186 2395 decima
1205 2324 1352 2414 plebane
1371 2326 1407 2394 in
1425 2323 1551 2415 Wyol
1561 2328 1717 2416 pczha.

171 2528 175 2533 ἢ
319 2441 407 2512 Item
426 2443 556 2513 vicaria
582 2443 739 2533 praefata
758 2445 864 2514 hahet
882 2446 1079 2535 habereque
1098 2446 1278 2517 consuevit
1300 2446 1439 2517 tertiam
1467 2447 1633 2519 decimam
1660 2448 1768 2521 mani-

147 2641 152 2649 ,
216 2561 370 2648 pularcm
390 2563 525 2634 invilla
542 2563 845 2655 Podstholieze,
873 2568 970 2637 euius
984 2566 1183 2637 haereditas
1202 2566 1356 2656 pertinet
1373 2566 1418 2637 ad
1432 2567 1626 2639 altaristam
1645 2569 1766 2640 altaris

217 2680 334 2751 Sancti
355 2682 611 2754 Bartholomaei
639 2687 674 2756 in
693 2687 838 2758 eeclesia
856 2686 1094 2777 Oraeoviensi,
1121 2688 1185 2760 snb
1203 2687 1561 2777 paremio-³·eooleaiae
1587 2688 1715 2761 ibidem
1726 2688 1768 2763 tn

218 2801 519 2875 Podstholicze.
564 2806 603 2876 ln
631 2828 699 2897 qua
726 2809 865 2898 quidem
883 2878 885 2882 ,
901 2810 983 2880 villa
1015 2816 1149 2898 septem
1176 2809 1268 2879 lanei
1297 2794 1545 2898 emethoual'eS,
1572 2808 1615 2880 de
1642 2792 1768 2900 quibus

216 2923 373 2994 omnibus
391 2926 541 2997 vicarius
560 2949 624 3017 pro
639 2931 794 3018 temporo
814 2930 967 3000 eiusdem
982 2930 1146 3020 vicariae,
1165 2929 1313 3020 percipit
1328 2929 1495 3001 decimam
1511 2930 1768 3020 manipularem

215 3049 447 3135 teneaturque
465 3047 559 3118 illam
577 3037 775 3119 omotliones
798 3051 949 3139 propriis
973 3048 1132 3121 eruribus
1148 3049 1292 3139 ducere,
1320 3049 1354 3118 in
1373 3049 1487 3121 locum
1510 3049 1690 3121 locationis
1705 3068 1769 3139 per

215 3164 381 3236 vicarium
394 3167 608 3260 eligendum,
628 3175 792 3242 tenentur
807 3171 911 3241 otiam
926 3170 1009 3246 dare
1019 3158 1190 3240 ‘decimam
1206 3170 1327 3266 canapi
1341 3148 1405 3261 pc'r
1418 3175 1567 3260 quatuor
1581 3170 1768 3258 iuncturas,

215 3286 311 3356 errius
339 3287 437 3360 valor
464 3289 508 3359 ud
528 3297 659 3379 septem
679 3311 822 3362 marcas.
850 3292 936 3361 Item
963 3291 999 3360 in
1022 3291 1141 3360 eadem
1168 3291 1253 3362 nilla
1270 3290 1573 3363 Podstolieze
1601 3296 1654 3361 est
1671 3290 1768 3393 curia
1880 3309 1883 3315 ·

216 3406 396 3478 altaristao
414 3410 571 3499 praelati,
592 3413 688 3483 euius
707 3412 828 3484 altaris
846 3411 1084 3502 praesentatio
1103 3417 1139 3480 et
1157 3411 1294 3481 collatio
1314 3411 1466 3500 pertinet
1483 3410 1528 3492 ad
1542 3417 1711 3482 rectorem
1730 3416 1766 3483 et

216 3529 402 3615 magistros
420 3529 659 3603 universitatis
682 3534 933 3624 bracariensis,
956 3533 1088 3603 habens
1106 3550 1208 3621 agros
1231 3528 1425 3619 praediales
1443 3531 1537 3603 ultra
1554 3552 1658 3622 agros
1676 3552 1767 3607 ome-

217 3646 395 3737 thonales,
421 3648 609 3738 dequibus
637 3653 740 3724 datur
768 3656 901 3726 decima
920 3651 1143 3743 manipularis
1163 3645 1311 3741 plebane
1330 3656 1366 3721 et
1384 3648 1549 3721 ecclesiae
1577 3652 1705 3722 ibidem
1732 3651 1768 3741 in

217 3767 558 3840 Podstholiezo.
586 3772 674 3842 Item
693 3781 747 3845 est
765 3777 811 3845 ibi
830 3798 899 3847 una
917 3776 1063 3846 taberna
1081 3771 1237 3862 plebani,
1261 3770 1344 3842 item
1363 3769 1450 3840 duae
1462 3770 1688 3855 ,hortulaniae
1703 3770 1766 3861 hay

216 3889 336 3960 hentes
355 3912 475 3980 agros,
503 3893 586 3962 item
614 3894 846 3965 molendinum
873 3898 908 3967 in
927 3897 1065 3967 flumine
1093 3894 1138 3965 W
1147 3893 1191 3985 yl
1199 3913 1255 3983 ga
1280 3890 1411 3963 habens
1431 3910 1550 3980 agros,
1579 3886 1765 3981 dequibus

166 4001 178 4041 ³
217 4012 375 4083 omnihus
395 4012 585 4084 decimatur
603 4036 666 4103 pro
686 4015 817 4085 vicaria
835 4016 1000 4106 praelata.

195 4114 198 4124 ’
319 4134 404 4204 Item
427 4135 555 4206 vicaria
572 4135 730 4225 praefata
751 4136 858 4206 habet
877 4143 1036 4226 quartam
1058 4137 1224 4207 decimam
1245 4133 1547 4225 manipularemin
1566 4130 1766 4204 Raescho·

216 4257 349 4347 thary,
372 4256 455 4328 villa
473 4256 618 4329 fratrum
634 4258 840 4331 'monasterii
860 4256 1024 4347 Corporis
1043 4256 1174 4329 Christi
1193 4258 1228 4326 in
1247 4256 1479 4345 Gasimiria,
1498 4260 1578 4345 post
1596 4254 1766 4326 culturam

217 4376 474 4451 duntaxatltive
489 4385 664 4451 araturam
680 4400 842 4469 agrorum
857 4377 1082 4468 praedialiu‘m
1098 4377 1298 4447 monasterii
1312 4376 1495 4466 praedicti,
1515 4376 1559 4447 ab
1574 4375 1651 4446 aliis
1671 4375 1765 4464 agris

216 4499 368 4571 eiusdem
391 4501 481 4572 vilae
509 4488 550 4571 ex
578 4502 720 4590 antiquo
751 4501 976 4570 limitatornm
1004 4503 1040 4569 et
1068 4476 1440 4586 distinctorum3⁶quae
1468 4495 1606 4586 quidem
1633 4494 1765 4599 decima

216 4621 402 4708 praedialis
422 4623 625 4692 aestimatur
644 4623 688 4692 ad
707 4621 791 4692 duas
819 4640 971 4709 mareas,
1000 4623 1035 4689 et
1053 4618 1135 4688 villa
1154 4613 1311 4707 praefata
1329 4617 1488 4725 consistit
1515 4617 1579 4689 sub
1598 4610 1765 4705 parochia

217 4741 382 4811 eeclesiae
409 4743 451 4811 de
479 4741 823 4813 Podstholieze.
872 4742 960 4829 Sunt
987 4741 1091 4810 etiam
1118 4739 1153 4809 in
1181 4737 1302 4811 eadem
1328 4736 1412 4809 villa
1438 4735 1630 4833 coenobiali
1661 4736 1767 4807 Rae-

216 4863 508 4935 sehotarzow
535 4882 596 4934 sex
614 4864 705 4934 lanei
724 4862 977 4952 emethonnl'os,
1005 4868 1040 4932 et
1058 4862 1101 4932 de
1121 4861 1189 4931 illis
1208 4859 1357 4931 solvitur
1382 4857 1516 4930 decima
1542 4856 1767 4949 manipularis

215 4984 316 5055 alteri
335 4983 485 5056 vicariae
500 4981 731 5073 Cracoriensi,
750 5004 836 5074 quae
848 4990 981 5074 spectat
999 4983 1042 5054 ad
1058 4981 1289 5072 praebendam
1304 4986 1340 5053 et
1354 4979 1592 5053 tinonicatum
1609 4984 1777 5053 vocatam.

219 5105 523 5196 ltaeayborowsha.
564 5103 630 5174 Est
664 5104 770 5176 etiam
805 5105 854 5177 ibi
881 5126 965 5194 ager
991 5104 1197 5194 praedialis,
1233 5101 1275 5173 de
1304 5123 1370 5191 quo
1407 5122 1449 5172 ex
1485 5101 1628 5191 antiquo
1665 5101 1768 5172 datur

216 5226 348 5296 deehna
375 5225 598 5316 manipularis
626 5224 774 5312 plebano
800 5231 837 5295 et
855 5225 1019 5295 ecelesiae
1048 5225 1081 5292 in
1106 5210 1464 5313 Podstholyeze.
1815 5309 1818 5316 Ι

319 5346 405 5416 Item
433 5345 651 5436 praebendae
679 5351 714 5415 et
733 5346 953 5416 carronieatus
981 5344 1229 5433 praelatorum,
1255 5343 1400 5415 taxatio
1419 5343 1571 5433 antiquis
1600 5343 1766 5433 regestris

216 5466 344 5558 scripta
372 5474 406 5537 et
432 5467 615 5537 aestimata.
643 5470 697 5536 est
722 5464 766 5537 ad
789 5470 867 5537 octo
895 5486 1039 5539 marcas.

318 5638 363 5677 laih
379 5634 474 5676 Beuefle.
596 5627 600 5634 ’
1603 5610 1616 5664 d
