4050 6054
1651 433 1725 504 243
1823 488 1832 503 .

176 634 428 707 Barbarum
456 632 633 705 custodem
660 637 842 723 totumque
868 637 1076 704 conventum
1103 618 1416 705 sanctimonialium
1443 637 1600 707 coenobii
1618 639 1727 711 Zwie-

175 754 356 846 rzynensis
383 758 445 844 pro
474 759 612 825 centum
640 754 841 844 octuaginta
867 754 993 824 marcis
1021 755 1187 843 pecuniae
1214 755 1422 845 communis,
1458 758 1522 830 sub
1549 761 1663 848 specie
1690 764 1727 832 et

143 873 146 882 '
176 877 253 949 loro
278 875 503 966 coemptionis
529 874 700 964 veriditas,
728 882 764 946 et
790 895 854 964 pro
881 874 970 945 festo
997 875 1030 945 S.
1048 875 1195 946 Martini
1223 876 1323 947 annis
1351 877 1495 970 singulis
1522 879 1587 950 sub
1614 901 1727 969 poena

176 997 539 1071 excommunicationis
565 1016 628 1088 per
655 996 722 1068 loci
748 996 963 1068 ordinarium
989 995 1141 1086 ferenda,
1169 996 1370 1086 solvendas,
1397 997 1448 1068 ita
1474 1005 1606 1090 tamen,
1636 1002 1727 1091 quod

175 1121 275 1192 iuxta
301 1124 460 1190 naturam
486 1118 712 1208 coemptionis
738 1116 901 1188 citarista
926 1120 1089 1188 teneatur
1116 1137 1215 1189 casus
1235 1117 1408 1208 quoslibet
1433 1119 1598 1192 fortuitos
1625 1121 1727 1214 ferre,

176 1247 213 1313 et
248 1240 366 1312 licebit
401 1240 602 1332 praeposito
632 1245 681 1310 et
718 1236 1038 1329 sanctimonialibus
1065 1258 1204 1309 consum
1241 1238 1435 1329 praefatum
1471 1240 1562 1317 datis
1590 1249 1726 1316 centum

175 1361 519 1452 octuagintamarcis
547 1361 697 1432 liberare
723 1364 760 1430 et
775 1358 947 1453 redimere
966 1358 1105 1431 domino
1124 1380 1256 1450 census,
1283 1381 1344 1432 sex
1362 1362 1537 1434 mensibus
1555 1369 1635 1434 ante
1654 1366 1727 1438 avi-

26 1579 32 1588 *
176 1490 270 1573 sato,
312 1488 353 1554 ct
373 1483 554 1554 tenebitur
580 1482 742 1553 citarista
768 1480 890 1552 aitaris
926 1479 1115 1570 praedicti,
1160 1502 1224 1571 pro
1256 1480 1376 1553 eadem
1411 1485 1556 1572 pecunia
1586 1487 1727 1576 capitali

173 1610 310 1677 centum
329 1605 530 1694 octuaginta
549 1622 752 1691 marcarum,
771 1606 807 1672 et
824 1600 964 1691 patroni
982 1601 1104 1687 aitaris
1117 1602 1297 1692 praedicti,
1325 1602 1446 1673 vicarii
1463 1604 1625 1677 videlicet
1643 1606 1727 1699 Ora-

175 1726 344 1799 coviensis
371 1730 407 1796 et
434 1745 552 1796 eorum
581 1722 818 1811 communitas,
846 1721 951 1792 alium
979 1741 1119 1794 censum
1146 1724 1182 1793 iu
1209 1704 1330 1794 eadem
1356 1724 1411 1794 vel
1438 1727 1561 1797 maiori
1589 1704 1727 1817 qualiti-

173 1854 249 1919 tate
273 1846 499 1936 temporalem
526 1848 587 1916 aut
613 1848 819 1932 perpetuum
846 1842 995 1913 fideliter
1021 1864 1233 1934 comparare,
1260 1851 1297 1916 et
1322 1845 1463 1916 interim
1491 1868 1558 1937 quo
1585 1869 1725 1921 censum

174 1991 243 2040 non
270 1966 510 2057 comparuerit,
546 1965 727 2056 pecuniam
763 1963 947 2052 capitalem
974 1964 1039 2036 sub
1066 1964 1200 2036 duabus
1227 1965 1381 2041 clavibus
1407 1967 1444 2037 in
1470 1968 1615 2040 ecclesia
1642 1968 1727 2042 Cra-

174 2089 327 2162 coviensi
352 2086 564 2159 tenebuntur
590 2105 808 2175 conservare,
831 2084 876 2155 ad
894 2085 1008 2155 nullos
1035 2085 1123 2156 aiios
1148 2107 1242 2175 usus,
1269 2085 1346 2156 nisi·
1363 2107 1427 2176 pro
1455 2090 1629 2178 emptione
1648 2113 1726 2163 cen-

127 2302 140 2306 *
174 2232 233 2303 sps
267 2210 332 2281 sub
366 2227 478 2298 poena
512 2205 877 2277 excommunicationis
913 2206 1213 2295 committendam
1251 2207 1373 2277 altaris
1410 2214 1525 2279 autem
1562 2210 1726 2284 officiatio

175 2333 280 2404 etiam
307 2336 464 2419 tempore
490 2327 682 2398 vacationis
708 2347 849 2398 censum
876 2326 1013 2416 impleri
1040 2327 1144 2398 debet
1170 2347 1233 2417 per
1260 2328 1454 2400 citaristam
1473 2350 1537 2420 pro
1556 2337 1725 2425 tempore,

174 2459 213 2525 ut
239 2452 400 2523 citarista
425 2449 624 2540 diligentior
652 2448 699 2520 sit
725 2447 769 2519 ad
798 2447 1014 2540 quaerendos
1037 2454 1074 2520 et
1092 2449 1342 2538 comparandos
1369 2449 1456 2521 alios
1483 2472 1616 2523 census.
1642 2453 1726 2526 offi-

174 2576 228 2646 cia
259 2577 373 2645 autem
400 2577 571 2643 etonem
604 2569 754 2660 praelati
789 2569 911 2641 altaris
939 2574 1038 2658 sunt,
1073 2577 1113 2641 ut
1145 2570 1292 2660 quilibet
1327 2571 1488 2661 citarista
1523 2575 1617 2664 legat
1653 2580 1728 2646 tres

174 2697 298 2768 missas
325 2695 417 2766 circa
443 2693 555 2764 altare
582 2689 807 2782 praedictum,
835 2690 921 2762 duas
939 2690 1103 2789 yidelicct
1129 2690 1369 2764 defunctorum
1396 2715 1460 2783 pro
1492 2696 1608 2767 anima
1625 2717 1726 2786 prae
1792 2730 1794 2734 >

173 2817 238 2889 iati
272 2815 396 2887 Adae
431 2813 585 2886 doctoris
612 2819 647 2884 et
673 2812 875 2903 principalis
910 2813 1096 2902 dotatoris,
1133 2818 1171 2884 et
1206 2806 1350 2887 tertiam
1386 2812 1429 2885 de
1465 2815 1575 2887 Beata
1610 2817 1726 2889 Maria
1835 2868 1842 2889 ,

174 2938 319 3029 Virgine
345 2936 491 3028 singulis
519 2934 731 3026 septimanis.
1492 2964 1496 2969 ·

277 3058 375 3149 Item,
402 3056 494 3147 quod
521 3054 642 3127 vicarii
661 3054 908 3127 Gracovienses
935 3055 1005 3127 sint
1031 3055 1189 3147 perpetui
1216 3055 1400 3127 collatores
1426 3062 1463 3128 et
1480 3059 1620 3148 patroni
1638 3059 1727 3132 alta-

171 3181 222 3252 ris
247 3177 406 3270 praefati,
433 3183 470 3249 et
495 3183 681 3249 teneantur
707 3176 782 3249 eius
809 3177 990 3248 vacatione
1009 3175 1164 3267 qualibet
1182 3183 1395 3267 occurrente,
1417 3177 1726 3251 hebdomadarium

172 3301 270 3372 chori
297 3298 462 3380 ecclcsiae
490 3296 730 3371 cracoviensis
757 3319 862 3368 unum
889 3318 932 3368 ex
959 3317 1022 3368 suo
1048 3298 1189 3387 gremio,
1217 3304 1253 3368 et
1280 3317 1321 3368 eo
1349 3299 1498 3388 nolente,
1525 3306 1725 3391 sequentem

172 3423 272 3494 iuxta
306 3421 439 3494 senium
466 3441 510 3492 ex
537 3420 678 3510 ordine,
705 3416 767 3490 sed
793 3417 991 3489 immediate
1017 3419 1195 3508 sequentis
1229 3418 1466 3502 hebdomadae
1493 3420 1725 3492 hebdomada-

168 3544 273 3633 rium,
299 3541 344 3614 ad
370 3541 456 3613 illud
483 3563 546 3632 per
571 3541 638 3613 loci
657 3539 870 3612 ordinarium
889 3538 1140 3610 instituendum
1158 3545 1394 3629 praesentare,
1412 3540 1455 3610 de
1475 3541 1726 3631 quibus'omni-

171 3665 236 3738 but
250 3664 403 3736 habetur
421 3662 593 3754 praedicti
612 3661 798 3734 cardinalis
812 3659 1029 3750 privilegium
1047 3660 1084 3730 in
1103 3659 1248 3731 ecclesia
1261 3658 1482 3732 Cracoviensi
1500 3662 1725 3733 reconditum.

275 3784 364 3857 Item
389 3805 460 3856 una
484 3804 602 3856 marca
627 3782 826 3874 specialiter
853 3801 974 3853 census
1001 3781 1181 3872 perpetui,
1209 3787 1245 3852 et
1271 3782 1336 3852 sub
1363 3781 1483 3853 eodem
1509 3780 1586 3853 ioro
1612 3767 1725 3854 reem-

171 3908 301 3998 ptionis
328 3911 486 3996 coempta
517 3912 571 3979 est
597 3906 634 3985 in
661 3903 762 3976 domo
788 3902 817 3973 Z
832 3903 1106 3994 akrzowsky
1132 3902 1174 3974 in·
1195 3901 1412 3994 Kleparz,
1440 3909 1476 3974 et
1502 3903 1596 3975 dicto
1621 3905 1726 3977 altari

94 4032 99 4041 ‘
172 4035 277 4120 atque
290 4027 523 4100 ·universitati
549 4027 759 4100 vicariorum
786 4024 1064 4098 Cracoviensium
1092 4044 1155 4115 per
1182 4023 1390 4096 Thomam
1418 4025 1461 4096 de
1480 4025 1726 4118 Strzampi-

172 4171 235 4241 no,
260 4148 456 4242 praefatum
491 4148 565 4220 eius
592 4155 782 4239 emptorem
818 4168 895 4219 cum
922 4166 963 4217 eo
999 4166 1104 4217 onere
1140 4146 1314 4236 applicata
1350 4152 1387 4218 et
1423 4146 1599 4239 inscripta,
1634 4149 1725 4240 quod

171 4271 293 4343 vicarii
313 4268 566 4343 Gracovienses
594 4270 630 4341 in
647 4269 736 4342 festo
755 4267 1095 4358 Transfiguratiouis,
1123 4268 1215 4357 quod
1233 4268 1351 4359 agitur
1369 4273 1470 4341 serm
1486 4268 1544 4341 die
1562 4268 1723 4360 Augusti,

171 4393 387 4467 tenebuntur
400 4392 589 4465 ‘historiam
616 4391 799 4483 specialem
826 4389 869 4464 de
896 4387 1215 4479 Transfiguratione
1242 4392 1306 4463 sub
1320 4395 1404 4463 nota
1422 4390 1459 4463 iu
1477 4388 1623 4464 ecclesia
1639 4387 1724 4462 Gra
1843 4382 1870 4495 J

168 4511 324 4589 'comensi
350 4512 547 4589 demotus.

99 4919 103 4925 =
190 4865 338 4948 Alione
380 4866 551 4948 militum
590 4864 867 4950 decensionie
901 4814 1086 4968 Domini,
1120 4864 1459 4967 sanctorumque
1490 4863 1626 4944 iacob
1660 4870 1706 4944 at

829 5002 1074 5088 Odomantis.

274 5247 398 5320 Altera
425 5245 648 5319 Ascensionis
665 5245 806 5318 Domini
831 5244 1105 5335 Sanctorumque
1122 5242 1245 5315 Jacobi
1262 5247 1298 5314 et
1320 5241 1507 5314 Clementis
1524 5241 1560 5312 in
1579 5241 1724 5314 ecclesia

171 5367 401 5471 Oracmiensi,
426 5391 496 5454 non
522 5368 631 5451 habet
656 5367 823 5467 capeliam
840 5366 1026 5465 propriam,
1045 5365 1107 5440 sed
1132 5363 1170 5438 in
1187 5369 1287 5464 porte
1304 5364 1447 5444 sinistra
1464 5363 1510 5443 ad
1527 5362 1725 5465 mulonem
1831 5467 1834 5473 Ι
