4050 6054
235 470 310 541 ⁴538

232 686 314 750 sunt
348 678 473 767 elginti
507 698 596 746 uuus
631 677 761 765 mansi,
796 676 840 746 de
882 677 936 747 his
962 676 1031 747 duo
1066 676 1241 765 pertinent
1266 676 1311 746 ad
1337 676 1553 765 scoltetiam,
1589 676 1789 767 dequibus

233 800 399 871 scoltetus
426 799 557 869 servire
584 804 725 868 tenetur
742 820 819 867 eum
836 820 905 868 uno
923 820 1020 886 equo,
1049 797 1091 867 de
1109 798 1223 867 tribus
1242 798 1378 867 marcis.
1404 797 1493 867 Item
1521 796 1639 868 decem
1659 818 1789 869 novem

232 920 341 991 mansi
369 926 449 991 sunt
484 919 679 1007 censuales,
716 927 752 988 et
778 919 923 1008 quilibet
954 920 1090 989 emetho
1129 918 1233 988 solvit
1269 940 1374 988 unum
1408 918 1597 1007 fertonem,
1633 924 1671 989 et
1695 940 1788 988 unus

231 1048 383 1128 tantum,
428 1046 595 1130 quantum
631 1040 742 1126 alius;
789 1041 871 1109 item
908 1061 972 1128 pro
1008 1061 1112 1109 cerrsu
1149 1040 1295 1128 quilibet
1338 1041 1474 1110 ernetho
1510 1039 1615 1110 debet
1649 1039 1788 1111 solvere

231 1163 378 1251 triginta
404 1182 488 1249 ora,
524 1162 607 1231 item
635 1161 722 1231 duos
749 1181 885 1249 caseos,
923 1162 1005 1231 item
1032 1160 1119 1231 duos
1146 1161 1269 1249 pullos.
1304 1161 1393 1230 Item
1420 1182 1485 1249 pro
1512 1161 1663 1231 statione
1689 1161 1787 1251 regIs

232 1283 336 1353 debet
370 1283 515 1372 quilibet
551 1282 687 1353 emetbo
723 1282 857 1352 solvere
894 1291 1042 1370 quatuor
1068 1303 1227 1370 grossos,
1263 1282 1346 1351 item
1383 1288 1456 1351 tres
1484 1282 1608 1353 choros
1644 1302 1790 1371 arenae,

233 1405 320 1475 duos
346 1404 469 1493 pullos,
496 1403 583 1473 duos
610 1423 729 1473 caseos
748 1411 784 1472 et
802 1403 919 1472 decem
947 1424 1032 1489 ora3
1059 1403 1141 1472 item
1169 1402 1314 1491 quilibet
1340 1403 1476 1474 emetho
1504 1403 1609 1473 debet
1635 1423 1786 1519 praepa-

232 1547 312 1597 rare
348 1546 470 1614 agrum
505 1545 609 1613 super
646 1524 802 1614 hyemem
838 1545 901 1613 pro
938 1524 1072 1594 duabus
1106 1525 1277 1593 mensuris
1314 1524 1462 1613 siliginis
1499 1523 1553 1595 vel
1589 1524 1717 1613 tritiei,
1751 1529 1790 1595 et

231 1645 316 1716 illud
342 1645 514 1715 seminare
541 1644 585 1714 de
614 1645 742 1714 semiue
770 1644 933 1733 episcopi,
961 1651 997 1712 et
1023 1650 1158 1714 tautum
1186 1664 1291 1732 super
1317 1652 1503 1733 aestatem
1530 1644 1614 1713 item
1641 1643 1791 1734 quilibet

244 1767 379 1837 emetho
416 1766 521 1836 debet
555 1774 685 1836 metere
721 1765 855 1836 duobus
891 1765 1012 1835 diebus
1048 1766 1083 1835 in
1118 1763 1292 1836 humente
1327 1764 1493 1855 hyemali,
1538 1765 1621 1835 item
1654 1764 1792 1836 duobus

232 1888 353 1958 diebus
380 1887 415 1956 in
442 1886 617 1957 frumento
645 1885 824 1973 aestivali3
851 1887 934 1956 item
963 1886 1108 1975 quilibet
1135 1886 1272 1956 emetho
1299 1886 1403 1955 debet
1429 1886 1590 1957 laborare
1616 1906 1681 1975 per
1697 1885 1787 1957 duos

232 2010 306 2079 dies
333 2009 369 2078 in
395 2008 505 2097 foeno,
533 2008 615 2077 item
643 2009 788 2096 quilibet
814 2008 950 2078 emetho
977 2007 1081 2077 debet
1108 2008 1266 2078 laborare
1294 2007 1329 2076 in
1357 2007 1508 2096 piscinis
1540 2007 1629 2077 Item
1655 2007 1706 2077 ibi
1732 2013 1790 2079 est

232 2130 395 2217 taberna,
432 2150 519 2218 quae
547 2129 650 2198 solvit
687 2128 811 2217 m'gInti
838 2127 925 2197 duos
961 2136 1090 2198 scottos
1125 2128 1287 2216 epIscopo
1323 2127 1558 2215 Lubuezensi,
1593 2135 1631 2197 et
1656 2127 1788 2199 ibidem

231 2251 413 2339 episeopus
439 2249 673 2320 Lubuezeusis
701 2249 807 2319 habet
833 2256 1011 2319 araturam
1036 2248 1079 2318 de
1106 2248 1241 2318 duobus
1267 2249 1407 2336 mansis,
1435 2248 1603 2318 decimam
1629 2249 1788 2338 manipu-

231 2372 353 2458 larem,
380 2392 468 2460 quae
505 2371 599 2442 valet
636 2371 759 2460 uiginti
796 2390 950 2457 marcas,
985 2375 1021 2439 et
1048 2370 1185 2439 hortum
1214 2376 1250 2439 et
1277 2370 1463 2459 piscinam3
1499 2369 1542 2439 de
1569 2389 1638 2440 uno
1664 2375 1784 2440 tamen

232 2514 351 2563 manso
378 2491 548 2582 praediali
574 2492 667 2562 cedit
692 2491 825 2562 decima
852 2491 1075 2579 manipularis
1102 2498 1219 2561 sextae
1246 2491 1465 2580 praebendae
1501 2489 1786 2580 Oppathoviensi,

233 2634 319 2702 quae
346 2634 389 2683 ex
417 2613 562 2684 eeclesia
589 2613 777 2703 parochiali
805 2619 924 2682 creata
950 2619 1011 2682 est.

336 2734 551 2823 Lasszren,
585 2735 669 2805 villa
705 2735 770 2805 sub
805 2735 971 2824 parochia
1003 2733 1168 2804 eeclesiae
1203 2733 1246 2804 de
1272 2733 1529 2823 Oppathow
1564 2734 1652 2823 sita,
1687 2734 1787 2805 euius

229 2857 426 2946 proprietas
452 2862 488 2926 et
514 2856 701 2926 dominium
735 2857 889 2944 pertinet
922 2857 967 2927 ad
993 2857 1191 2945 episcopum
1227 2855 1506 2942 Lubuezensem3
1542 2856 1577 2924 in
1604 2854 1675 2925 ista
1700 2854 1787 2927 niu

235 2983 317 3047 sunt
344 2996 467 3047 novem
493 2977 605 3046 nransi
623 2984 659 3047 et
677 2983 731 3048 tot
758 2978 974 3066 enethones,
1002 2984 1039 3048 et
1066 2976 1211 3067 quilibet
1238 2976 1281 3046 de
1309 2984 1387 3047 octo
1415 2975 1524 3046 laneis
1551 2976 1657 3047 solvit
1681 2975 1790 3047 unde·

233 3099 298 3169 cim
326 3105 456 3169 scottos
483 3119 688 3187 communes,
714 3120 779 3187 pro
798 3119 912 3169 annuo
931 3119 1046 3187 censu,
1072 3118 1184 3168 nonus
1211 3118 1293 3167 vero
1321 3097 1425 3167 solvit
1448 3118 1552 3166 unam
1570 3117 1789 3187 sexagenauq

234 3220 316 3289 item
343 3219 412 3290 duo
439 3218 628 3307 hortulani,
656 3220 715 3309 qui
734 3226 868 3289 tantum
888 3219 1035 3290 solvunt:
1062 3218 1231 3288 Paulus
1258 3239 1364 3288 uuum
1389 3216 1569 3306 fertonem,
1595 3224 1632 3288 et
1650 3217 1789 3289 laborat

231 3361 294 3430 per
321 3340 407 3411 duos
434 3341 526 3429 dies,
562 3341 645 3410 item
671 3340 769 3411 Petir
796 3341 900 3411 solvit
926 3362 1031 3410 unum
1066 3340 1254 3427 fertonem,
1290 3344 1327 3408 et
1353 3358 1437 3427 ager
1464 3337 1557 3408 illius
1594 3344 1786 3428 occupatur

231 3482 294 3551 per
319 3462 504 3533 scultetum
536 3462 571 3531 in
598 3461 621 3532 J
631 3463 851 3549 olawans3
886 3461 970 3532 item
997 3462 1098 3531 ambo
1134 3459 1310 3530 hortulani
1346 3459 1487 3530 solvunt
1522 3459 1639 3529 omnia
1674 3480 1784 3531 onera

233 3584 323 3654 sicut
349 3605 439 3655 arnus
466 3582 611 3671 emetho,
639 3589 710 3652 tam
728 3603 792 3672 pro
812 3603 1022 3677 mpeprsoece,
1049 3602 1112 3671 pro
1126 3603 1194 3674 sep,
1222 3580 1344 3670 haedo,
1371 3581 1523 3651 statione
1550 3581 1653 3670 regis,
1680 3584 1788 3653 oerhsu

231 3704 423 3794 pullorum,
459 3725 603 3774 ovorum
630 3710 694 3773 ete.
733 3702 821 3773 Item
857 3704 1061 3774 tabernator
1096 3702 1201 3772 solvit
1236 3701 1280 3771 de
1307 3702 1454 3771 taberna
1480 3707 1516 3770 et
1541 3701 1645 3771 horto
1680 3722 1788 3773 unum

231 3846 392 3914 marcam,
421 3825 504 3895 item
523 3824 754 3894 molendinum
775 3823 880 3895 solvit
897 3823 1045 3894 mediam
1072 3843 1232 3910 marcam,
1259 3823 1343 3892 item
1370 3843 1433 3911 pro
1462 3842 1665 3916 zcyepreoree
1683 3823 1789 3912 quili-

230 3948 291 4017 bet
308 3945 444 4016 cmetho
463 3945 549 4016 duos
567 3965 718 4034 grossos,
745 3945 913 4015 terminus
932 3944 1137 4015 NatiuitatIs
1156 3942 1297 4031 Christi,
1325 3944 1408 4014 item
1427 3963 1490 4032 pro
1509 3943 1621 4015 haedo
1641 3944 1791 4034 quilibet

232 4068 382 4138 medium
398 4087 568 4155 ,grossum
595 4068 630 4135 iu
657 4065 746 4136 festo
773 4065 938 4155 Paschae,
967 4067 1048 4136 item
1075 4085 1138 4155 pro
1164 4086 1223 4158 sep
1251 4064 1442 4134 autumnali
1478 4064 1625 4154 quilibet
1651 4066 1789 4137 emetha

233 4189 319 4260 duos
346 4189 470 4258 choros
497 4187 614 4276 tritici,
643 4188 727 4257 item
754 4208 818 4277 pro
843 4208 902 4281 sep
929 4185 1087 4257 aestivali
1115 4192 1187 4256 tres
1214 4185 1340 4256 choros
1366 4206 1504 4275 avenae,
1530 4186 1615 4257 item
1642 4187 1791 4277 quilibet

233 4310 372 4380 emetho
400 4309 436 4378 iu
463 4307 552 4378 festo
570 4307 827 4397 Assumptionis
854 4307 960 4378 solvit
986 4307 1073 4377 duos
1099 4307 1222 4397 pullos,
1251 4307 1334 4376 item
1351 4306 1387 4376 in
1405 4306 1495 4377 testo
1513 4305 1669 4378 Paschae
1686 4307 1790 4397 quili-

231 4432 292 4502 bet
318 4430 436 4501 deeem
463 4451 530 4500 ora
556 4437 592 4500 et
618 4429 705 4500 duos
732 4449 860 4500 caseos.
887 4429 976 4499 ltem
1002 4450 1066 4517 pro
1087 4428 1236 4498 statione
1263 4428 1365 4517 regis,
1393 4429 1529 4517 quoties
1555 4449 1617 4498 rex
1644 4426 1790 4519 Oppa-

231 4553 279 4623 th
290 4552 439 4622 oriam
457 4551 601 4639 uenerit,
630 4550 774 4640 quilibet
793 4550 896 4620 solvit
922 4570 983 4619 sex
1000 4569 1140 4638 grossos
1159 4548 1202 4619 de
1220 4568 1351 4636 manso;
1378 4549 1462 4618 item
1481 4548 1628 4638 quilibet
1645 4549 1784 4620 emetha

230 4674 291 4745 det
317 4680 390 4744 tres
417 4673 541 4743 choros
577 4692 707 4742 avenae
734 4676 770 4741 et
796 4672 913 4743 decem
948 4690 1016 4741 ova
1041 4675 1077 4740 et
1102 4668 1190 4738 duos
1226 4688 1361 4758 caseos,
1396 4669 1481 4739 item
1516 4669 1663 4760 quilibet
1698 4668 1788 4743 duos

230 4796 353 4884 pullos.
389 4794 475 4864 Item
503 4794 624 4864 rustici
651 4793 812 4864 laborant
837 4812 901 4883 per
928 4792 1014 4863 duos
1040 4791 1115 4861 dies
1141 4790 1178 4860 in
1205 4791 1398 4880 septimana
1435 4811 1539 4862 curru
1566 4795 1628 4862 aut
1652 4796 1789 4882 aratro,

231 4917 315 4987 item
342 4915 519 4986 hortulani
546 4915 709 4986 laborant
735 4915 821 4986 duos
848 4914 923 4985 dies
950 4913 986 4983 in
1014 4913 1208 5002 septimana
1235 4910 1425 5001 pedestres.
1554 4918 1562 4927 '

335 5036 448 5108 Sraw
475 5035 560 5107 alias
587 5034 727 5126 Bnnsz,
763 5036 849 5106 haee
875 5042 1026 5106 estune
1052 5035 1216 5121 taberna,
1253 5053 1339 5122 quae
1366 5033 1474 5105 habet
1499 5033 1635 5124 aliquos
1670 5052 1789 5126 agros,

232 5160 291 5250 qui
320 5159 460 5229 solvunt
477 5162 551 5227 tres
570 5177 714 5228 mareas.
741 5156 830 5227 Item
848 5162 904 5227 est
921 5154 1165 5244 molendinum,
1193 5152 1286 5244 quod
1302 5154 1408 5225 solvit
1426 5154 1578 5245 quinque
1595 5172 1791 5244 sexagenas

232 5280 418 5369 aliquando
445 5298 588 5366 mareas,
616 5278 658 5349 de
685 5280 860 5368 praesenti
887 5298 977 5348 auno
1005 5276 1110 5347 solvit
1135 5295 1238 5346 unam
1266 5294 1437 5363 maream;
1472 5276 1557 5347 item
1583 5274 1792 5348 tabernator

178 5390 189 5407 ⁰
232 5401 338 5473 solvit
354 5400 471 5475 omnia
488 5418 615 5491 onera,
641 5398 731 5473 slent
747 5420 838 5471 unus
864 5399 1000 5472 emetho
1027 5398 1069 5471 de
1087 5396 1327 5487 Laudziez,
1354 5394 1518 5473 videlicet
1543 5395 1630 5471 duos
1645 5416 1792 5488 grossos
