4050 6054
291 470 362 545 las
453 535 460 545 .

288 680 409 752 vicarii
434 699 498 769 pro
526 683 680 769 tempore
705 699 768 769 per
793 681 923 751 incolas
951 685 986 751 et
1010 680 1213 752 aestimatur
1238 679 1337 752 valor
1350 679 1510 753 'decimae
1527 678 1701 770 praefatae
1719 679 1764 750 ad
1782 699 1836 750 se-

285 800 395 871 decim
412 820 554 871 marcas.
582 799 648 870 Est
665 801 769 871 etiam
787 802 836 872 ibi
854 802 950 872 curia
968 802 1175 892 capitularis,
1193 802 1338 892 pulchra
1355 802 1485 873 habens
1503 800 1661 872 aedificia
1679 807 1714 871 et
1731 820 1835 890 agros

285 919 486 1010 praediales,
515 922 558 992 ab
585 922 679 1010 agris
707 923 978 994 cmethonalibus
1005 928 1175 1013 secretos,
1203 943 1245 994 ex
1273 923 1397 1014 quibus
1424 922 1510 993 nulli
1537 922 1642 993 solvit
1668 921 1835 993 decimam

286 1040 551 1130 manipularem,
579 1041 639 1112 sed
670 1042 764 1113 illam
798 1043 971 1133 praelatus
998 1049 1058 1115 aut
1085 1044 1267 1116 canonicus
1294 1065 1357 1134 pro
1383 1050 1538 1135 tempore
1565 1043 1682 1114 villam
1709 1062 1833 1132 regens

285 1161 433 1251 percipit
458 1167 493 1232 et
520 1163 554 1231 in
582 1182 679 1234 sunm
706 1158 868 1235 horreum
894 1164 1033 1236 inducit.
1059 1165 1147 1236 Item
1174 1171 1228 1244 est
1256 1166 1305 1235 ibi
1321 1164 1472 1236 taberna
1487 1185 1565 1254 una,
1584 1164 1715 1235 babens
1732 1183 1836 1252 agros

287 1281 461 1372 speciales,
488 1302 530 1352 ex
558 1284 651 1372 agris
678 1284 804 1357 curiae.
818 1285 1050 1375 praedialibus
1079 1286 1145 1358 sibi
1172 1285 1361 1376 adiunctos,
1389 1285 1432 1356 de
1459 1286 1583 1376 quibus
1610 1306 1678 1356 non
1705 1284 1837 1355 vicaria

285 1400 456 1491 praefata,
484 1401 545 1473 sed
571 1423 694 1494 regens
721 1405 837 1477 villam
864 1414 1110 1499 pro·tempore
1137 1408 1286 1498 percipit
1312 1406 1478 1478 decimam
1506 1405 1772 1496 manipularem,
1800 1411 1836 1475 et

285 1519 518 1593 induciturin
544 1524 704 1597 borreum
723 1528 850 1600 curiale
876 1550 940 1620 per
964 1531 1241 1616 tabernatorem‚
1269 1533 1350 1598 sunt
1376 1529 1480 1599 etiam
1507 1529 1556 1598 ibi
1583 1528 1734 1617 quinque
1751 1527 1852 1630 hor3

286 1640 444 1734 tulaniae,
473 1643 532 1716 sed
559 1667 627 1718 non
653 1648 781 1734 babent
806 1671 909 1741 agros
935 1650 1173 1722 tantummodo
1201 1650 1332 1738 hortos,
1350 1655 1386 1719 et
1404 1648 1571 1719 decimam
1590 1669 1658 1719 non
1677 1648 1836 1718 reddunt.

386 1763 473 1834 Item
498 1768 693 1855 praebenda
719 1771 874 1861 praefata
900 1775 997 1846 iuxta
1023 1774 1165 1862 antiqua
1190 1768 1351 1861 regestra
1367 1774 1490 1841 taxata
1507 1775 1561 1841 est
1578 1789 1642 1860 pro
1661 1768 1835 1840 solvendis

286 1884 538 1959 contributione
565 1895 625 1962 aut
649 1891 779 1966 fabrica
805 1895 849 1966 ad
875 1895 1021 1985 triginta
1047 1912 1191 1965 marcas.

352 2234 592 2323 Praebenda
626 2250 671 2325 et
702 2245 978 2325 canonicatus
1010 2241 1315 2323 cracoviensis
1349 2242 1387 2320 in
1421 2241 1559 2320 choro
1591 2240 1762 2320 sinistro

798 2384 1010 2462 nominata
1042 2379 1324 2461 Ooobowslra.

384 2612 585 2688 Praebenda
610 2624 646 2689 et
672 2619 893 2695 canonicatus
912 2616 1150 2688 cracoviensis
1178 2615 1495 2707 Gzecbowska,
1523 2636 1625 2707 quam
1642 2636 1733 2687 nunc
1752 2635 1834 2706 pos-

283 2737 373 2808 sidet
398 2736 548 2809 Jacobus
574 2739 617 2811 de
643 2739 1097 2831 Domyenykowicze,
1124 2739 1250 2810 nobilis
1270 2738 1312 2809 de
1331 2739 1436 2809 armis
1465 2735 1719 2829 Grzymala
1747 2757 1834 2828 quae

283 2859 419 2949 quidem
454 2861 652 2949 praebenda
685 2861 790 2933 babet
824 2881 888 2951 pro
920 2861 1000 2932 dote
1036 2879 1099 2931 sua
1134 2859 1276 2931 fundum
1304 2866 1339 2931 et
1365 2864 1499 2950 partem
1526 2859 1627 2930 villae
1654 2858 1835 2948 Czechy

284 3000 388 3069 supra
413 2981 552 3052 fluvium
579 2981 858 3074 Srzenyawa,
886 2988 922 3053 et
940 2982 1003 3052 sub
1022 2983 1187 3071 parochia
1204 2981 1367 3052 ecclesiae
1386 2980 1429 3051 de
1447 2979 1731 3072 Nyegardow
1758 2981 1834 3070 sita,

284 3102 320 3171 in
347 3123 414 3192 qua
449 3108 530 3173 suut
563 3108 635 3174 tres
670 3102 777 3194 lanei,
805 3104 864 3194 qui
900 3103 1038 3175 solvunt
1074 3102 1218 3193 singulis
1245 3102 1345 3173 annis
1371 3109 1408 3172 et
1434 3121 1573 3173 censum
1600 3107 1636 3171 et
1661 3101 1830 3172 decimam

283 3223 527 3312 manipularem
554 3225 597 3294 de
624 3225 736 3315 agris,
763 3230 894 3294 ettam
921 3244 985 3313 pro
1013 3222 1145 3294 decima
1172 3244 1274 3314 quam
1301 3244 1364 3314 pro
1388 3243 1493 3295 ceusu
1519 3227 1554 3293 et
1580 3243 1643 3313 pro
1671 3222 1830 3294 omnibus

281 3343 465 3434 laboribus
493 3344 649 3415 ductoris
672 3351 707 3416 et
734 3345 850 3434 dariis,
877 3349 1039 3416 tenentur
1064 3344 1262 3436 praedictae
1288 3345 1505 3435 praebendae
1523 3363 1587 3434 pro
1605 3343 1695 3415 festo
1713 3342 1831 3415 Sancti

279 3463 424 3537 Martini
451 3467 584 3538 solvere
613 3467 759 3536 sedecim
788 3487 865 3537 cum
892 3466 1006 3537 media
1032 3487 1165 3537 marcas
1193 3467 1345 3537 melioris
1372 3470 1528 3536 monetae
1554 3465 1695 3554 usualis,
1721 3470 1757 3537 et
1773 3484 1829 3535 ra·
1958 3492 1967 3562 .'

279 3586 373 3658 tione
400 3587 595 3659 huiusmodi
630 3568 744 3661 villae*
758 3587 956 3677 praebenda
981 3586 1137 3677 praelata
1162 3587 1356 3677 appellatur
1387 3585 1604 3657 Ozecbow
1617 3586 1706 3656 ska.
1744 3585 1832 3656 Item

279 3713 360 3780 sunt
386 3709 435 3781 ibi
461 3709 529 3780 duo
547 3708 690 3798 praedia
715 3709 888 3798 militaria,
916 3714 951 3779 et
977 3714 1161 3799 utrumque
1188 3709 1292 3779 solvit
1318 3707 1484 3779 decimam
1501 3708 1750 3798 manipularem
1768 3696 1843 3798 pro‘

261 3818 425 3900 'ecclesia
450 3830 601 3901 omnium
619 3829 823 3901 Sanctorum
841 3832 877 3900 in
906 3828 1139 3919 cracovia,
1167 3829 1288 3901 domus
1306 3827 1454 3919 ligneae,
1481 3829 1564 3898 item
1584 3833 1664 3899 suut
1681 3828 1731 3899 ibi
1749 3847 1833 3918 qua·

279 3955 360 4020 tuor
385 3950 474 4019 lanei
502 3950 732 4021 emetbonales
759 3950 803 4020 ad
824 3951 950 4020 milites
968 3951 1191 4040 pertinentes
1219 3952 1302 4021 item
1320 3970 1388 4021 una
1405 3950 1551 4021 taberna
1567 3949 1699 4020 babens
1716 3967 1831 4039 agros,

280 4068 366 4139 item
394 4074 542 4159 quatuor
567 4069 784 4140 hortulaniae
812 4071 977 4141 habentes
1004 4092 1116 4161 agros,
1144 4071 1187 4142 de
1214 4070 1338 4162 quibus
1357 4071 1515 4143 omnibus
1534 4069 1680 4141 solvitur
1698 4069 1830 4142 decima

279 4187 506 4279 manipularis
532 4188 696 4261 ecclesiae
722 4191 759 4261 in
786 4190 1080 4282 Nyegardow,
1109 4198 1144 4262 et
1169 4192 1267 4263 valor
1294 4193 1367 4263 eius
1395 4192 1439 4263 ad
1466 4191 1583 4262 decem
1605 4208 1753 4262 marcas.

384 4307 472 4381 item
499 4309 695 4400 praebenda
720 4310 875 4401 praelata
900 4313 1006 4385 babet
1032 4312 1181 4383 decimas
1208 4311 1383 4403 praefatas
1410 4313 1446 4383 in
1472 4311 1564 4393 villis
1591 4311 1833 4403 infrascriptis

280 4436 316 4503 et
346 4432 458 4521 primo
490 4436 526 4502 et
544 4430 789 4535 ¹principaliter
823 4433 929 4505 habet
960 4433 1127 4505 decimam
1153 4434 1403 4524 manipularem
1430 4434 1465 4504 in
1488 4433 1575 4504 oilla
1600 4431 1831 4524 Mychoia

277 4553 415 4625 wione
442 4553 643 4623 monasterii
669 4558 704 4624 et
730 4555 920 4644 praepositi
938 4554 1216 4646 Myechorieusis
1235 4575 1341 4645 supra
1357 4555 1498 4627 fluvium
1515 4553 1729 4646 Dlubnya
1755 4555 1831 4645 sita,

277 4674 341 4746 sub
368 4675 534 4766 parochia
559 4672 724 4745 ecclesiae
752 4675 795 4746 de
820 4674 1254 4768 Wyanczslawicze.
1280 4676 1322 4747 In
1349 4697 1417 4767 qua
1443 4681 1524 4747 sunt
1541 4675 1666 4766 viginti
1685 4680 1833 4765 quatuor
1876 4707 1879 4713 ·

277 4795 367 4867 lanei
395 4794 637 4885 emethonales‚
665 4796 747 4868 item
774 4797 957 4887 hortulani,
984 4798 1068 4868 item
1094 4798 1268 4886 tabernae,
1296 4797 1338 4868 de
1366 4797 1490 4888 quibus
1507 4797 1665 4868 omnibus
1684 4794 1832 4866 solvitur

277 4916 410 4989 decima
435 4916 657 5007 manipularis
684 4917 900 5008 praebendae
927 4917 1102 5009 praefatae
1129 4924 1177 5021 ot
1191 4918 1331 5013 ducitur
1346 4918 1383 4989 in
1400 4918 1563 4990 borreum
1582 4916 1733 5007 propriis
1752 4934 1831 4987 cur-

278 5037 374 5110 ribus
401 5058 464 5130 per
491 5037 621 5110 incolas
648 5059 711 5129 pro
739 5039 912 5129 canonico,
939 5045 974 5110 et
1001 5040 1140 5112 solvunt
1165 5038 1332 5111 decimam
1349 5039 1472 5130 canapi
1489 5058 1553 5141 per
1570 5043 1718 5130 quatuor
1735 5037 1832 5108 iunc-

276 5164 374 5231 turas
401 5158 444 5231 de
470 5158 570 5267 laneo
597 5167 634 5230 et
659 5161 864 5232 aestimatur
888 5159 986 5232 valor
1012 5159 1164 5231 decimae
1185 5158 1361 5249 praelatae
1378 5161 1423 5233 ad
1441 5159 1831 5252 quadragintamarcas.

277 5278 344 5352 Est
368 5281 473 5353 etiam
499 5280 549 5352 ibi
575 5281 753 5370 praedium
781 5280 988 5370 coenobiale,
1015 5279 1107 5370 quod
1134 5280 1219 5351 nulli
1246 5280 1401 5372 decimat,
1429 5281 1490 5354 sed
1517 5280 1683 5353 decimam
1711 5297 1831 5368 prose

280 5419 324 5470 ex
349 5398 510 5489 praediis,
537 5399 631 5490 agris
656 5401 749 5473 tollit
774 5402 864 5473 etin
890 5401 1052 5472 borreum
1080 5420 1179 5472 suum
1205 5400 1347 5474 inducit.
