4050 6054
1551 457 1553 462 ’
1626 482 1699 553 aar

158 677 196 745 et
221 653 475 764 pulcherrime?
504 664 511 671 ’
676 673 967 748 casimirum
993 676 1158 777 Polonite
1174 697 1293 768 regem
1310 677 1503 754 Secundum
1521 689 1702 775 muratam,

158 793 255 866 cuius
281 795 477 884 proprietas
489 798 509 853 ’ψ’
589 816 610 865 o
645 796 752 866 mium
780 798 931 885 pertinet
958 797 1003 867 ad
1017 799 1276 869 monasterium
1302 803 1339 871 et
1365 801 1526 871 abbatem
1544 802 1580 871 in
1599 803 1701 892 Thy-

157 933 316 1011 rqpqscm
342 914 449 986 habet
475 916 593 985 laneos
621 916 854 986 cmethonales
881 917 1006 1005 viginti
1030 903 1191 1006 quatuor.
1218 918 1307 989 Item
1332 918 1432 1008 lanei,
1452 921 1509 1008 qui
1529 923 1700 1009 quondam
1820 899 1852 941 ⁵

157 1026 260 1111 erut
285 1034 474 1122 scoltetiae,
502 1034 563 1104 sed
588 1034 657 1104 iam
685 1035 923 1106 emethonibus
949 1040 1031 1106 sunt
1056 1036 1170 1126 locati,
1197 1057 1275 1124 sex3
1300 1036 1385 1137 itqm
1410 1038 1575 1109 tabernae
1602 1041 1701 1130 duae,

156 1154 240 1225 item
274 1153 470 1242 hortrdani,
497 1154 540 1225 de
572 1174 717 1243 quorum
750 1155 904 1263 omnium
931 1154 1119 1227 medietate
1146 1145 1303 1227 solvitur·
1316 1130 1451 1234 saida
1475 1159 1700 1249 manipularis

153 1293 218 1361 pro
245 1271 349 1343 altari
374 1269 542 1361 praefato,
568 1278 605 1344 et
630 1271 782 1363 propriis
808 1271 966 1353 curribus
993 1273 1130 1345 ducitur
1156 1295 1220 1363 per
1244 1273 1375 1348 incolas
1400 1276 1437 1346 in
1463 1276 1629 1353 borreum
1652 1279 1698 1353 ab

98 1486 109 1497 .
250 1391 316 1462 'sta
350 1391 644 1480 constituendum,
672 1397 708 1462 et
734 1391 873 1463 solvunt
888 1378 893 1389 '
907 1390 1072 1462 decimam
1107 1392 1230 1482 canapi
1255 1413 1319 1482 per
1346 1400 1495 1483 quatuor
1520 1328 1732 1483 iuncturos⁴

111 1391 424 1639 &uestinum
450 1511 549 1585 valor
576 1512 650 1582 eius
686 1512 731 1582 ad
751 1511 914 1582 sedecim
953 1531 1106 1598 marcas3
1142 1511 1184 1582 de
1216 1513 1328 1583 altera
1363 1519 1479 1586 autem
1513 1494 1699 1590 medietate
1816 1542 1818 1549 ¹

155 1628 302 1703 solvitur
327 1650 391 1720 pro
418 1630 565 1703 ecclesia
589 1636 625 1702 et
650 1630 797 1720 plebano
824 1631 861 1701 in
887 1631 1179 1721 Lapschicze.
1214 1632 1255 1704 In
1285 1606 1406 1705 eadem
1436 1633 1520 1709 villa
1538 1641 1594 1709 sst
1609 1659 1699 1710 unus

156 1751 280 1821 nobilis
298 1750 430 1822 vicinus
449 1749 578 1821 domati
596 1749 744 1839 plebani,
761 1749 893 1820 habens
911 1750 1093 1839 specialem
1120 1771 1251 1840 agrum,
1278 1751 1321 1822 de
1348 1774 1415 1842 quo
1443 1753 1609 1827 decimam
1626 1779 1698 1830 ma-

155 1870 348 1959 nipularem
374 1868 478 1943 solvit
505 1868 668 1939 ecclesiae
695 1867 822 1939 ibidem
839 1868 876 1938 in
894 1867 1144 1957 Lapschicz
1155 1889 1183 1959 e,
1201 1871 1284 1941 item
1302 1872 1482 1960 praedium
1500 1877 1697 1949 coenobiale

155 1990 204 2061 ibi
229 2011 298 2062 non
325 1993 518 2079 estusque
543 1986 785 2059 molendinum.

259 2109 347 2180 Item
373 2107 455 2178 licet
480 2105 590 2178 felicis
617 2106 865 2178 recordationis
892 2105 1072 2198 Sbigneus,
1097 2109 1278 2199 episcopus
1305 2092 1543 2184 ctacoviensis
1569 2119 1606 2184 et
1622 2133 1697 2186 car-

153 2228 277 2300 dinalis
304 2247 408 2316 super
434 2227 510 2299 iure
533 2232 738 2315 patronatus
764 2224 914 2315 praefati
940 2227 1062 2299 altaris
1088 2228 1290 2317 aliquandiu
1307 2249 1384 2301 oum
1401 2232 1552 2320 capitulo
1568 2232 1696 2333 craqu

153 2348 263 2418 riensi
298 2345 550 2434 contendisset,
576 2345 668 2417 datis
703 2351 819 2417 tamen
846 2345 890 2418 ab
917 2351 1066 2436 utraque
1091 2353 1192 2436 parte
1218 2349 1306 2419 iuris
1332 2350 1492 2440 arbitris,
1518 2351 1696 2441 praefatus

153 2466 337 2538 cardinalis
364 2465 553 2554 succubuit,
579 2470 616 2536 et
641 2464 901 2553 iuspatronatus
919 2466 1113 2555 plenarium
1131 2466 1281 2555 capitulo
1300 2465 1520 2565 cracoviensi
1538 2491 1601 2560 per
1618 2492 1696 2544 sen-

150 2586 296 2656 tentiam
331 2584 543 2657 definitivam
578 2584 779 2655 arbitralem
809 2583 877 2654 fnit
901 2591 938 2654 et
963 2590 1018 2656 est
1045 2585 1296 2673 adiudicatum
1324 2586 1366 2657 de
1393 2609 1460 2677 quo
1487 2590 1524 2659 in
1550 2591 1696 2663 ecclesia
1752 2670 1755 2675 ,

152 2704 370 2776 cracoviensi
396 2704 567 2774 habentur
593 2703 732 2792 publica
755 2703 978 2775 munimenta
1000 2704 1163 2775 Vexabat
1180 2710 1217 2775 et
1234 2711 1358 2795 expost
1373 2705 1551 2779 lohannes
1569 2708 1695 2781 Luth-

152 2825 296 2913 konis,
323 2823 504 2913 episcopus
531 2821 779 2912 cracoviensis,
806 2844 910 2913 super
937 2824 1022 2895 dicti
1048 2824 1169 2895 altaris
1195 2824 1487 2917 iurepatronatus,
1506 2828 1696 2919 capitulum

149 2942 394 3081 cracovipusm
420 2942 482 3014 sed
507 2941 592 3014 visis
617 2942 751 3015 iuribus
777 2949 814 3014 et
839 2944 1069 3034 munimentis,
1096 2943 1200 3016 cessit
1226 2949 1263 3015 et
1289 2944 1434 3016 destitit.
1572 2960 1584 2995 ’ν

561 3307 705 3388 Altare
734 3307 810 3389 88.
844 3308 1016 3411 Philippi
1048 3312 1093 3387 et
1122 3281 1296 3387 lacobl.0

251 3546 375 3618 Altare
400 3544 604 3616 Sanctorum
630 3543 783 3633 Philippi
809 3550 846 3614 et
870 3542 994 3615 Jaoobi
1019 3538 1268 3632 Apostolorum
1294 3565 1363 3615 non
1390 3545 1497 3617 habet
1523 3547 1692 3636 capellam

147 3666 344 3757 propriam,
369 3665 430 3737 sed
465 3670 520 3736 est
554 3665 659 3735 situm
694 3664 730 3733 in
765 3663 898 3751 capella
933 3661 1138 3733 Sanctorum
1168 3661 1265 3732 Petri
1292 3668 1328 3733 et
1354 3661 1454 3733 Pauli
1480 3664 1517 3734 in
1543 3665 1692 3737 introitu
1723 3689 1724 3692 ¹

148 3786 229 3857 ostii
253 3783 431 3877 praesume
458 3783 610 3873 capellae
636 3783 672 3853 in
699 3782 845 3855 ecclesia
871 3780 1104 3870 cracoviensi,
1130 3801 1199 3852 non
1226 3786 1281 3852 est
1298 3780 1556 3870 privilegiatum
1574 3783 1690 3873 aliquo

147 3905 329 3994 privilegio
356 3902 515 3994 speciali;
542 3923 624 3974 nam
649 3902 715 3973 etsi
741 3902 834 3991 quod
860 3900 1078 3992 privilegium
1103 3904 1190 3989 erat,
1217 3919 1440 3991 suppressum
1462 3906 1499 3972 et
1515 3902 1690 3990 perditum
1836 3961 1843 3973 .

147 4029 218 4112 est3
244 4043 308 4115 por
326 4024 525 4215 ⁸&ptores
551 4028 667 4094 tamen
694 4022 886 4093 autenticas
913 4019 1060 4109 invenio,
1087 4017 1178 4110 quod
1204 4018 1420 4110 praedictum
1438 4021 1547 4092 altare
1565 4021 1688 4096 funda·

147 4149 221 4216 tum
256 4142 323 4216 est‘
344 4162 368 4234 p
387 4140 414 4216 τ’
442 4143 627 4233 Sbigneum
664 4141 830 4212 decanum
843 4140 1138 4228 cracoviensem
1164 4139 1242 4229 quis
1268 4143 1384 4210 autem
1409 4139 1587 4230 praefatus
1613 4141 1690 4213 Sbi-

146 4285 255 4355 gneus
290 4264 457 4352 decanus,
483 4269 520 4334 et
546 4283 588 4333 ex
615 4282 682 4351 qno
717 4281 844 4351 genere
869 4259 993 4349 fuerit,
1021 4258 1224 4350 dignoscere
1249 4279 1319 4331 non
1344 4259 1461 4349 potui,
1489 4281 1556 4351 quo
1583 4261 1689 4331 etiam

38 4413 41 4420 >
147 4390 321 4475 tempore,
349 4386 410 4454 aut
445 4403 512 4472 quo
543 4403 633 4454 anno
660 4379 853 4472 praefatum
880 4379 991 4451 altare
1016 4377 1197 4449 fundatum
1222 4377 1329 4449 fuerit
1354 4360 1391 4451 et
1417 4378 1592 4466 dotatum,
1619 4400 1689 4449 aon

258 4504 345 4575 mihi
370 4505 503 4594 liquere
529 4503 662 4592 potuit;
689 4500 836 4573 contulit
857 4476 1181 4623 ‚autewmbms
1207 4496 1378 4586 Sbigneus
1404 4497 1553 4568 decanus
1571 4496 1608 4566 in
1627 4496 1688 4567 do-

182 4634 185 4639 ’
244 4622 400 4736 praesqto
428 4623 532 4695 altari
558 4621 710 4711 Philippi
735 4624 773 4690 et
797 4617 920 4692 Jacobi
946 4622 1019 4690 tres
1045 4636 1179 4688 marcas
1205 4636 1248 4687 ex
1274 4616 1376 4688 domo
1403 4621 1529 4705 quarta
1556 4613 1689 4687 decima

146 4744 329 4833 capitulari
354 4743 465 4832 partis
492 4742 663 4830 sinistrae,
689 4741 726 4810 in
752 4728 947 4823 aciefiuali
973 4738 1051 4826 sita,
1075 4756 1139 4827 per
1165 4734 1434 4823 inhabitatorem
1460 4735 1534 4805 eius
1552 4733 1687 4804 solven-

147 4863 209 4936 das
254 4832 400 4938 inferes
430 4862 461 4933 si
483 4859 599 4933 uidem
625 4857 827 4951 capitulari,
852 4857 1051 4948 praedictus
1077 4820 1422 4953 Sbigneus‘d'coanus
1449 4851 1687 4947 cracoviensis

146 4918 298 5075 Μ
333 4883 525 5072 εωιιρῖίἒιιε
560 4986 597 5051 et
623 5000 645 5051 a
670 4978 791 5069 primis
826 4975 1058 5048 fundamentis
1089 4972 1249 5064 initians,
1275 4950 1374 5043 mufo
1401 4971 1544 5060 prdehro
1572 4946 1710 5077 coctili·

146 5102 371 5193 consumavit,
396 5119 601 5191 censumque
627 5099 734 5171 trium
759 5116 953 5169 marcarum
969 5094 1021 5166 illi
1037 5094 1177 5185 imponi,
1194 5097 1232 5193 et
1248 5091 1429 5165 altaristae
1447 5091 1569 5179 altaris
1586 5109 1687 5203 pqae·

145 5221 209 5296 lati
248 5220 392 5314 singulis
431 5221 530 5293 annis
568 5240 632 5312 per
670 5219 940 5291 inhabitatorem
970 5213 1077 5304 solvi,
1102 5211 1194 5302 apud
1233 5206 1460 5284 cracoviense
1499 5206 1688 5298 capitulum

147 5342 317 5433 obtinuit;
346 5339 480 5443 fuitque
510 5347 546 5416 et
580 5344 636 5414 est
659 5338 873 5434 praedictum
899 5334 1010 5411 altare
1036 5332 1240 5409 Sanctorum
1265 5329 1417 5426 Philippi
1442 5334 1480 5407 et
1503 5326 1628 5406 Jacobi
1651 5330 1691 5406 iu
