4050 6054
232 460 306 533 6111

233 640 291 738 ad=
314 688 374 738 sex
411 674 555 739 marcas.
593 662 661 736 Hic
696 672 749 737 est
777 685 902 756 magna
928 662 1044 757 sylva,
1072 662 1114 735 de
1142 684 1211 754 qua
1236 612 1412 749 halifflur
1436 660 1574 734 'centum
1600 680 1788 732 mensurae

232 810 361 859 areunae
397 811 461 878 pro
497 788 635 878 pascuis
670 809 852 877 pecorum,
878 792 914 857 et
950 787 1116 856 decimam
1148 785 1397 874 manipularem
1425 783 1556 854 ducunt
1582 784 1788 854 cmethones
1889 772 1892 777 ’

230 908 380 999 propriis
407 910 568 980 crrrribus
594 909 631 978 in
658 909 821 979 horreum
848 909 892 978 ab
920 908 1080 997 episeopo
1107 905 1289 976 locandum
1316 912 1352 976 et
1379 905 1546 975 decimam
1573 904 1706 994 canapi.

335 1028 613 1117 Tuusnonrnm,
639 1006 723 1099 rdla
750 1030 813 1099 suli
841 1028 1007 1117 parochia
1033 1027 1198 1097 ecelesiae
1217 1026 1260 1096 de
1278 1025 1465 1097 Manina
1492 1026 1569 1114 sita,
1588 1025 1685 1096 cuius
1703 1046 1788 1114 pro-
1839 1116 1845 1123 ,

230 1148 361 1239 prietes
389 1156 425 1220 et
451 1149 638 1220 dominium
665 1150 819 1239 pertinet
846 1149 891 1219 ad
917 1149 1115 1238 episcopum
1141 1148 1419 1235 Lubuczensem3
1448 1148 1483 1217 in
1511 1147 1580 1217 ista
1601 1146 1685 1216 uilla
1703 1150 1788 1235 sunt

232 1278 380 1361 qrratuor
416 1276 527 1341 sortes
555 1291 617 1340 seu
643 1271 734 1341 lanei
762 1270 1013 1359 cinethonales,
1041 1270 1186 1359 quilibet
1212 1269 1348 1339 cmetlro
1377 1267 1419 1338 de
1446 1268 1547 1338 laneo
1575 1268 1678 1338 solvit
1705 1273 1787 1338 octo

232 1399 362 1463 scottos
389 1412 453 1481 pro
481 1413 593 1479 censu,
622 1398 770 1481 quatuor
801 1397 931 1462 scottos
959 1391 995 1460 in
1021 1390 1111 1461 festo
1139 1390 1323 1460 Trinitatis
1350 1395 1386 1460 et
1413 1396 1563 1479 quatuor
1589 1394 1722 1460 scottos
1749 1388 1788 1459 in

230 1511 319 1582 festo
355 1511 388 1582 S.
415 1511 570 1581 Martini.
610 1511 697 1581 Item
734 1511 968 1581 molendinum
996 1511 1100 1581 solrit
1126 1510 1273 1580 mediani
1301 1530 1472 1597 marcam3
1500 1510 1583 1580 item
1609 1529 1673 1598 pro
1700 1530 1787 1603 raye-

224 1654 364 1726 przorce.
391 1632 536 1721 quilibet
572 1632 706 1702 curetlro
743 1631 846 1702 solvit
872 1631 959 1701 duos
986 1652 1144 1720 grossos,
1172 1631 1342 1701 terminus
1369 1631 1552 1701 solutionis
1579 1629 1787 1700 Natiuitatis

233 1750 373 1840 Christi,
401 1753 483 1822 item
518 1773 582 1842 pro
609 1751 719 1821 haedo
747 1752 897 1822 medium
923 1772 1101 1840 grossum,
1129 1753 1298 1822 terminus
1325 1750 1497 1840 Paschae,
1525 1752 1609 1822 item
1635 1771 1699 1841 pro
1725 1771 1788 1843 sep

232 1873 424 1943 autumnali
460 1873 546 1943 duos
583 1873 707 1943 choros
741 1874 869 1962 tritici,
898 1873 980 1943 item
1015 1894 1079 1962 pro
1114 1895 1172 1966 rep
1207 1872 1366 1943 aestivali
1393 1879 1466 1943 tros
1494 1872 1617 1943 choros
1644 1892 1788 1960 arenae,

232 1995 315 2064 item
343 1994 488 2083 quilibet
522 1994 659 2065 cmetlro
691 1994 777 2065 duos
804 1994 917 2083 pullos
946 1995 979 2063 iu
1007 1995 1096 2064 festo
1123 1994 1400 2082 Assumptionis,
1427 1994 1511 2064 item
1537 1994 1573 2063 in
1600 1992 1690 2064 sesto
1716 1990 1786 2062 Pa-

233 2115 335 2186 schae
370 2116 515 2205 triginta
543 2136 608 2186 ova
635 2122 671 2185 01
697 2116 784 2186 duos
812 2135 939 2186 caseos.
979 2116 1066 2185 ltem
1094 2136 1157 2204 pro
1185 2116 1336 2202 statione
1364 2116 1465 2205 regia,
1495 2115 1630 2204 quotics
1656 2106 1721 2185 rex
1748 2114 1786 2183 in

232 2233 485 2325 Oppathow
513 2237 655 2325 uenerit,
682 2256 743 2307 sen
769 2258 910 2325 grossos
939 2237 1083 2325 quilibet
1111 2237 1254 2325 cmetlro,
1282 2237 1364 2307 item
1392 2242 1465 2306 tres
1492 2236 1617 2306 clroros
1643 2255 1788 2323 arenae,

232 2357 349 2427 decem
378 2378 444 2428 oua
471 2364 507 2428 ct
533 2357 619 2427 duos
647 2378 775 2446 caseos,
804 2378 935 2428 necnon
963 2357 1050 2428 duos
1078 2357 1200 2445 pullos.
1227 2358 1316 2427 ltem
1335 2357 1468 2427 decima
1486 2362 1541 2427 cst
1560 2356 1788 2447 manipularis

232 2478 361 2549 domiui
389 2479 540 2568 episcopi
568 2478 811 2567 Lubuczensis,
840 2484 876 2548 ct
901 2479 1031 2549 (lincunt
1057 2499 1132 2548 eam
1161 2479 1360 2549 crrretlmnes
1388 2479 1423 2547 in
1451 2478 1613 2548 horreum
1639 2476 1685 2551 ab
1711 2477 1787 2567 epi-

233 2620 337 2688 scopo
365 2599 545 2669 locarndum
574 2605 610 2669 ct
637 2599 735 2670 valor
761 2600 836 2670 eius
863 2601 1066 2670 aestimatur
1092 2600 1136 2669 ad
1164 2607 1311 2689 quatuor
1339 2619 1483 2687 marcas
1511 2599 1651 2670 solvunt
1676 2598 1787 2669 etiam

234 2718 398 2789 decimam
426 2720 546 2808 carrapi
573 2740 636 2809 per
664 2726 813 2808 quatuor
840 2720 988 2809 ierugas.

338 2838 512 2929 Sczsonn,
539 2841 622 2911 uilla
649 2847 685 2912 et
710 2842 857 2911 taberna
884 2843 948 2912 sub
976 2843 1141 2931 parochia
1168 2841 1332 2912 ecclcsiae
1360 2840 1402 2911 de
1429 2841 1616 2911 llanina
1641 2842 1720 2930 sita,
1738 2839 1785 2911 ad

234 2960 431 3050 episcopum
457 2961 715 3033 Lubucaensem
741 2963 928 3050 pertinum,
956 2970 992 3032 et
1009 2963 1111 3033 villae
1140 2962 1451 3052 Truslrolyasi
1479 2963 1595 3050 unita3
1620 2962 1708 3032 llaec
1729 2966 1787 3033 est

232 3082 386 3171 taberna,
415 3102 502 3171 quae
529 3082 634 3152 soluit
661 3104 763 3151 ruriam
791 3104 1006 3172 sexagenum,
1033 3083 1254 3154 medietatem
1282 3082 1432 3153 infesto
1461 3082 1651 3169 Trinitatis,
1679 3082 1786 3153 aliam

232 3202 453 3274 medietatem
479 3203 515 3272 iu
542 3203 629 3273 festo
657 3202 689 3273 S.
716 3203 873 3275 Martini.
900 3204 987 3274 ltem
1015 3204 1147 3274 decima
1174 3211 1228 3274 est
1246 3204 1399 3293 episcopi
1418 3204 1671 3292 Inurbuczeusim
1699 3203 1785 3273 item

232 3324 437 3395 tabernator
472 3324 575 3395 soluit
611 3326 726 3395 onmia
754 3346 878 3415 onera,
906 3332 1070 3415 quantum
1100 3347 1187 3395 rarius
1215 3326 1370 3413 emetlm3
1397 3326 1479 3396 item
1507 3332 1589 3395 suunt
1616 3325 1665 3395 ibi
1693 3324 1797 3421 duae¹

231 3446 398 3516 tabernae
425 3446 594 3516 habentes
622 3467 734 3536 agros
763 3468 907 3536 quarum
935 3448 1133 3537 proprietas
1159 3446 1203 3516 ad
1231 3447 1478 3517 monasterium
1496 3446 1643 3517 Sanctae
1661 3444 1785 3515 Crucis

235 3566 366 3637 Calvi
393 3566 433 3636 11
443 3590 463 3635 0
473 3567 579 3655 ntis,
606 3573 642 3638 et
669 3567 773 3638 solvit
799 3589 863 3657 pro
890 3588 995 3639 censu
1022 3623 1029 3636 .
1057 3624 1065 3638 .
1093 3622 1100 3637 .

335 3688 566 3778 Krmszuow,
594 3689 678 3759 uilla
705 3689 768 3758 sub
796 3690 962 3778 parochia
988 3688 1152 3760 ecelesiae
1180 3689 1222 3759 de
1250 3688 1439 3759 dlanina
1465 3689 1551 3777 sita,
1578 3688 1674 3759 cuius
1701 3708 1785 3778 pto-

232 3808 363 3897 prietas
399 3815 435 3879 et
471 3810 659 3880 dominium
695 3809 739 3878 ud
771 3811 969 3899 episcopum
997 3809 1256 3880 Lubuczensem
1282 3811 1451 3899 pertinet,
1480 3786 1789 3898 11110111111110Ι

231 3951 336 3999 1111111
372 3930 609 4000 tautummodo
646 3931 777 4000 habens
812 3931 958 4001 laneum.
998 3931 1087 4000 ltern
1123 3932 1234 4000 ornrris
1271 3931 1467 4019 proprietas
1494 3930 1652 4001 residuae
1678 3930 1786 4001 villae

231 4049 479 4120 Kraszlrou'
506 4051 658 4139 pertinet
686 4072 754 4121 una
781 4072 858 4121 cum
885 4051 1018 4121 decima
1052 4052 1260 4139 manipulari
1287 4052 1330 4121 ad
1357 4053 1605 4122 monasterium
1632 4050 1782 4123 Sanctae

233 4172 365 4243 Cratetis.
407 4171 472 4241 llic
507 4173 617 4243 solum
653 4178 708 4242 est
743 4194 831 4243 iunius
867 4172 987 4243 laneus
1014 4180 1050 4242 et
1076 4172 1181 4243 solvit
1208 4194 1312 4243 unam
1339 4194 1509 4261 maream3
1545 4174 1628 4243 item
1654 4178 1710 4243 est
1735 4173 1786 4245 ibi

233 4315 336 4364 1111111
366 4293 556 4382 pomerium
584 4295 789 4384 episcopale,
817 4294 900 4365 item
928 4300 982 4364 est
1008 4316 1096 4365 unus
1115 4295 1245 4383 hortum,
1264 4294 1347 4364 item
1366 4301 1421 4366 est
1439 4315 1508 4365 uua
1526 4315 1650 4383 magna
1667 4295 1786 4385 sylva3

233 4414 314 4485 item
343 4414 410 4484 (110
438 4415 646 4504 emetlrones,
675 4437 777 4486 unum
803 4415 956 4485 colentes
984 4415 1130 4504 laneum,
1158 4416 1297 4486 solvunt
1324 4416 1438 4486 onmia
1464 4436 1588 4503 onera,
1616 4422 1786 4506 quantum

232 4558 322 4607 eunus
349 4537 495 4607 01101110.
522 4536 609 4609 ltcm
637 4537 769 4608 decima
794 4537 1019 4625 manipularis
1047 4544 1101 4607 est
1128 4538 1279 4627 episcopi
1312 4537 1546 4609 Lubuczensis
1573 4516 1653 4626 post
1677 4558 1787 4607 unum

232 4659 402 4730 drnrtauat
429 4659 575 4747 laureum,
603 4665 639 4730 et
666 4659 796 4730 ducunt
822 4681 898 4729 eam
927 4660 961 4728 in
989 4660 1150 4729 horreum
1179 4660 1223 4729 ab
1251 4659 1413 4747 episcopo
1431 4659 1613 4730 locandum
1631 4665 1667 4729 et
1684 4658 1786 4730 valor

232 4782 437 4852 aestimatur
464 4782 538 4851 cius
565 4780 609 4851 ad
637 4787 785 4870 quatuor
811 4802 953 4869 mersas,
982 4785 1017 4850 et
1043 4780 1182 4851 solvunt
1209 4779 1375 4850 decimam
1404 4781 1525 4870 canapi
1552 4801 1616 4870 per
1634 4784 1786 4870 quatuor

233 4903 389 4991 ienuam,
417 4923 551 4972 srurnma
578 4924 701 4973 census
727 4922 798 4973 una
822 4923 938 4973 nterea
965 4902 1032 4973 duo
1058 4903 1172 4991 grossi
1200 4923 1276 4971 curm
1295 4901 1418 4972 medio.
1445 4903 1530 4972 ltem
1550 4923 1614 4990 pro
1632 4901 1785 4973 statione

235 5024 325 5111 regis
360 5046 419 5093 sen
456 5024 587 5113 grossi,
614 5024 697 5094 item
735 5045 799 5112 pro
824 5046 882 5116 sep
910 5022 996 5093 duros
1023 5024 1147 5094 choros
1173 5023 1301 5111 tritici,
1328 5032 1400 5093 tres
1428 5043 1575 5112 avenae,
1596 5024 1684 5119 ¹item
1710 5028 1787 5095 tres

233 5145 329 5215 clrori
358 5165 506 5233 110100,
534 5145 616 5215 item
645 5144 713 5215 duo
741 5143 844 5234 pulli,
872 5144 954 5215 item
982 5144 1049 5214 duo
1077 5145 1185 5233 casei,
1214 5146 1297 5215 item
1325 5144 1393 5215 duo
1420 5144 1506 5233 pulli
1533 5165 1597 5233 pro
1624 5144 1786 5219 statione.

338 5266 628 5354 Numrrssrons,
655 5266 739 5335 silla
766 5267 830 5336 sub
857 5266 1022 5354 parochia
1047 5267 1212 5337 ecclesiae
1240 5266 1282 5336 de
1310 5266 1562 5355 Oppatlrow
1590 5266 1667 5355 sita,
1684 5266 1787 5337 euius

182 5400 189 5413 ·
235 5389 431 5479 proprietas
467 5393 503 5457 et
537 5387 724 5465 dominium
761 5388 807 5459 ad
833 5386 1033 5479 episcopum
1057 5386 1317 5459 Lubuezensern
1345 5387 1517 5476 pertinet3
1544 5387 1579 5457 in
1606 5388 1676 5465 ista
1701 5386 1788 5461 villa
