4050 6054
1645 443 1718 516 489

276 638 644 735 Senomrnnnnnsnr,
670 640 753 717 villa
779 641 1011 736 parochialem
1038 641 1217 719 ecclesiam
1244 643 1377 720 habens
1403 643 1505 738 inse,
1524 650 1621 745 opius
1638 671 1720 740 pro-

171 765 304 855 prIetas
331 770 367 836 et
391 766 580 837 domimum
607 758 652 836 ad
677 766 872 839 dobannem
899 775 936 839 et
961 768 1170 839 Stanislaum
1193 767 1420 840 Gamrath
1446 770 1568 860 dictae,
1586 773 1720 845 nobiles

172 886 215 956 de
242 887 348 956 armis
375 886 548 957 Sulima
573 888 735 978 pertinet,
762 889 798 958 in
826 910 893 979 qua
920 896 1002 960 sunt
1026 890 1119 960 lanei
1145 890 1385 979 amathonales,
1403 891 1447 961 de
1465 891 1590 982 quibus
1608 895 1718 965 onmi-

172 1007 238 1077 bus
270 1007 418 1078 solvitur
442 996 587 1078 'decima
613 1009 857 1100 manipcdaris,
885 1016 921 1081 et
944 1011 1112 1082 inducunt
1137 1031 1214 1081 eam
1241 1010 1439 1082 umetbones
1465 1014 1616 1103 propriis
1644 1035 1721 1086 cur·

172 1128 269 1199 ribus
296 1129 332 1198 in
358 1128 522 1199 borreum
550 1150 571 1199 a
597 1130 761 1201 canonico
787 1130 981 1221 locandum,
1007 1137 1044 1202 et
1069 1132 1168 1202 valor
1195 1133 1397 1203 aestimatur
1419 1133 1555 1204 eiusad
1573 1140 1722 1225 qu'atuor

173 1268 315 1319 marcas.
342 1248 431 1319 Item
457 1249 632 1339 tabernae,
660 1251 744 1320 item
769 1234 999 1341 hortul'aniaa
1026 1253 1109 1322 item
1135 1252 1325 1341 praedium.

278 1367 515 1459 Ouauczaur,
541 1370 625 1441 villa
641 1372 715 1470 ,sub
742 1372 908 1459 parochia
935 1372 1100 1444 ecclesiae
1127 1362 1169 1443 de
1197 1428 1204 1442 .
1232 1428 1239 1442 .
1268 1428 1275 1442 .
1302 1375 1383 1462 sita,
1411 1373 1507 1465 cuins
1534 1375 1721 1457 dominium

175 1511 236 1562 seu
262 1489 459 1580 proprietas
486 1491 530 1561 ad
557 1489 782 1581 stanislaum,
809 1491 1007 1581 Nicolaum,
1035 1492 1181 1564 Paulum
1208 1493 1568 1585 Wyrzbyatham
1593 1494 1721 1568 fratres

173 1610 307 1682 nobiles
334 1611 508 1707 dearmia
535 1611 700 1701 Strepe
726 1613 889 1703 pertinet,
916 1615 952 1683 in
980 1634 1048 1703 qua
1074 1620 1156 1685 suut
1182 1614 1274 1683 lanei
1301 1606 1548 1705 emetbonaleS,
1576 1616 1619 1687 de
1647 1618 1721 1705 qui-

173 1732 238 1802 bus
265 1732 423 1803 omnibus
451 1731 596 1803 solvitur
623 1732 755 1803 decima
780 1734 1004 1824 manipularis
1031 1735 1248 1818 canonicatui
1273 1736 1404 1825 primae
1431 1736 1658 1827 praebendae,
1687 1743 1723 1807 et

175 1851 305 1922 ducunt
339 1872 415 1922 eam
451 1854 649 1924 cmethones
685 1854 836 1944 propriis
864 1855 1022 1925 curribus
1049 1855 1085 1924 in
1111 1855 1274 1926 borreum
1302 1876 1323 1924 a
1350 1857 1513 1927 canonico
1540 1855 1722 1928 locandum

174 1977 210 2043 et
236 1973 440 2044 aestimatur
467 1974 541 2044 eius
568 1974 667 2046 valor
693 1975 737 2045 ad
764 1995 867 2045 unam
893 1995 1054 2047 marcam.
1081 1974 1169 2047 item
1195 1972 1371 2064 tabernae,
1395 1977 1478 2047 item
1495 1977 1722 2066 hortulaniae,

174 2092 257 2163 item
284 2093 473 2182 praedium.

282 2212 502 2303 Snaznszrn,
529 2214 613 2284 villa
640 2215 704 2286 snb
731 2216 898 2304 parocbia
923 2214 1087 2286 ecclesiae
1115 2216 1157 2286 de
1184 2215 1332 2306 Byecz
1359 2216 1485 2306 oppido
1512 2217 1597 2306 sita,
1625 2216 1722 2287 cuius

173 2333 370 2423 proprietas
407 2339 443 2404 et
478 2333 665 2405 dominium
702 2335 746 2406 ad
773 2336 1030 2407 serenissimum
1057 2334 1221 2406 Poloniae
1249 2355 1367 2426 regem
1393 2337 1564 2426 pertinet,
1591 2337 1627 2407 in
1654 2357 1723 2426 qua

174 2458 256 2524 sunt
281 2452 373 2524 lanei
400 2456 643 2546 emetbonales,
671 2456 713 2526 de
741 2457 866 2546 quibus
884 2439 1043 2528 omnibus
1062 2454 1209 2527 solvitur
1227 2455 1359 2539 dealma
1376 2456 1601 2546 manipularis
1620 2476 1721 2527 cano·

174 2571 251 2646 nido
277 2575 410 2665 primae
438 2576 666 2666 praebendae,
693 2582 729 2647 et
756 2577 887 2648 ducunt
913 2597 989 2648 eam
1017 2576 1215 2648 cmetbones
1241 2577 1392 2666 propriis
1411 2577 1569 2648 curribus
1588 2577 1623 2646 in
1641 2577 1722 2648 hor·
1793 2638 1796 2642 .

176 2716 273 2766 reum
300 2715 322 2765 a
349 2696 512 2767 canonico
538 2697 720 2767 locandum
748 2703 784 2768 et
809 2697 907 2769 valor
934 2697 1137 2767 aestimatur
1163 2697 1237 2768 eius
1265 2697 1432 2767 adunam
1449 2716 1609 2768 marcam.
1635 2697 1722 2768 Item
1779 2728 1785 2737 ·

175 2817 350 2910 tabernae,
378 2816 462 2887 item
488 2817 717 2908 hortulaniae,
745 2819 827 2888 item
853 2816 1043 2907 praedium.

215 3147 415 3231 Decimae
446 3150 680 3231 lerionales
714 3151 891 3231 latorum
924 3170 1170 3255 praecorum
1205 3148 1364 3256 primae
1398 3147 1681 3256 praebendae.

278 3421 434 3510 Oszran,
462 3421 634 3511 oppidum,
661 3422 697 3491 in
725 3442 792 3510 quo
820 3421 964 3491 ecclesia
989 3421 1208 3510 parochialis,
1228 3421 1326 3491 cuius
1344 3420 1542 3510 proprietas
1562 3425 1596 3490 et
1614 3419 1732 3491 domi.

174 3543 269 3615 nium
305 3543 350 3614 ad
386 3542 641 3614 serenissimum
673 3541 847 3612 dominum
876 3547 1033 3613 nostrum
1059 3561 1176 3630 regem
1203 3540 1368 3635 PolonIae
1394 3541 1566 3631 pertinet,
1593 3541 1629 3610 in
1656 3561 1723 3631 quo

176 3669 257 3733 sunt
290 3664 382 3734 lanei
418 3663 686 3753 oppidanorum,
714 3662 756 3732 de
793 3683 938 3752 quorum
975 3662 1129 3751 quolibet
1165 3661 1313 3732 solvitur
1342 3682 1432 3731 unus
1458 3660 1547 3731 ferto
1574 3660 1723 3731 latorum

174 3805 373 3874 grossorum
391 3783 617 3873 Pragensium
636 3783 799 3853 canonico
818 3783 949 3870 primae
963 3781 1181 3871 praebendae
1194 3801 1257 3871 pro
1272 3781 1413 3851 decima.
1431 3781 1520 3850 Item
1533 3780 1722 3869 praedium.

279 3904 516 3999 Lnszanrnr,
543 3904 627 3974 villa
651 3901 884 3992 parochialem
912 3902 1091 3973 ecclesham
1117 3903 1248 3973 habens
1276 3902 1311 3971 in
1338 3921 1385 3990 se,
1412 3901 1508 3971 cuius
1526 3900 1722 3990 proprietas

176 4030 212 4096 et
238 4024 424 4097 dominium
460 4025 505 4095 ad
540 4024 796 4095 serenissimum
831 4021 995 4093 Poloniae
1022 4042 1139 4112 regern
1165 4022 1337 4111 pertinet,
1365 4022 1401 4091 in
1429 4041 1497 4111 qna
1523 4027 1605 4092 suut
1631 4020 1723 4091 lanei
1767 4072 1771 4085 .

176 4146 418 4235 amathonales,
445 4145 488 4216 de
515 4165 660 4235 quornm
688 4143 842 4234 quolibet
860 4143 1007 4215 solvitur
1024 4162 1113 4213 unus
1131 4141 1219 4213 ferto
1238 4142 1387 4213 latorum
1405 4161 1604 4232 grossorum
1623 4160 1725 4212 canu-

176 4268 253 4338 nico
280 4268 411 4356 primae
438 4245 655 4355 praebendae
682 4285 745 4352 pro
773 4264 912 4334 decima.
940 4263 1029 4334 Item
1055 4263 1242 4352 praedium.

280 4388 453 4477 Zoumow,
480 4386 564 4456 villa
590 4386 654 4457 snb
681 4384 845 4455 Iaszlensi
872 4384 1018 4454 ecclesia
1044 4382 1235 4473 parochiali
1262 4383 1338 4472 sita,
1358 4383 1454 4453 cuius
1474 4383 1671 4470 proprietas
1690 4358 1726 4451 et

177 4509 365 4580 dominium
401 4507 445 4577 ad
479 4506 659 4579 Nicolaum
695 4512 731 4577 et
757 4505 966 4576 stanislaum
993 4503 1259 4595 Zolkowsky
1286 4503 1458 4593 pertinet,
1486 4503 1522 4572 in
1550 4507 1726 4592 quaeunt

177 4628 269 4699 lanei
305 4627 556 4718 emethonalea,
584 4627 626 4697 de
654 4645 799 4715 quorum
826 4625 981 4716 quolibet
1007 4623 1153 4695 solvitur
1180 4644 1269 4694 unus
1295 4621 1384 4694 ferto
1412 4623 1560 4693 latorum
1588 4641 1726 4712 grosso-

176 4770 255 4820 rum
281 4747 505 4839 Pragensium
534 4745 752 4818 canonicatui
777 4746 909 4834 primae
936 4745 1155 4833 praebendae
1181 4765 1245 4834 pro
1264 4743 1404 4814 decima.
1430 4743 1519 4813 Item
1536 4741 1725 4831 praedium.

283 4867 449 4958 Gnaeum,
477 4869 560 4939 villa
587 4868 651 4937 sub
678 4864 842 4955 parochia
868 4865 1033 4937 ecclesiae
1061 4863 1103 4937 de
1131 4919 1139 4934 .
1166 4920 1173 4934 .
1202 4918 1209 4934 .
1236 4865 1318 4953 sita,
1346 4864 1441 4935 cuius
1468 4863 1665 4952 proprIetas
1691 4869 1727 4932 et

178 4991 366 5062 dominium
393 4989 436 5059 ad
464 5043 472 5059 .
499 5043 507 5058 .
534 5043 542 5058 .
569 4988 729 5078 pertinet,
757 4987 793 5056 in
820 5006 888 5075 qua
914 4992 996 5057 sunt
1021 4977 1114 5056 lanei
1141 4985 1382 5072 cmethouales,
1410 4983 1453 5053 de
1481 4983 1604 5072 quibus
1623 4979 1727 5053 solvi-

177 5117 237 5181 tur
262 5130 352 5181 unus
382 5108 473 5181 lento
500 5107 651 5179 latorum
676 5127 876 5196 gressuum
902 5105 1130 5197 Pragensium
1157 5105 1375 5175 canonicatui
1400 5103 1532 5193 primae
1558 5102 1727 5191 praeben-

178 5231 243 5302 dae
270 5252 334 5322 pro
361 5230 503 5302 decima.
530 5229 618 5299 Item
644 5227 832 5317 praedium.

281 5350 426 5422 ursam
454 5347 579 5439 Gonu,
606 5346 690 5419 villa
726 5348 790 5417 sub
826 5347 992 5437 parochia
1017 5346 1180 5417 ecclesiae
1207 5346 1251 5417 de
1278 5344 1486 5435 Antiqua
1512 5341 1727 5435 Smigrod

280 5517 329 5559 Lib.
342 5516 438 5561 scaeua
1521 5482 1561 5542 62
