4050 6054
236 438 308 507 284
342 429 350 444 ’

189 614 195 623 ’
233 645 381 730 quatuor
406 658 536 724 currus,
564 657 632 704 non
659 638 768 721 arant,
796 655 864 703 non
891 637 1019 720 serunt,
1046 653 1114 701 non
1132 608 1274 721 metunt,
1292 631 1376 701 item
1394 631 1593 702 cmethones
1610 634 1775 700 tenentur

232 780 335 829 nuum
364 763 504 847 pratum
530 754 742 841 falcastrarc,
768 758 931 841 rastrare,
959 751 1235 853 colligereqtgin
1251 750 1416 822 horreum
1432 748 1605 820 inducere.
1630 747 1721 819 Item
1735 748 1774 819 in

232 879 351 948 eadem
378 877 461 946 villa
487 880 568 947 sunt
594 875 661 943 duo
688 873 873 960 hortulani,
901 891 1047 961 quorum
1072 869 1204 960 primns
1222 869 1327 940 solvit
1344 869 1467 959 viginti
1483 887 1634 958 grossos,
1651 886 1775 938 secun·

231 997 295 1068 dus
322 997 439 1065 decem
466 999 502 1064 et
517 999 595 1064 octo
622 1012 781 1082 gross0s;
807 992 889 1061 item
917 991 953 1060 in
981 989 1101 1062 eadem
1126 987 1209 1061 villa
1227 992 1282 1059 est
1298 987 1540 1076 molendinum,
1559 986 1652 1077 quod
1667 986 1779 1078 septis

231 1116 341 1185 manis
368 1114 513 1203 singulis
539 1112 643 1183 solvit
669 1132 732 1200 pro
760 1110 910 1200 capitulo
937 1115 1087 1199 quatuor
1113 1109 1236 1180 choros
1262 1090 1504 1211 farinpditem
1520 1104 1778 1179 molendinatcr.
1885 1198 1895 1214 ·

232 1256 336 1304 unum
363 1230 505 1303 chorum
532 1232 640 1301 tritici
667 1230 846 1320 profesto
873 1229 1076 1299 Natiuitatis
1104 1226 1248 1315 Christi,
1275 1227 1380 1296 alium
1405 1246 1470 1316 pro
1496 1225 1585 1296 festo
1611 1223 1777 1315 Paschae,

232 1353 339 1421 alium
374 1373 438 1439 pro
474 1350 562 1422 festo
597 1350 840 1436 Pentecostes;
876 1351 911 1418 in
938 1349 1057 1419 eadem
1092 1346 1175 1416 villa
1202 1352 1256 1417 est
1281 1344 1465 1475 ΨΜ,
1501 1345 1634 1416 babens
1667 1363 1777 1416 unum

234 1469 471 1541 tantummodo
498 1469 653 1558 laneum,
680 1470 762 1539 item
790 1468 987 1539 cmethones
1014 1466 1152 1537 solvunt
1178 1466 1324 1549 ratione·
1337 1444 1484 1560 obpedaa
1511 1462 1779 1589 mediamfflrar·

214 1609 310 1660 -cam
336 1594 372 1660 et
399 1589 561 1659 scoltetus
597 1593 747 1677 quatuor
771 1608 926 1677 grossos,
944 1588 1028 1658 item
1045 1589 1211 1656 tenentur
1228 1574 1320 1657 retia
1335 1585 1373 1655 in
1389 1584 1590 1655 venationes
1606 1586 1779 1665 amaea·

236 1709 330 1779 saria
364 1709 400 1777 in
435 1708 683 1797 Pyotrkow
718 1707 861 1794 ducere,
889 1707 1019 1776 curiam
1045 1709 1082 1774 et
1106 1706 1228 1776 hortos
1254 1703 1378 1792 sepire,
1405 1723 1550 1792 aggeres
1575 1699 1778 1795 reformare,

234 1828 371 1898 stabula
398 1827 513 1896 curiae
540 1831 668 1914 tegere,
695 1825 858 1895 ducturas
885 1845 906 1894 a
932 1824 1077 1894 villain
1103 1823 1222 1895 villam
1235 1827 1283 1892 -ct
1308 1823 1345 1892 in
1370 1821 1447 1893 fora
1471 1821 1595 1901 facere.
1709 1806 1713 1819 ¹
1771 1892 1777 1901 ,

338 1946 427 2015 ltem
462 1944 546 2014 villa
580 1942 736 2033 praefata
771 1943 814 2013 de
841 1944 934 2032 agris
961 1942 1178 2013 amethonum
1205 1941 1310 2013 solvit
1336 1941 1503 2013 decimam
1527 1939 1778 2032 manipularem

240 2064 502 2154 praepositurae
528 2063 745 2133 Lanciciensi
770 2067 805 2132 ct
827 2063 957 2133 ducunt
982 2082 1058 2132 eam
1085 2063 1121 2131 in
1141 2060 1318 2145 horreum.
1338 2060 1574 2150 apraepcsito
1597 2059 1781 2133 locandum
1903 2121 1907 2127 .

234 2190 270 2254 et
296 2185 462 2254 decimam
498 2183 620 2271 canapi
655 2182 794 2252 solvunt
822 2202 885 2270 per
911 2183 997 2251 duas
1015 2183 1180 2271 ierugas,
1207 2185 1243 2254 et
1267 2180 1366 2252 valor
1392 2180 1546 2253 decimae
1570 2178 1778 2275 aestimatur
1876 2187 1880 2191 ’

236 2302 279 2374 ad
292 2303 409 2372 decem
427 2322 575 2390 marcas,
594 2300 754 2390 aliqando
773 2300 818 2370 ad
834 2300 1036 2389 quindecim,
1056 2300 1240 2389 aliquando
1259 2300 1303 2370 ad
1317 2299 1478 2388 sedecim,
1496 2299 1581 2370 item
1597 2299 1674 2390 agri
1691 2299 1779 2371 scol-

236 2421 372 2492 tetiales
391 2422 529 2491 solvunt
542 2419 708 2490 decimam
725 2419 972 2507 manipularem
986 2419 1133 2508 plebano
1150 2419 1186 2488 in
1204 2418 1460 2506 Pabianicze,
1479 2419 1538 2509 qui
1551 2419 1780 2490 aestimantur

236 2540 280 2610 ad
307 2546 454 2629 quatuor
480 2539 617 2627 laneos3
642 2544 797 2628 tempore
825 2539 914 2608 enim
941 2543 1082 2608 tenutas
1109 2536 1270 2608 Andreae
1305 2537 1464 2608 Miszka
1496 2537 1683 2628 capitulum
1707 2542 1781 2610 uas

234 2666 352 2749 partes
379 2660 556 2729 scoltetiae
582 2658 707 2728 coemit
734 2677 810 2727 cum
836 2657 949 2728 tribus
975 2657 1094 2747 laneis,
1122 2677 1208 2747 quos
1234 2657 1362 2728 locavit
1380 2657 1628 2746 cmethonibns,
1655 2626 1781 2747 quanin

111 2825 115 2829 -
235 2778 472 2850 tantummodo
491 2778 658 2848 remansit
684 2783 720 2847 et
745 2796 834 2848 unus
860 2777 989 2847 laneus.

338 2897 614 2984 Lasnowrcza,
639 2896 722 2989 villa
748 2897 949 2985 capitularis
975 2897 1011 2966 in
1037 2896 1113 2966 iure
1138 2893 1302 2967 Polonico
1327 2894 1441 2967 locata
1466 2900 1502 2967 et
1527 2895 1591 2969 sub
1617 2858 1783 2987 parocbia

236 3017 400 3087 ecclesiae
427 3016 470 3086 de
496 3015 772 3087 Pabianicze
795 3017 883 3104 sita,
909 3016 945 3085 in
972 3035 1040 3104 qna
1066 3019 1148 3086 sunt
1174 3014 1322 3086 sedecim
1347 3015 1438 3087 lanei
1465 3015 1718 3106 amathonales,
1744 3022 1783 3088 et
1841 3017 1844 3021 ’

237 3135 382 3225 quilibet
408 3135 512 3205 solvit
538 3134 688 3223 capitulo
715 3155 779 3224 pro
806 3154 911 3205 censu
939 3155 1052 3207 annuo
1084 3134 1231 3205 mediam
1258 3154 1462 3224 sexagenum
1491 3139 1528 3205 et
1553 3155 1658 3206 unum
1683 3155 1783 3225 gros-

236 3274 321 3342 sum,
348 3258 384 3324 et
399 3255 534 3326 notario
560 3253 709 3325 medium
735 3274 893 3342 grossum
918 3274 983 3342 pro
1000 3259 1101 3342 nota,
1128 3253 1212 3323 item
1238 3252 1324 3324 duos
1343 3273 1508 3343 capones,
1535 3255 1618 3325 item
1636 3255 1784 3344 triginta

235 3392 318 3460 ova,
346 3372 428 3442 item
446 3377 594 3463 quatuor
621 3373 744 3443 choros
771 3373 889 3462 tritici,
916 3373 999 3442 item
1017 3376 1165 3461 quatuor
1192 3371 1315 3444 choros
1342 3393 1472 3444 avenae
1490 3393 1670 3447 mensurae
1696 3368 1782 3445 Sad-

236 3492 411 3564 koviensis
437 3492 560 3581 planae
586 3496 621 3561 et
642 3491 813 3581 aequalis,
840 3493 923 3563 item
942 3490 1028 3563 duos
1054 3512 1194 3581 grossos
1219 3512 1283 3580 pro
1302 3512 1406 3563 censu
1432 3492 1533 3583 foeni,
1560 3493 1619 3582 qui
1637 3497 1781 3565 vocatur

235 3632 395 3705 arpenna
421 3612 504 3680 item
532 3610 677 3700 quilibet
703 3609 748 3681 de
765 3610 864 3680 laneo
891 3614 1030 3680 tenetur
1055 3607 1235 3680 duodecim
1268 3629 1390 3680 currus
1415 3611 1587 3701 lignorum
1605 3630 1668 3700 pro
1688 3611 1784 3683 curia

236 3732 272 3800 in
298 3730 575 3802 Pabianicze
610 3729 797 3818 adducere,
834 3729 916 3800 item
951 3729 988 3799 in
1014 3728 1156 3818 praedio
1193 3728 1433 3800 Pabianicansi
1466 3732 1628 3800 tenentur
1663 3749 1782 3802 omnes

237 3851 435 3920 cmethones
462 3850 561 3921 simul
589 3870 692 3938 agros
719 3870 779 3920 cos
797 3849 1051 3938 contingentes,
1079 3849 1138 3937 qui
1164 3831 1314 3942 iatrzy'oa'
1338 3852 1520 3936 vocantur,
1546 3868 1661 3938 arare,
1682 3849 1781 3942 arpi·
1897 3897 1901 3905 =

221 3950 333 4055 aare,
370 3988 503 4057 serere,
538 3988 680 4038 acervos
716 3968 899 4057 disponere
934 3973 969 4036 et
1000 3967 1036 4036 in
1071 3966 1234 4037 borreum
1269 3965 1444 4037 inducere.
1471 3966 1584 4037 item
1618 3972 1783 4039 tenentur

237 4089 376 4174 pratum
403 4106 507 4156 unum
533 4085 752 4176 falcastrum,
787 4091 959 4174 rastrarc,
987 4085 1148 4174 colligere
1175 4085 1272 4155 etin
1299 4085 1464 4157 borreum
1490 4085 1672 4175 inducere3
1698 4087 1782 4158 item

241 4203 277 4273 in
296 4201 417 4273 eadem
435 4203 519 4272 villa
536 4206 617 4272 sunt
643 4209 791 4292 quatuor
808 4204 917 4292 borti3
945 4224 1089 4293 quornm
1117 4204 1248 4292 primns
1274 4203 1379 4275 solvit
1395 4204 1542 4277 mediam
1569 4225 1784 4296 sexagenum,

237 4321 408 4393 secundus
439 4319 626 4410 fertonem,
661 4322 786 4393 tertius
813 4325 917 4394 etiam
943 4322 1131 4412 fertonem,
1168 4328 1311 4412 quartus
1338 4324 1444 4396 etiam
1469 4323 1656 4414 fertonem,
1695 4327 1781 4397 item

239 4443 376 4514 cmetbo
404 4443 549 4533 quilibet
574 4441 676 4512 villae
702 4440 877 4532 praefatae
914 4444 1016 4514 solvit
1042 4464 1106 4532 pro
1133 4442 1274 4514 humulo
1316 4462 1379 4532 pro
1408 4443 1506 4514 curia
1531 4442 1618 4515 duos
1645 4445 1786 4533 choroa;

238 4564 321 4635 item
348 4565 383 4632 in
402 4561 523 4633 eadem
550 4561 632 4631 villa
659 4566 713 4632 est
730 4562 963 4632 molendinum
989 4562 1197 4652 capitulare,
1225 4560 1316 4651 quod
1334 4561 1439 4635 solvit
1463 4581 1527 4658 pro
1546 4579 1652 4633 censu
1668 4580 1784 4634 annuo

242 4683 394 4772 quinque
420 4701 497 4751 cum
514 4681 628 4751 media
653 4701 805 4770 marcas,
831 4681 913 4752 item
931 4685 984 4752 est
1001 4683 1133 4771 piscina
1150 4682 1256 4771 bona,
1282 4682 1366 4753 item
1385 4682 1550 4753 scoltetus
1568 4701 1637 4753 non
1655 4684 1711 4755 est
1725 4680 1786 4771 ibi,

237 4802 320 4871 item
336 4806 500 4872 tenentur
517 4800 606 4871 retia
622 4801 659 4870 in
678 4799 897 4888 venationes,
923 4804 960 4870 et
976 4802 1171 4872 necessaria
1188 4801 1225 4872 in
1242 4800 1375 4871 Piotr
1385 4800 1409 4870 k
1420 4822 1439 4871 o
1450 4822 1480 4870 w
1498 4799 1635 4889 ducere,
1652 4800 1784 4872 curiam

238 4923 275 4989 et
292 4920 413 4990 hortos
440 4921 563 5011 sepire,
590 4940 735 5011 aggeres
752 4918 956 5008 reformare,
983 4921 1122 4992 stabula
1140 4921 1256 4993 curiae
1273 4926 1401 5010 tegere,
1429 4919 1593 4991 ducturas
1609 4938 1632 4991 a
1648 4918 1733 4991 villa
1749 4920 1786 4991 in

238 5038 356 5108 villam
383 5042 419 5109 et
444 5039 480 5109 in
506 5037 582 5109 fora
606 5038 731 5111 facere.

341 5156 430 5235 Item
443 5157 527 5229 villa
539 5156 696 5269 praelata
709 5158 814 5232 solvit
828 5158 1256 5341 decimamtranipularem
1270 5164 1306 5238 et
1315 5159 1512 5258 canapalem
1525 5157 1787 5254 praepositurae
