4050 6054
1704 427 1779 502 45⁴3

227 651 371 706 marcas.
409 631 500 704 Item
524 631 561 704 in
588 631 709 705 eodem
736 632 864 724 oppido
890 631 1109 724 Kyelcziensi
1144 635 1199 704 est
1224 626 1345 705 domus
1380 633 1470 705 bene
1496 632 1678 707 aedificata
1703 643 1780 710 cum

229 774 313 826 arca
338 775 403 846 pro
423 754 597 845 custodia,
625 754 709 826 item
735 742 843 826 b'abet
868 755 1009 828 hortum
1031 754 1214 854 ,proprium
1245 758 1282 825 et
1309 754 1457 826 liberum
1493 754 1646 846 deprope
1673 757 1781 830 eccle-

130 900 133 905 *
228 876 316 948 siam
340 875 490 966 ligneam
517 873 635 947 Sancti
661 875 845 948 Adalberti
871 880 973 947 extra
998 875 1183 966 oppidum;
1215 875 1299 946 item
1335 875 1372 946 in
1398 875 1520 968 eodenp
1546 877 1673 968 oppido
1700 881 1782 950 sunt

229 995 297 1069 duo
323 997 415 1068 lanei
443 997 610 1087 speciales
637 995 841 1087 apraefatis
868 996 1026 1068 civilibus
1054 996 1228 1086 distincti,
1255 995 1301 1067 ad
1327 997 1519 1082 custodiam
1545 996 1783 1070 Kielczensem

228 1099 462 1211 pertinentes,
490 1139 576 1209 quos
594 1124 712 1190 custos
738 1118 973 1210 Kyeloziensis
999 1139 1063 1209 pro
1081 1124 1251 1209 tempore,
1278 1139 1342 1208 pro
1361 1139 1423 1190 suo
1451 1117 1559 1195 fundo
1584 1125 1621 1191 et
1638 1105 1781 1211 praedio

229 1244 326 1311 tenet
352 1244 389 1311 et
405 1239 497 1328 colit,
525 1240 584 1329 qui
611 1238 703 1310 lanei
730 1243 811 1310 sunt
836 1238 939 1311 liberi
965 1240 1010 1310 ab
1036 1239 1130 1311 omni
1157 1239 1347 1329 solutione,
1374 1259 1480 1312 censu
1506 1244 1543 1311 et
1569 1232 1782 1330 tributo,'de

229 1361 354 1453 quibua
381 1361 488 1432 etiam
514 1360 621 1432 laneis
649 1365 765 1431 custos
791 1361 866 1450 ipse
892 1359 979 1432 nulli
1006 1358 1111 1432 solvit
1136 1359 1304 1433 decimam
1331 1360 1599 1451 manipularem,
1627 1362 1687 1434 scd
1704 1382 1782 1443 eum

230 1503 294 1573 pro
322 1502 359 1554 se
386 1482 479 1554 tollit
505 1486 540 1553 et
558 1482 593 1553 in
619 1482 783 1554 borreum
810 1503 910 1553 suum
932 1481 1078 1552 inducit.
1117 1480 1206 1553 Item
1233 1481 1268 1551 in
1287 1480 1407 1553 eodem
1426 1483 1553 1572 oppido
1579 1481 1782 1574 Kyelcz'e

230 1609 312 1676 sunt
337 1604 463 1675 iterum
489 1602 550 1674 alii
583 1603 652 1675 duo
682 1603 776 1674 lanei
802 1603 968 1693 speciales
994 1625 1016 1674 a
1041 1600 1208 1693 praelatis
1235 1603 1358 1693 viginti
1386 1608 1536 1694 quatuor
1562 1604 1674 1689 laneis
1699 1603 1783 1676 civi-

230 1726 323 1797 libus
342 1725 512 1815 distincti,
531 1724 576 1796 ad
588 1725 837 1796 ‚canonicatum
855 1730 891 1796 et
908 1723 1141 1815 praebendam
1159 1722 1410 1796 Kieloziensem
1427 1724 1691 1798 Pirzszniczsko
1706 1747 1785 1817 per-

230 1847 397 1938 tinentes,
432 1867 518 1936 quos
545 1847 731 1918 canonicus
758 1845 964 1918 Kielciensis
994 1844 1172 1936 praefatae
1199 1845 1418 1937 praebendae
1445 1868 1509 1938 pro
1535 1852 1693 1938 tempore
1720 1868 1784 1939 pro

104 2028 108 2038 s
182 2048 187 2059 ,
230 1990 293 2040 suo
310 1967 417 2040 fundo
436 1972 471 2038 et
488 1967 630 2058 praedio
648 1974 746 2040 tenet
772 1972 808 2038 et
826 1967 929 2056 colit;
956 1968 1015 2056 qui
1032 1967 1124 2039 lanei
1141 1967 1282 2039 solvunt
1300 1968 1447 2060 quilibet
1464 1968 1614 2040 mediam
1632 1989 1783 2042 maroam

231 2111 295 2182 pro
323 2110 427 2161 censu
444 2093 491 2177 ¹et
507 2089 650 2178 tributo,
677 2088 863 2179 dequibus
891 2088 996 2160 etiam
1014 2088 1124 2160 lancis
1142 2089 1217 2180 ipse
1240 2070 1425 2161 canonicus
1451 2090 1537 2160 nulli
1564 2089 1667 2162 solvit
1694 2089 1785 2162 deci·

230 2230 322 2282 mam
348 2210 608 2300 manipularem,
634 2209 695 2281 sed
722 2228 798 2281 eam
824 2230 887 2301 pro
915 2230 952 2282 se
970 2210 1154 2281 canonicus
1180 2209 1357 2300 praefatus
1383 2210 1478 2282 tollit
1502 2216 1538 2282 ot
1559 2211 1596 2283 in
1622 2212 1786 2284 borreum
1837 2263 1845 2283 .

197 2387 200 2391 .
232 2352 332 2403 suum
358 2330 507 2420 inducit,
544 2331 629 2402 item
655 2328 805 2420 praefati
840 2330 907 2404 duo
934 2330 1026 2403 lanei
1052 2331 1192 2403 solvunt
1218 2332 1381 2404 canonico
1418 2332 1565 2422 quilibet
1589 2336 1663 2404 tres
1690 2351 1786 2404 men-

232 2473 332 2525 suras
367 2471 497 2523 avenae
532 2471 602 2523 non
637 2449 830 2541 confertas3
864 2453 949 2524 item
984 2445 1124 2523 censum
1159 2451 1203 2523 de
1238 2451 1368 2524 eisdem
1402 2452 1512 2524 laneis
1548 2457 1585 2524 et
1619 2452 1785 2525 decimam

233 2573 411 2645 consuevit
436 2573 558 2644 tollere
585 2573 736 2645 vicarius
763 2573 971 2645 canonicalis
999 2572 1218 2663 praebendae
1252 2572 1489 2665 Kyelcziensis
1515 2573 1787 2667 Pyrsznyczska,

233 2700 269 2767 et
292 2694 405 2798 solam
430 2714 575 2767 avenam
601 2695 749 2785 percipit
776 2695 968 2767 canonicus.
1813 2703 1817 2710 '

337 2814 465 2906 Nrnn,
492 2815 576 2886 villa
602 2816 666 2887 sub
684 2816 850 2907 parochia
873 2815 1039 2889 ecclesiae
1066 2815 1110 2888 de
1128 2816 1367 2908 Brzezyny
1394 2817 1476 2908 sita,
1504 2817 1601 2890 cuius
1630 2819 1787 2909 proprie·

229 2941 300 3009 ms*
313 2941 349 3007 et
367 2936 556 3008 dominium
574 2938 726 3028 pertinet
752 2937 797 3009 ad
815 2937 1014 3028 episcopum
1042 2935 1321 3028 Oracovienscm,
1347 2929 1471 3030 in'qua
1496 2943 1579 3012 sunt
1605 2959 1668 3011 sex
1693 2939 1787 3010 lanei
1813 2978 1815 2982 >

232 3058 487 3149 ometbonales,
514 3057 700 3150 dequibus
727 3058 874 3131 solvitur
892 3058 1024 3130 decima
1041 3060 1277 3150 manipularis,
1304 3059 1367 3131 sed
1383 3061 1562 3152 perceptio
1588 3061 1663 3132 eius
1682 3058 1791 3132 alter·
1864 3086 1865 3091 ¹

233 3180 326 3252 natis
353 3179 486 3251 vicibus
512 3180 586 3253 siue
605 3180 704 3252 annis
727 3179 1000 3269 diversificatur;
1027 3201 1097 3252 uno
1123 3181 1216 3251 enim
1244 3201 1334 3252 anno
1362 3182 1512 3272 percipit
1541 3182 1635 3252 illam
1654 3183 1790 3272 integre

234 3300 394 3373 custodia
418 3300 668 3392 Kyelcziensis,
696 3307 732 3372 et
749 3300 879 3373 ducunt
896 3321 973 3372 eam
991 3301 1189 3373 emetbones
1215 3302 1368 3393 propriis
1386 3303 1545 3374 curribus
1572 3302 1606 3373 in
1625 3303 1789 3374 horreum

235 3443 257 3494 a
274 3422 417 3524 custode
443 3421 624 3493 locandum
651 3427 687 3493 et
706 3422 804 3493 valor
831 3422 906 3515 eius
924 3422 1128 3493 aestimatur
1155 3422 1200 3493 ad
1219 3427 1393 3512 quatuor,
1411 3422 1599 3514 aliquando
1626 3422 1671 3495 ad
1691 3423 1789 3513 quin-

235 3564 303 3635 que
329 3563 483 3632 maroas;
509 3542 619 3614 altero
646 3562 730 3614 vero
757 3563 848 3614 anno
875 3542 1024 3633 percipit
1064 3563 1140 3613 eam
1166 3541 1365 3632 praebenda
1404 3543 1644 3636 Kyelcziensis
1661 3543 1790 3635 appel-

234 3665 308 3736 lata
334 3663 603 3736 Pirzszniczska.
643 3664 731 3736 Item
767 3662 935 3735 decimam
971 3664 1170 3754 canapalem
1205 3663 1344 3736 solvunt
1370 3686 1433 3756 per
1461 3670 1611 3755 quatuor
1636 3657 1793 3755 ierugas'3

235 3786 319 3858 item
345 3806 415 3858 non
442 3790 496 3857 est
522 3785 661 3877 aliquod
688 3784 869 3875 praedium
905 3784 1100 3877 episcopale
1126 3785 1162 3855 in
1189 3783 1369 3876 praedicta
1395 3786 1496 3876 villa,
1527 3784 1612 3857 item
1639 3807 1708 3858 non
1726 3788 1791 3857 'est

237 3907 406 3999 scoltetia,
433 3908 531 4006 item·
544 3928 614 3978 non
641 3911 722 3979 sunt
747 3907 934 3996 tabernae,
961 3906 1044 3978 item
1071 3926 1140 3979 non
1167 3911 1248 3978 sunt
1274 3907 1504 3978 hortulaniae.

340 4029 520 4118 Kaarrm,
555 4028 638 4099 villa
664 4028 729 4100 sub
756 4028 922 4117 parocbia
944 4027 988 4099 de
1013 4027 1328 4119 Dalyeshicze
1355 4028 1441 4119 sita,
1469 4028 1566 4101 cuius
1592 4028 1790 4119 proprietas

235 4157 274 4224 ot
297 4150 486 4224 dominium
501 4203 506 4209 .
522 4150 567 4221 ad
594 4149 795 4240 episcopum
830 4148 1092 4222 Gracoriensem
1127 4149 1297 4240 pertinet,
1333 4150 1369 4221 in
1396 4171 1465 4240 qua
1492 4154 1574 4222 sunt
1610 4149 1792 4222 duodecim

235 4273 327 4346 lanei
354 4273 606 4362 emethonales,
641 4271 726 4343 item
753 4270 834 4343 duo.
849 4271 1061 4343 scoltetiales
1087 4254 1205 4360 lanei,
1236 4270 1278 4342 de
1306 4271 1431 4362 quibus
1459 4272 1618 4343 omnibus
1646 4270 1794 4356 solvitur
1943 4325 1949 4332 -

129 4447 135 4454 ,
235 4394 368 4467 decima
403 4394 629 4485 manipularis
666 4398 701 4464 et
735 4414 798 4484 per
836 4398 985 4484 quatuor
1020 4393 1158 4483 ierugas
1194 4394 1389 4484 canapalis3
1425 4393 1486 4465 sed
1512 4393 1690 4485 perceptio
1716 4393 1792 4483 ¹taius

132 4494 136 4498 ’
235 4516 422 4588 alternatis
438 4502 591 4588 'vicibus
628 4515 701 4587 sive
738 4515 838 4585 annis
864 4514 1135 4605 diversificatur,
1172 4535 1241 4587 uno
1277 4515 1368 4586 enim
1403 4535 1493 4586 anno
1520 4514 1671 4606 percipit
1697 4514 1792 4586 illam

236 4637 371 4727 integre
407 4636 565 4708 custodia
591 4636 844 4728 Kyelcziensis,
880 4640 916 4706 et
942 4636 1073 4707 ducunt
1107 4655 1184 4707 eam
1220 4637 1419 4708 cmetbones
1454 4633 1617 4727 propriis·
1635 4635 1794 4708 curribus
1881 4689 1886 4702 .

104 4759 108 4765 '
236 4763 275 4830 et
300 4758 407 4829 etiam
434 4758 599 4830 scoltetus
626 4759 661 4829 in
680 4758 844 4830 horreum
870 4756 1051 4829 acustode
1077 4757 1276 4848 locandum,
1305 4758 1458 4829 otxvalor
1485 4758 1691 4829 aestimatur
1717 4757 1791 4856 eius

236 4879 282 4955 ad
300 4878 483 4951 duodecini
509 4900 662 4969 marcas;
690 4880 802 4952 altero
830 4900 912 4952 vero
939 4901 1030 4951 anno
1057 4880 1207 4971 percipit
1232 4899 1308 4951 eam
1335 4878 1535 4969 praebenda
1559 4877 1796 4970 Kyelcziensis
1824 4898 1826 4902 “

237 5000 496 5095 Pyrszniczsna.
535 5002 624 5072 Item
652 5001 688 5072 in
707 5000 828 5073 eadem
847 5001 930 5073 villa
956 5022 1025 5074 non
1043 5006 1097 5072 est
1115 5000 1254 5091 aliquod
1280 5000 1460 5090 praedium
1479 4999 1683 5091 episcopale,
1710 4999 1793 5072 item

221 5133 312 5194 ‘non
339 5127 395 5195 cst
419 5103 575 5214 taberna,
602 5123 685 5194 item
712 5143 782 5194 non
809 5128 891 5195 sunt
916 5122 1144 5195 hortulaniac.
1260 5178 1264 5182 -

344 5244 665 5335 Wnosczowrcza,
688 5243 779 5317 'villa
805 5245 869 5327 sub
892 5244 1056 5337 parocbia
1074 5243 1238 5315 ecclesiae
1264 5241 1308 5313 de
1326 5241 1691 5334 Pyotrkowycne
1718 5240 1795 5331 sita,

240 5365 277 5441 in
298 5386 366 5464 qua
380 5371 467 5446 sunt
483 5366 637 5448 sedecim
662 5366 756 5447 lanei
774 5366 1020 5466 croetbonales,
1046 5365 1144 5449 ouius
1161 5364 1359 5468 proprietas
1386 5346 1426 5448 et
1440 5363 1630 5447 dominium
1646 5362 1799 5466 pertinet
