4050 6054
1663 581 1665 586 .
1696 529 1769 602 205

227 747 265 816 et
289 739 496 833 praebendis
523 735 807 819 Oracorie'usihus
829 737 946 826 plnres
964 735 1164 825 cardinales,
1183 735 1384 807 collectores
1408 740 1444 806 et
1460 736 1573 806 nuntii
1591 754 1652 808 seu
1668 735 1776 827 legati

228 861 409 954 apostolici
436 859 534 928 annis
561 857 689 945 multis,
717 857 841 947 quihus
869 856 1085 944 obeuntibus,
1112 854 1261 945 praefati
1287 855 1408 926 altaris
1435 861 1471 926 et
1489 855 1715 928 scholastriae
1734 878 1775 929 ac

193 1056 196 1061 ,
230 979 503 1074 praebendarum
532 977 811 1048 cracoviensiun
839 975 971 1048 confusi
997 983 1097 1046 erant
1122 982 1330 1067 proventus,
1358 996 1420 1047 nec
1448 980 1585 1066 poterat
1611 976 1775 1068 dignosci,

230 1124 318 1195 quae
345 1101 511 1187 decimae,
540 1119 627 1189 quae
654 1097 793 1187 domuc,
822 1098 880 1188 qui
906 1098 1070 1168 introitus
1097 1095 1141 1167 ad
1169 1097 1296 1186 altare,
1324 1099 1445 1188 etqui
1472 1098 1516 1168 ad
1543 1098 1775 1188 praehendam

230 1231 292 1296 aut
323 1221 563 1295 scholastriam
598 1219 836 1310 pertinebant,
864 1219 928 1289 suh
955 1219 1019 1289 hac
1045 1219 1162 1308 itaque
1189 1218 1393 1291 introituum
1419 1218 1616 1291 confusione
1643 1219 1776 1290 schola

231 1346 316 1417 stria
342 1350 377 1414 et
402 1341 586 1414 nonnullae
612 1339 828 1429 praebendae
848 1339 1101 1428 GracovienseS,
1132 1360 1174 1409 ex
1205 1339 1308 1411 altari
1338 1340 1534 1411 huiusmodi
1564 1341 1776 1414 incrassatae

231 1470 312 1538 sunt
347 1485 408 1554 per
443 1463 656 1552 potentiores
693 1459 942 1550 acceptandae;
969 1460 1079 1531 altare
1106 1480 1188 1531 vero
1215 1461 1408 1532 desolatum
1435 1466 1507 1550 est,
1534 1467 1569 1532 et
1596 1462 1714 1533 datum
1741 1462 1776 1532 in

231 1585 470 1658 exterminium
506 1588 649 1672 propter
684 1582 873 1652 carentiam
896 1587 936 1667 et
962 1581 1135 1670 privilegii
1160 1580 1371 1653 hrudationis
1398 1581 1679 1673 deperditionem,
1705 1583 1779 1655 sola

188 1687 197 1695 ⁵
231 1708 281 1778 illi
308 1704 514 1779 domuncula
541 1707 678 1774 murata
705 1703 739 1772 iu
767 1703 883 1791 platea
908 1702 1110 1791 legatorum,
1137 1707 1229 1773 tecto
1255 1704 1359 1773 etiam
1379 1723 1399 1773 a
1416 1703 1533 1775 multis
1552 1705 1650 1775 annis
1668 1725 1777 1794 usque

231 1827 275 1899 ad
302 1848 477 1898 murorum
505 1825 640 1895 ruinam
667 1843 785 1913 vacua,
813 1822 927 1893 domui
955 1823 1145 1913 capitulari,
1164 1844 1266 1913 quam
1284 1821 1459 1895 Arnoldus
1478 1822 1661 1898 Gallicus
1680 1826 1779 1896 scho-

229 1949 373 2020 lasticus
399 1945 637 2016 Oraooviensis
663 1943 815 2014 muravit
836 1944 1028 2015 incensum
1047 1965 1196 2043 annuum
1215 1945 1311 2037 inea
1328 1945 1494 2034 magistro
1513 1944 1652 2016 scholae
1671 1946 1777 2016 castri

232 2066 470 2140 Gracoviens'is
497 2064 646 2155 reliquit,
674 2065 881 2154 contiguam,
907 2063 1028 2135 relicta
1054 2071 1117 2153 est,
1144 2070 1180 2135 et
1207 2087 1294 2136 unus
1320 2065 1415 2137 locus
1443 2067 1477 2136 in
1504 2066 1638 2157 postico
1665 2086 1779 2138 muro·

232 2210 309 2259 rum
336 2188 513 2258 domorum
541 2186 789 2256 canonicalium
817 2185 915 2273 sitne,
934 2205 1034 2275 quem
1053 2186 1210 2258 consules
1229 2185 1474 2258 cracovienses
1492 2187 1650 2258 nituntur
1666 2185 1780 2258 facere

235 2309 321 2380 iuris
349 2308 411 2396 sui,
438 2308 516 2378 lacu
543 2308 620 2397 ipso
646 2327 668 2376 a
693 2305 940 2376 Vladislao
968 2306 1117 2377 secundo
1144 2313 1181 2377 et
1206 2306 1452 2378 Vladislao
1479 2308 1595 2396 tertio,
1614 2307 1778 2380 Poloniae

234 2430 383 2521 regibus,
411 2429 511 2518 quasi
537 2427 625 2518 regii
653 2432 688 2497 et
715 2448 782 2498 non
811 2427 1033 2499 ecclesiastici
1058 2427 1145 2499 iuris
1171 2427 1262 2500 soret
1288 2429 1484 2519 impetrato,
1511 2428 1697 2500 occulendo
1715 2430 1778 2502 im-

234 2550 464 2642 petrationem
499 2546 695 2619 huiusmodi
731 2547 829 2618 annis
864 2548 1000 2638 multis,
1028 2548 1136 2620 donec
1162 2549 1297 2621 veniret
1322 2550 1358 2621 in
1385 2549 1591 2621 oblivionem
1618 2554 1655 2639 et
1680 2570 1780 2640 prae-
1912 2638 1921 2649 Ι

234 2666 473 2759 scriptionem,
499 2665 677 2739 iohannes
705 2665 843 2737 tandem
871 2666 1105 2756 Dlugosch
1133 2667 1248 2738 senior
1275 2674 1311 2737 et
1337 2666 1512 2740 Johannes
1539 2668 1652 2740 iunior
1677 2669 1780 2740 Dln-
1824 2731 1826 2735 ,

232 2788 382 2879 gosch,
409 2787 564 2858 canonici
591 2786 853 2876 Craoovienses,
881 2793 1010 2858 sortem
1036 2787 1266 2859 miserabilem
1294 2770 1415 2859 altaris
1441 2787 1590 2878 praefati
1616 2787 1782 2877 miserati,

232 2909 316 2980 data
331 2907 442 2978 domo
469 2913 607 2978 murata
634 2905 784 2978 secunda
810 2907 854 2978 ah
881 2907 954 2979 acie
981 2907 1016 2979 in
1043 2914 1143 2996 parte
1169 2907 1276 2997 laeva,
1302 2907 1346 2980 de
1370 2912 1482 2980 castro
1509 2909 1631 2998 eundo,
1648 2908 1685 2980 in
1703 2929 1782 2999 per·

232 3034 373 3120 potuum
401 3028 598 3100 consistorii
625 3027 863 3101 Cracoviensis
889 3029 1108 3117 domicilium,
1135 3028 1359 3101 obtinuerunt
1384 3050 1447 3120 per
1474 3028 1682 3102 Thomam
1709 3030 1781 3120 epi-

235 3171 374 3242 scopum
402 3149 664 3221 Gracoviensem
692 3148 858 3220 decimam
886 3150 1134 3241 manipularem
1161 3169 1300 3222 mensae
1322 3148 1527 3241 episcopalis
1545 3152 1581 3222 in
1600 3150 1782 3242 Strosza,

235 3271 317 3342 villa
342 3292 450 3362 prope
476 3269 717 3360 Krzydlna
742 3272 812 3341 sita
837 3270 949 3361 adiici,
977 3277 1013 3343 et
1041 3272 1094 3342 ius
1112 3276 1318 3361 patronatus
1336 3271 1457 3343 altaris
1475 3272 1643 3369 praedicti
1661 3272 1728 3344 sihi
1746 3252 1783 3343 et

174 3407 177 3411 ’
236 3392 347 3481 stirpi,
374 3412 415 3461 ac
438 3391 555 3475 domui
584 3392 666 3463 sua‘e
684 3390 965 3481 Wieniawae,
984 3392 1179 3463 ratificante
1198 3412 1364 3464 consensu
1383 3393 1525 3483 capituli
1543 3391 1781 3465 Gracoviensis

236 3533 340 3603 super
367 3532 433 3603 quo
461 3511 669 3583 sufficientes
694 3512 867 3584 hahentur
892 3513 1041 3601 litterae,
1058 3517 1237 3602 'perpetuo
1264 3511 1430 3601 conferri3
1457 3514 1492 3583 in
1521 3514 1618 3584 cuius
1644 3533 1781 3604 posses-

236 3634 333 3706 sione
360 3633 459 3705 annis
486 3635 553 3704 iam
580 3633 737 3723 plmihus
763 3632 941 3704 constituti
967 3632 1207 3704 domunculam
1233 3632 1353 3705 altaris
1380 3633 1527 3723 praelati
1553 3638 1784 3723 procurarunt

235 3756 279 3827 ad
315 3754 488 3846 integrum
515 3755 680 3845 reparari.
720 3752 841 3824 Altare
868 3753 1060 3845 praelatum
1087 3759 1186 3824 tenet
1211 3774 1303 3825 nunc
1328 3752 1492 3824 Nicolans
1518 3752 1562 3825 dc
1588 3753 1733 3825 Radlo
1743 3777 1783 3844 w,

235 3876 454 3967 praepositus
494 3850 748 3946 Tarnoviensis.
791 3875 879 3946 Item
917 3874 1026 3959 altare
1070 3872 1262 3965 praefatum
1302 3874 1408 3946 hahet
1442 3874 1553 3948 lacum
1586 3875 1714 3947 honum
1749 3876 1785 3947 in

233 3996 366 4096 postico
394 3996 572 4069 domorum
598 3995 855 4085 canonicalium,
882 3994 990 4086 partis
1017 3995 1179 4066 sinistrae
1206 3993 1318 4066 eundo
1345 3993 1388 4064 de
1416 4000 1548 4086 castro,
1570 3996 1652 4068 item
1679 3997 1785 4070 habet

236 4119 373 4191 domum
408 4124 580 4191 muratam
616 4119 651 4188 in
687 4117 802 4208 platea
835 4116 941 4208 legati
976 4117 1063 4188 hene
1098 4116 1322 4205 aedificatam,
1359 4137 1447 4206 qnae
1470 4138 1533 4208 pro
1565 4119 1694 4189 arendo
1724 4140 1785 4210 po-

236 4245 307 4312 test
342 4240 476 4312 solvere
513 4239 628 4310 decem
665 4232 818 4326 marcas3
845 4239 928 4310 item
963 4238 1069 4309 hahet
1104 4237 1269 4307 decimam
1296 4236 1505 4328 praedialem
1531 4240 1568 4310 in
1595 4239 1785 4314 Slawos-

237 4361 377 4449 achon,
405 4360 497 4450 villa,
524 4381 612 4450 quae
639 4360 745 4431 habet
766 4360 965 4449 parochiam
983 4360 1019 4429 in
1038 4378 1089 4448 se,
1110 4358 1207 4430 cuius
1224 4359 1347 4431 haeres
1365 4357 1547 4431 Janussius
1568 4360 1786 4450 Dlngosch;

236 4482 319 4552 item
346 4481 452 4553 hahet
479 4480 644 4552 decimam
671 4480 920 4578 manipularem
938 4480 973 4550 in
993 4479 1170 4569 Strosza,
1188 4478 1271 4550 villa
1288 4480 1353 4552 snh
1375 4481 1541 4570 parochia
1558 4480 1724 4552 ecclesiae
1744 4481 1795 4585 dex

236 4600 473 4692 Krzydlna
500 4603 574 4692 sita,
603 4603 699 4674 cuius
726 4601 892 4674 haeredes
919 4601 1103 4692 Raphael
1129 4607 1165 4673 et
1190 4600 1436 4691 Ratholdus,
1463 4601 1597 4673 nobiles
1624 4600 1785 4674 dedomo

236 4722 411 4813 Saarna,
438 4722 474 4793 in
502 4744 570 4814 qua
597 4728 678 4794 sunt
705 4744 765 4795 sex
791 4723 883 4794 lanei
910 4723 1142 4794 cmcthonales
1168 4723 1204 4792 in
1231 4726 1342 4813 parte,
1370 4728 1406 4794 et
1432 4724 1471 4793 in
1494 4721 1673 4812 Ratholdi,
1701 4723 1786 4796 item
1930 4809 1937 4829 ¹

158 4846 164 4853 '
237 4844 425 4937 Raphaelis
453 4850 534 4917 sunt
559 4844 740 4918 duodecim
767 4835 982 4932 cmcthones,
1009 4844 1044 4914 in
1072 4845 1185 4916 altera
1210 4843 1395 4916 medietate
1421 4849 1457 4915 et
1483 4849 1596 4934 sorte,
1623 4844 1707 4916 item
1733 4850 1788 4916 ta·

236 4966 347 5037 herna
381 4988 451 5039 una
480 4967 649 5038 hahentes
676 4987 797 5055 agros3
825 4965 867 5035 de
895 4965 1019 5055 quibus
1046 4966 1204 5037 omnihus
1231 4965 1364 5036 decima
1389 4965 1614 5056 manipularis
1642 4967 1790 5041 solvitur

236 5109 300 5179 pro
327 5087 432 5159 altari
457 5088 645 5178 praedicto,
664 5093 700 5158 et
717 5092 880 5159 tenentur
898 5086 993 5157 illam
1013 5088 1211 5158 cmcthones
1229 5086 1354 5158 ducere
1372 5087 1408 5159 in
1425 5089 1588 5160 horreum
1607 5086 1650 5160 ab
1669 5088 1790 5160 altari-

237 5215 293 5281 sta
307 5208 515 5300 >eligendum
543 5215 579 5280 et
606 5209 811 5281 aestimatur
837 5208 936 5280 valor
964 5209 1036 5280 eius
1064 5207 1108 5280 ad
1135 5213 1214 5281 octo
1240 5227 1383 5296 marcas,
1412 5213 1448 5280 et
1467 5208 1605 5281 solvunt
1623 5207 1790 5280 decimam

237 5331 358 5420 canapi
385 5329 564 5402 altaristae
591 5303 655 5420 pc'r
682 5330 767 5402 duas
793 5330 972 5419 ligaturas.
999 5329 1085 5399 Item
1118 5329 1153 5399 in
1186 5327 1305 5400 eadem
1337 5326 1420 5401 villa
1449 5335 1504 5402 est
1534 5350 1623 5401 unus
1658 5328 1789 5420 laneae,

238 5448 299 5543 qui
326 5451 498 5542 quondam
529 5451 598 5526 brit
624 5449 777 5549 scolteti,
805 5451 889 5531 item
915 5449 1062 5529 taberna
1095 5455 1132 5531 et
1162 5438 1405 5549 molendinum,
1435 5449 1541 5529 etiam
1571 5450 1717 5542 scolteti,
1748 5449 1791 5525 de
