4050 6054
328 594 375 676 74

320 808 407 880 duas
425 808 574 878 decimas
592 806 825 895 manipulares
845 803 1092 893 infrascriptas.
1134 803 1285 874 Primam
1311 802 1419 874 babet
1436 802 1600 873 decimam
1621 803 1868 892 manipularem

319 928 355 998 in
381 925 656 1018 Wagyercze
683 912 849 1033 utraqrfl
875 924 1007 995 maiore
1026 931 1062 995 et
1079 925 1227 1013 minore,
1253 924 1345 994 villis
1364 924 1428 995 sub
1446 922 1611 1012 parocbia
1638 923 1801 993 ecclesiae
1828 923 1870 993 de

322 1045 608 1137 Wyeliczka
636 1047 802 1127 instrata
827 1045 966 1136 publica
991 1044 1104 1115 eundo
1131 1064 1174 1114 ex
1200 1043 1415 1133 Bocbnpa
1443 1043 1530 1132 sitis,
1554 1043 1658 1114 unius
1685 1042 1870 1113 dominium

315 1148 356 1237 ’11
380 1167 577 1256 proprietas
610 1186 674 1255 pro
706 1166 829 1237 maiori
861 1171 961 1254 parte
992 1165 1145 1255 pertinet
1176 1164 1220 1235 ad
1247 1164 1358 1234 altare
1390 1162 1549 1234 Omnium
1576 1163 1780 1234 Sanctorum
1807 1184 1870 1251 per

318 1284 643 1375 Nyemyerzam
661 1284 703 1357 de
723 1284 978 1373 Chrzelou,
997 1284 1198 1354 canonicum
1213 1282 1484 1369 Gracoriensem,
1498 1282 1541 1353 (11
1555 1282 1655 1352 domo
1673 1282 1868 1371 Vulpium

318 1400 518 1494 fundatum,
546 1407 658 1476 maior
683 1425 765 1495 pars
793 1404 906 1474 dietae
924 1403 1152 1473 haereditatis
1177 1403 1329 1491 pertinet
1357 1401 1401 1472 ad
1420 1401 1561 1472 Petrum
1587 1401 1868 1491 Kowalpecz,

319 1523 469 1596 nobilem
498 1523 661 1595 dedomo
671 1577 841 1594 ..........
881 1523 921 1593 lu
941 1544 1009 1613 qua
1034 1531 1116 1593 sunt
1142 1542 1265 1593 novem
1292 1522 1384 1593 lanei
1410 1521 1643 1592 cmethonales
1670 1523 1754 1591 item
1781 1520 1869 1590 duae
1996 1610 2010 1619 ..

316 1642 497 1767 tebgruae
523 1644 607 1716 item
634 1664 695 1715 sex
723 1642 942 1715 bortulauiae
968 1642 1137 1713 habentes
1164 1663 1266 1732 agros
1294 1641 1470 1731 speciales,
1498 1641 1684 1731 dequibus
1711 1641 1868 1712 omnibus
1909 1620 2006 1741 ..θ’

316 1760 448 1853 absque
473 1753 699 1835 diminutio'ne
726 1762 874 1835 solvitur
900 1763 1033 1834 decima
1059 1762 1285 1852 manipularis
1310 1783 1374 1851 pro
1401 1761 1533 1832 vicaria
1558 1760 1715 1850 praefata
1742 1768 1778 1830 et
1805 1720 1953 1975 “5³

318 1883 410 1955 citur
435 1885 588 1974 propriis
611 1885 770 1956 curribus
795 1884 831 1954 in
850 1884 1013 1955 horreum
1040 1903 1103 1972 per
1122 1882 1252 1953 incolas
1270 1880 1447 1972 praefatae
1466 1881 1569 1953 villae
1587 1901 1651 1970 pro
1669 1881 1830 1971 vicarios
1927 1940 1931 1947 .

316 2000 458 2075 solvunt
482 2002 649 2075 decimam
677 2004 800 2092 canapi
826 2023 889 2092 per
916 2008 1065 2092 quatuor
1091 2002 1270 2073 iuncturas
1297 2008 1333 2072 et
1361 2002 1565 2073 aestimatur
1592 2001 1692 2072 valor
1715 2000 1867 2071 decimae

315 2121 493 2211 praefatae
527 2123 571 2193 ad
602 2123 726 2213 viginti
752 2142 896 2193 marcas.
939 2121 1018 2192 Non
1049 2129 1104 2192 est
1130 2121 1178 2192 ibi
1206 2123 1314 2210 curia,
1346 2141 1457 2210 neque
1488 2120 1669 2211 praedium
1700 2118 1866 2206 militme,

316 2241 392 2331 sed,
419 2242 604 2332 siquando
631 2242 757 2313 nobilis
784 2242 820 2311 in
839 2242 932 2332 agris
951 2240 1118 2330 depositis
1144 2242 1198 2311 vel
1217 2241 1403 2312 decertatis
1431 2247 1522 2328 arat,
1549 2240 1653 2311 solvit
1679 2245 1715 2312 et
1733 2239 1867 2313 solvere

316 2368 457 2433 tenetur
487 2362 654 2432 decimam
690 2383 755 2451 pro
786 2361 916 2431 vicaria
947 2359 1106 2449 praefata
1136 2360 1172 2430 in
1195 2358 1415 2455 persisterem,
1447 2367 1483 2431 et
1514 2360 1595 2431 licet
1626 2360 1793 2449 plebanus
1824 2359 1867 2430 de

319 2480 591 2571 Wyeliczka
618 2480 767 2571 quodam
784 2464 940 2570 tempor'e
959 2478 1193 2550 intromiserat
1221 2500 1258 2550 se
1277 2480 1320 2551 de
1339 2480 1471 2551 decima
1487 2479 1636 2570 praefati
1654 2479 1795 2566 nobilis,
1813 2486 1867 2548 ta-

316 2619 396 2671 men
415 2594 589 2815 mima
615 2600 737 2671 victus.
1127 2672 1131 2677 .

533 2718 640 2791 babet
670 2718 852 2791 secundam
887 2719 1328 2811 manipularem'deoimam
1353 2720 1389 2790 in
1417 2718 1493 2791 Off
1499 2738 1653 2810 czary,
1688 2719 1771 2789 uilla
1802 2718 1865 2788 sub

317 2838 490 2928 parochia·
508 2838 672 2911 ecclesiae
700 2840 743 2910 de
761 2837 1047 2929 Gyeboltow,
1075 2847 1242 2930 quantum
1269 2840 1314 2911 ad
1341 2840 1490 2931 nobiles,
1516 2845 1684 2930 quantum
1711 2859 1793 2910 vero
1821 2838 1864 2909 ad

318 2957 517 3031 cmethones
534 2961 686 3050 pertinet
704 2959 740 3031 in
758 2958 1020 3051 Korzkyew,
1039 2960 1137 3049 cuius
1155 2960 1352 3031 haereditas
1369 2961 1524 3049 pertinet
1540 2959 1585 3030 ad
1602 2958 1865 3029 Hankonem
1985 3000 1996 3013 α

319 3084 356 3149 11
381 3076 575 3150 Jobannem
609 3079 921 3169 Woiewodka,
948 3081 1082 3152 nobiles
1109 3080 1151 3151 de
1179 3080 1280 3152 domo
1307 3079 1452 3171 0111)γ
1462 3099 1491 3149 1.
1535 3080 1575 3148 ln
1603 3099 1671 3169 qua
1697 3086 1778 3150 sunt
1804 3098 1864 3148 sex

318 3199 409 3270 lanei
428 3199 672 3290 cmetbonaleS,
692 3202 776 3271 item
789 3201 903 3271 nullae
921 3199 1610 3290 111111111111111111111111111111,
1629 3199 1865 3288 1111111111

317 3338 446 3409 parvus
464 3319 508 3390 ad
526 3319 594 3392 duo
612 3321 726 3392 stadia
744 3322 947 3392 aestimatus
966 3319 1069 3391 villae
1086 3321 1233 3410 vicinae,
1261 3320 1422 3390 videlicet
1448 3319 1672 3410 Przybysl
1684 3338 1865 3410 awycze,

318 3457 339 3509 a
357 3438 440 3510 villa
457 3437 679 3532 Offczary
701 3446 848 3531 propter
864 3439 1138 3512 interiectionem
1156 3440 1311 3511 mulieris
1329 3440 1364 3510 in
1383 3439 1503 3510 eodem
1522 3459 1641 3528 campo
1659 3439 1866 3528 abstractus,

297 3528 339 3629 Q
379 3559 510 3633 ¹uibus
536 3561 695 3633 omnibus
722 3561 855 3633 decima
881 3560 1106 3652 manipularis
1135 3560 1283 3632 solvitur
1308 3580 1373 3651 pro
1390 3559 1522 3630 vicaria
1546 3557 1714 3648 praelata,
1742 3566 1779 3629 et
1796 3556 1883 3661 111,

389 3676 586 3785 μ(11111111
605 3682 726 3770 canapi
745 3701 809 3771 per
826 3684 935 3770 quatit
1025 3772 1034 3779 ..
1060 3686 1177 3771 oturas
1200 3687 1237 3751 et
1255 3678 1574 3763 aestimaturvalor
1592 3678 1744 3749 decimae
1764 3674 1898 3767 prae-²·

314 3788 409 3871 fatae
425 3798 471 3873 ad
489 3800 575 3871 (luas
593 3814 737 3872 marcas.
781 3798 870 3873 Sunt
925 3798 935 3817 ⁰
1002 3820 1009 3831 ·
1078 3801 1167 3872 duae
1186 3801 1303 3871 curiae
1321 3799 1488 3870 militares
1512 3807 1547 3869 et
1566 3798 1633 3869 (111
1652 3798 1804 3888 praedia,
1822 3797 1865 3868 de

317 3919 442 4008 quibus
462 3919 687 4009 manipularis
706 3922 838 3993 decima
856 3920 1004 3993 solvitur
1029 3928 1065 3992 et
1083 3921 1231 4010 plebano
1249 3928 1286 3992 et
1303 3920 1467 3990 ecclesiae
1494 3919 1530 3989 in
1548 3915 1610 4009 Gy
1621 3919 1749 3989 ebolt
1761 3919 1865 3989 how.

418 4038 507 4110 Item
533 4041 732 4130 praebenda
757 4040 916 4130 praefata
941 4048 1063 4111 taxata
1090 4047 1144 4111 est
1171 4042 1270 4112 iuxta
1296 4041 1439 4130 antiqua
1464 4044 1625 4128 regestra
1651 4037 1695 4108 ad
1718 4038 1863 4127 triginta

317 4176 461 4231 marcas.

611 4360 1035 4472 CHORUS
1074 4360 1568 4468 SINISTER.

316 4537 693 4624 Archidlaconatua
711 4540 1023 4645 cracoviensis,
1047 4542 1232 4623 secunda
1256 4542 1433 4647 dipnitaa
1457 4547 1553 4647 poet
1576 4490 1861 4621 Pontlfle'efem

438 4663 477 4740 ln
499 4662 683 4744 11111111
707 4660 1003 4764 cracovienal,
1027 4662 1102 4742 aed
1126 4663 1319 4765 primaria
1346 4664 1384 4742 ln
1402 4664 1535 4743 choro
1558 4662 1742 4742 11111111.

419 4879 729 4953 archidiaconatus
746 4877 985 4953 bracariensis
1012 4902 1080 4952 non
1098 4881 1204 4953 habet
1222 4901 1285 4972 pro
1303 4880 1385 4953 dote
1404 4881 1554 4972 aliquam
1572 4880 1689 4952 villam
1708 4887 1768 4952 aut
1786 4878 1861 4951 lun·

314 4998 405 5091 dum,
433 5001 493 5072 sed
510 5000 618 5072 habet
644 5000 793 5072 decimas
818 5000 1051 5092 manipulares
1069 5000 1317 5093 infrascriptos.
1361 5000 1410 5073 Et
1431 5003 1543 5091 primo
1566 5020 1607 5072 11
1623 5000 1861 5090 principaliter

313 5119 421 5192 babet
446 5121 612 5192 decimam
638 5120 886 5210 manipularem
913 5122 949 5192 in
976 5121 1060 5192 villa
1084 5118 1388 5211 Przeszwody
1415 5123 1479 5193 sub
1506 5121 1669 5211 parochia
1697 5120 1860 5192 ecclesiae

313 5239 357 5312 (11
383 5238 706 5313 Ooazczielecz
734 5241 820 5331 sita,
848 5243 944 5314 cuius
966 5242 1162 5332 proprietas
1190 5249 1225 5313 et
1243 5241 1431 5314 dominium
1458 5242 1610 5332 pertinet
1637 5240 1681 5312 ad
1699 5241 1860 5312 abbatem
1970 5230 1999 5277 .-

313 5365 350 5431 et
375 5361 623 5432 monasterium
649 5357 782 5432 Calvi
808 5358 983 5432 Montis
1010 5361 1158 5434 Sanctae
1184 5360 1314 5433 Crucis.
1357 5361 1399 5433 In
1417 5382 1486 5452 qua
1512 5369 1594 5433 sunt
1620 5380 1743 5433 norem
1769 5359 1860 5431 lanei

314 5478 564 5573 11111111111,
596 5481 678 5552 item
713 5501 783 5551 nna
813 5480 961 5552 taberna
995 5480 1128 5553 babens
1159 5500 1276 5571 agros,
1312 5480 1507 5571 dequibus
1538 5481 1697 5572 omnibus
1728 5480 1858 5569 absque
