4050 6054
1722 447 1791 521 191

243 656 282 725 91
313 646 484 722 Matthias
519 648 686 723 haeredes
722 648 765 724 de
801 639 1204 743 Swyaszlrowyoze
1235 649 1361 723 fratres
1388 651 1563 742 germani,
1590 612 1723 725 nobiles
1750 655 1793 726 de
1847 664 1849 668 ‘

239 772 340 844 domo
366 780 403 843 et
428 793 561 863 genere,
582 772 859 864 Srokomlya,
885 794 908 843 a
932 770 1063 845 Jacobs
1091 772 1189 844 Petri
1215 766 1268 843 de‘'
1285 772 1554 862 Tharnova,
1581 780 1618 846 et
1636 776 1792 875 99919919

237 893 395 982 personis
423 893 514 965 iusto
546 894 658 985 pretio
686 898 969 985 comparuerunt,
998 894 1096 966 9119
1124 899 1255 966 sortem
1280 892 1445 963 ecclesiae
1472 891 1693 965 cracoviensi
1720 895 1790 971 col-

238 1013 337 1104 latas,
365 1012 503 1084 domurn
528 1015 728 1085 latericeam
746 1019 991 1103 muraveruut3
1018 1014 1121 1084 huius
1140 1014 1262 1086 domus
1280 1013 1496 1117 inhabitator
1513 1015 1648 1085 ratione
1668 1032 1792 1086 census

237 1132 434 1223 terrestris,
461 1135 497 1205 in
523 1135 760 1206 anniversario
796 1134 966 1206 dictorum
1003 1127 1270 1206 Swieczslai
1296 1139 1332 1207 91
1357 1112 1542 1225 Matthiae,
1569 1135 1790 1207 universitati

238 1254 445 1326 vicariorum
472 1254 750 1326 cracoviensium
787 1276 890 1326 unam
916 1272 1067 1327 marcam
1091 1257 1226 1328 solvere
1253 1261 1401 1345 tenetur,
1429 1257 1564 1332 ratione
1591 1255 1696 1328 91199
1716 1276 1790 1328 cer-

236 1380 296 1446 tae
321 1375 430 1465 partis
457 1395 568 1464 areae,
596 1397 698 1465 quam
725 1375 819 1447 dieta
846 1376 967 1448 domus
984 1375 1122 1449 stabulo
1142 1382 1295 1468 occupat,
1314 1383 1453 1449 tenetur
1470 1377 1689 1467 praebendae
1706 1376 1791 1450 cta·
1877 1397 1883 1401 ·

96 1498 99 1504 '
239 1496 388 1567 curiensi
416 1496 528 1567 dictae
554 1496 587 1568 N
597 1497 847 1586 aazowslra,
876 1517 962 1588 quae
989 1518 1033 1570 ex
1058 1496 1256 1588 praebenda
1280 1497 1445 1571 ecclesiae
1464 1497 1497 1569 S.
1515 1499 1613 1569 Petri
1631 1496 1791 1589 praefata
1848 1536 1857 1558 ο

237 1615 380 1688 1991919
405 1625 469 1707 est,
496 1618 630 1690 solvere
658 1620 756 1689 annis
783 1618 927 1708 singulis
954 1637 1058 1691 uuam
1084 1638 1161 1690 curn
1187 1618 1331 1691 dimidia
1356 1639 1499 1709 marcas,
1518 1638 1623 1709 super
1641 1638 1709 1709 quo
1727 1619 1790 1692 ha·

238 1737 339 1808 betur
365 1738 583 1849 privilegium
611 1738 756 1811 Joanuis
782 1738 1016 1829 Radlyoza
1041 1738 1195 1830 episcopi
1221 1735 1469 1828 cracoviensis,
1496 1760 1558 1811 suo
1585 1745 1621 1810 et
1648 1739 1790 1828 capituli

237 1858 359 1947 sigillis
387 1856 642 1930 communitum.

799 2105 951 2187 Platea
973 2105 1229 2210 hepaczake.
1284 2140 1287 2147 >

340 2325 458 2398 Prima
485 2326 606 2398 domus
633 2327 833 2417 capitularis
858 2327 895 2398 in
922 2327 1040 2417 platea
1066 2328 1173 2417 legati
1191 2328 1227 2398 in
1245 2331 1346 2417 parte
1373 2327 1498 2403 dextra
1524 2329 1603 2419 sita,
1629 2349 1693 2419 per
1712 2328 1788 2404 Ar·
1827 2418 1833 2438 Ι
1872 2325 1877 2331 ’

237 2446 420 2517 noldum
448 2447 491 2518 de
519 2418 992 2538 Thanczynagallicum,
1011 2448 1254 2542 scholasticam
1272 2446 1546 2538 cracoviensem,
1565 2448 1785 2522 collectorem

174 2604 177 2611 ·
236 2567 463 2657 apostolicum
490 2569 525 2638 in
552 2588 659 2657 regno
678 2566 852 2658 Poloniae,
879 2568 914 2639 in
942 2587 1026 2639 area
1051 2567 1236 2658 capitulari
1263 2589 1285 2640 a
1310 2568 1431 2658 primis
1457 2567 1691 2643 fundamentis
1709 2592 1785 2641 mu·

235 2694 314 2758 rata
341 2693 403 2778 est,
431 2689 523 2759 circa
549 2688 687 2760 domum
714 2689 836 2761 altaris
863 2688 1066 2761 Sanctorum
1095 2686 1256 2763 cervasii
1282 2695 1318 2761 et
1345 2688 1498 2762 Protasii
1525 2710 1580 2763 an.
1596 2689 1639 2761 D.
1668 2691 1764 2763 1311
1768 2744 1785 2781 .,

235 2809 294 2898 qui
321 2807 458 2899 quidem
486 2809 663 2880 Arnoldus
690 2807 840 2881 officium
867 2810 1087 2882 collectoriae
1115 2811 1326 2901 apostolicae
1352 2811 1462 2887 ,aunis
1489 2818 1567 2885 octo
1594 2818 1631 2884 91
1657 2807 1782 2901 viginti
1822 2824 1827 2829 '

234 2928 271 3000 in
296 2950 404 3021 regno
430 2928 597 3002 Poloniae
624 2931 819 3021 exercebat,
847 2936 882 3002 et
909 2933 1120 3003 morabatur.
1152 2931 1194 3002 Α.
1220 2931 1262 3001 Ι).
1293 2933 1400 3003 1371.
1429 2934 1464 3003 19
1491 2933 1604 3005 medio
1632 2932 1784 3023 capellae

119 3044 121 3051 ’
232 3050 543 3123 mansionariorum
571 3037 736 3142 sepultus,
763 3051 861 3123 cuius
879 3052 1094 3124 inhabitator
1113 3053 1249 3123 ratione
1267 3073 1391 3124 census
1408 3053 1590 3127 terrestris
1615 3053 1782 3144 magistro

233 3171 372 3243 scholae
399 3172 564 3244 ecclesiae
582 3171 831 3262 Gracoviensis,
859 3173 959 3244 annis
987 3173 1133 3263 singulis
1158 3193 1223 3264 pro
1249 3171 1340 3245 festo
1367 3172 1400 3245 S.
1418 3174 1566 3247 Martini
1592 3172 1679 3245 duas
1706 3193 1783 3245 mun

135 3351 148 3359 .
233 3292 377 3363 dimidia
403 3313 537 3365 marcas
563 3293 698 3366 solvere
725 3299 873 3384 tenatur,
901 3295 966 3365 sub
992 3294 1355 3366 excommunicationis
1382 3314 1497 3384 poena
1513 3314 1576 3387 per
1593 3293 1795 3384 capitulum

233 3413 269 3483 in
296 3412 392 3484 illurn
418 3414 678 3505 promulganda.

336 3533 493 3606 Secunda
520 3535 640 3607 domus
667 3534 869 3623 capitularis
896 3534 932 3605 19
959 3534 1076 3624 919199
1101 3534 1209 3624 legati
1235 3535 1270 3605 in
1298 3533 1399 3624 parts
1425 3531 1551 3607 dextra
1576 3535 1782 3607 199191199-

233 3658 306 3724 tum
331 3653 481 3728 fratrum
506 3656 678 3727 minorum
704 3655 906 3726 monasterii
925 3653 958 3725 S.
976 3654 1154 3725 Francisci
1180 3655 1258 3744 sita,
1284 3673 1348 3744 per
1373 3652 1397 3726 J
1404 3653 1641 3727 aroslaum
1668 3642 1782 3729 archi·

194 3758 201 3800 ²
232 3773 415 3847 diaconum
441 3775 722 3865 Gracoviensem,
758 3775 907 3846 nobilem
940 3774 983 3845 de
1010 3775 1112 3846 domo
1137 3772 1161 3846 J
1170 3758 1337 3866 99999,
1363 3773 1401 3847 19
1426 3793 1529 3847 area.
1546 3774 1731 3866 capitulari
1757 3796 1780 3847 a

231 3895 352 3984 primis
377 3895 611 3969 fundamentis
637 3902 776 3968 murata
801 3902 855 3968 est
881 3918 911 3968 9.
937 3895 979 3965 Ι).
1002 3895 1118 3985 1339,
1145 3895 1243 3967 cuius
1269 3894 1486 3967 inhabitator
1511 3894 1611 3968 iuxta
1638 3896 1780 3986 privile-

168 4053 170 4056 ·
231 4016 326 4105 glum
352 4018 495 4108 capituli
522 4017 760 4091 Cracoviensis
788 4016 901 4108 sigillo
919 4015 943 4089 J
952 4017 1117 4088 999919
1144 4015 1296 4106 episcopi
1322 4020 1359 4087 et
1386 4016 1529 4123 capitpli
1555 4002 1726 4090 munitum
1743 4025 1781 4090 91

231 4136 267 4208 19
286 4138 423 4210 aerario
450 4140 614 4211 ecclesiae
634 4138 872 4211 cracoviensis
891 4138 1090 4227 repositum,
1118 4137 1325 4226 astringitur
1343 4137 1389 4209 ad
1406 4137 1608 4221 solvendum
1626 4139 1778 4229 capellae
1877 4154 1891 4174 ·

231 4255 264 4329 S.
290 4257 473 4332 Laurentii
490 4281 553 4351 per
573 4261 686 4351 ipsum
712 4258 735 4335 J
745 4260 978 4332 aroslaum
1006 4259 1286 4330 archidiaconum
1312 4257 1477 4337 fundatae
1494 4266 1532 4331 et
1549 4267 1718 4350 muratae,
1744 4268 1780 4332 91

231 4379 305 4451 9199
331 4380 491 4453 91919199
518 4402 580 4453 999
607 4382 806 4471 altaristae,
841 4381 978 4452 ratione
1005 4400 1128 4452 999999
1154 4380 1351 4470 terrestris,
1380 4400 1441 4451 sex
1467 4401 1602 4451 marcas
1628 4380 1779 4452 latorum

229 4519 430 4590 grossorum
457 4502 693 4594 Pragensium,
709 4509 782 4594 1991
809 4520 928 4574 aarum
955 4501 1128 4590 valorem;
1163 4500 1250 4573 duas
1277 4501 1438 4572 videlicet
1464 4522 1599 4573 marcas
1625 4501 1662 4572 in
1686 4499 1778 4574 19919

230 4618 263 4691 S.
276 4620 455 4694 ·Stanislai
481 4624 517 4695 in
543 4623 660 4716 Mayo,
687 4624 773 4695 duas
800 4623 979 4714 profesto
1007 4622 1040 4693 S.
1066 4622 1269 4712 Michaelis,
1296 4627 1332 4693 et
1359 4622 1444 4693 duas
1471 4642 1535 4712 pro
1562 4619 1651 4693 19919
1678 4620 1780 4693 Puri-

230 4739 401 4827 litationis
424 4741 469 4815 'S.
495 4743 649 4836 Mariae,
677 4745 777 4816 annis
804 4744 958 4834 singulis.
1003 4742 1089 4815 cnm
1114 4750 1232 4816 autem
1262 4763 1427 4845 99999999
1462 4742 1629 4851 temporis
1655 4741 1778 4815 domus

229 4862 327 4954 ipsa,
345 4856 495 4955 ¹propter
519 4865 716 4958 frequentia
751 4865 928 4954 incendia,
963 4864 1067 4954 longo
1095 4872 1251 4956 ternpore
1278 4871 1390 4936 staret
1409 4852 1582 4953 desolata,
1608 4869 1647 4934 91
1671 4885 1773 4936 nemo

229 4984 445 5057 inveniretur
470 5006 513 5058 ex
540 4987 762 5093 praelatislet
779 4985 952 5056 canonicis
980 4983 1277 5087 Gracoviensibus,
1303 4985 1364 5074 qui
1390 4990 1462 5055 tarn
1484 4985 1584 5073 gravi
1611 4985 1776 5074 pensione

229 5103 273 5175 ad
300 5106 375 5179 9199
401 5099 658 5197 reparationem
686 5094 986 5213 -flectionemqne
1022 5105 1129 5177 vellet
1163 5103 1357 5194 intendere,
1384 5105 1504 5194 pensio
1531 5104 1690 5195 praelata
1716 5127 1777 5178 sen
1836 5184 1839 5189 ,
1900 5094 1911 5105 ”

227 5236 422 5329 9999ῳ99
448 5227 598 5300 latorum
624 5220 834 5332 grossam,
862 5226 907 5296 ad
933 5226 1132 5315 pensionem
1159 5244 1304 5315 9999999
1330 5231 1368 5295 91
1381 5224 1602 5297 tolerabilem
1629 5225 1775 5297 duarum

226 5346 389 5435 videlieet
415 5367 609 5420 marcarum
635 5342 825 5419 communia
850 5346 1017 5437 pecuniae
1042 5344 1208 5417 restricta
1233 5351 1296 5416 est.
