4050 6054
821 693 1192 776 Vicescolasticus.

311 932 420 1003 ‚item
446 931 647 1004 scolasticus
665 931 882 1006 Visliciensis
908 935 1015 1007 habet
1041 933 1238 1024 habereque
1266 934 1443 1005 consuevit
1460 939 1666 1023 perpetuum
1684 934 1776 1007 rica-

228 1055 318 1125 rium
332 1054 405 1124 sive
419 1054 737 1126 vicescholasticum
755 1057 790 1125 in
809 1055 953 1126 ecclesia
971 1054 1178 1145 Visliciensi,
1204 1056 1302 1126 cuius
1319 1055 1395 1144 ipse
1413 1054 1638 1126 scholasticus
1655 1056 1777 1126 unicus
1890 1106 1895 1115 .

145 1218 149 1227 -
227 1181 282 1245 est
308 1174 455 1246 collator
481 1180 517 1246 ct
543 1181 719 1265 patronus,
747 1196 849 1266 quem
875 1177 1081 1247 vicariatum
1108 1196 1199 1247 nunc
1226 1176 1360 1247 obtinet
1386 1174 1552 1245 Nicolaus
1579 1175 1621 1245 de
1649 1175 1778 1246 Bole-

228 1294 474 1387 slauyecz,
500 1316 565 1385 pro
593 1316 660 1387 quo
679 1300 716 1368 et
734 1317 795 1368 suo
823 1296 951 1368 solario
977 1297 1158 1368 consuevit
1184 1295 1308 1366 tollere
1335 1294 1502 1365 decimam
1528 1295 1777 1385 manipularem

230 1416 265 1485 in
293 1410 353 1487 Cu
364 1416 523 1508 chary,
551 1422 630 1507 post
648 1438 751 1507 agros
768 1417 963 1507 praediales
981 1416 1177 1488 scholastici
1194 1415 1420 1504 Visliciensis,
1447 1415 1543 1486 cuius
1557 1414 1656 1486 valor
1674 1416 1779 1486 aesti-

229 1542 344 1607 matur
371 1536 416 1607 ad
443 1537 592 1627 quinque
619 1556 763 1609 marcas.
807 1537 895 1610 Item
922 1536 1159 1627 superioribus
1196 1537 1295 1607 annis
1323 1535 1548 1606 scholasticus
1562 1534 1777 1606 Visliciensis

227 1658 394 1729 vicarium
412 1679 481 1728 non
498 1643 631 1749 habuit,
658 1658 718 1729 sed
731 1658 899 1748 magister
925 1658 1064 1729 scholae
1081 1656 1298 1728 Visliciensis
1315 1656 1437 1728 vicarii
1455 1654 1612 1746 officium,
1632 1656 1662 1725 si
1680 1676 1776 1746 pres-

229 1779 331 1869 byter
358 1784 444 1867 erat,
470 1797 535 1867 per
561 1799 598 1849 se
625 1779 755 1869 ipsum,
783 1779 813 1850 si
839 1779 963 1868 miuus,
988 1797 1174 1868 perunum
1201 1798 1244 1848 ex
1270 1777 1409 1849 vicariis
1436 1776 1631 1865 implebat3.
1656 1797 1776 1848 uerum

231 1898 356 1969 Petrus
383 1898 426 1969 dc
452 1896 655 1971 Wallrow
679 1906 762 1970 tunc
780 1898 1007 1971 scholasticus
1020 1897 1251 1988 Visliciensis,
1278 1899 1430 1968 sentiens
1456 1896 1492 1967 id
1518 1896 1776 1985 dispendiosum
1820 1880 1823 1885 ¹

231 2026 335 2109 atque
363 2019 568 2106 iniuriosum
595 2020 774 2109 ecclesiae,
801 2019 984 2110 specialem
1010 2020 1177 2091 noanon
1204 2018 1367 2107 instituit,
1396 2017 1438 2088 de
1466 2016 1607 2107 capituli
1635 2006 1776 2086 Vielici-

230 2141 321 2211 ensis
339 2140 493 2228 consilio,
521 2140 742 2231 impleturum
757 2140 870 2212 officia
892 2140 1068 2232 ecclesiae,
1086 2145 1122 2211 et
1140 2141 1244 2211 alium
1262 2140 1466 2228 magistrum
1485 2137 1621 2221 scholae
1639 2137 1778 2227 negotia

231 2259 425 2331 scholarum
453 2267 692 2332 tractaturum.
726 2304 729 2310 -

820 2523 1213 2629 mwmmm

334 2743 387 2815 De
413 2744 526 2815 scolae
553 2742 719 2834 magistro
743 2744 946 2816 scolasticus
965 2744 1181 2816 Visliciensis
1206 2742 1369 2835 providet
1385 2766 1448 2835 pro
1473 2765 1535 2817 suo
1552 2743 1778 2834 beneplacito,

230 2865 284 2935 cui
310 2884 373 2953 pro
401 2885 463 2936 suo
490 2884 605 2936 annuo
632 2864 759 2937 solario
787 2865 848 2936 dat
874 2865 1025 2956 dareque
1050 2870 1191 2955 tenetur
1208 2846 1290 2937 ¹tres
1316 2886 1450 2937 marcas
1477 2866 1520 2937 de
1546 2856 1773 2955 proventibus

231 3006 313 3056 suae
341 2985 552 3058 scolastriae.
577 2984 667 3058 Item
693 2986 805 3063 eidem
831 2986 970 3057 scholae
987 2986 1156 3075 magistro
1182 2986 1556 3058 ecclesiaVisliciensis
1591 2986 1652 3057 dat
1678 2985 1777 3056 dare-

231 3127 297 3196 que
324 3111 466 3178 tenetur
491 3127 594 3178 unam
620 3126 770 3178 marcam
797 3107 840 3178 de
865 3108 1031 3197 petitorio
1058 3109 1130 3179 sive
1157 3102 1290 3179 trunco.
1673 3194 1676 3199 ι

334 3228 424 3298 Item
438 3227 645 3300 scholastria
662 3227 878 3300 Visliciensis
891 3226 1049 3317 praelata
1065 3229 1164 3301 iuxta
1181 3235 1301 3301 vetera
1317 3234 1353 3299 et
1370 3248 1461 3299 nova
1477 3234 1635 3318 regestra
1659 3231 1780 3297 taxata

168 3323 171 3327 ”
231 3354 286 3418 est
313 3347 358 3420 ad
385 3348 579 3438 quindecim
604 3368 748 3420 marcas.

750 3609 953 3694 Custodia
970 3610 1285 3694 Wisllciensia.

336 3829 470 3923 Quama
495 3830 712 3906 Visliciensis
739 3833 904 3907 ecclesiae
938 3834 1088 3924 dignitas
1125 3833 1198 3905 sive
1226 3838 1450 3925 personatus
1487 3854 1589 3924 quam
1616 3830 1652 3905 in
1679 3852 1779 3923 prae-

232 3956 423 4027 sentiarum
448 3953 626 4027 Johannes
655 3953 930 4047 Goslawsky
965 3955 1007 4026 de
1043 3952 1271 4046 Goszlaw,
1308 3953 1434 4026 nobilis
1461 3953 1504 4025 de
1531 3954 1633 4026 domo
1664 3954 1779 4024 Wie-

234 4077 278 4147 ni
289 4096 381 4150 awa
404 4083 510 4167 tenet,
530 4097 619 4167 quae
637 4097 680 4147 ex
699 4076 845 4148 ecclesia
862 4075 1106 4167 parochialiin
1126 4073 1291 4148 Ohotel
1317 4079 1400 4147 tunc
1418 4075 1533 4166 ampla
1550 4081 1586 4146 et
1604 4076 1779 4147 fructuosa

232 4195 376 4270 lundata
402 4204 456 4269 est
482 4204 587 4288 atque
613 4197 745 4289 dotata,
772 4203 809 4268 et
836 4198 989 4269 eiusdem
1016 4196 1195 4269 ecclesiae¹
1208 4197 1418 4286 parochialis
1436 4197 1560 4286 villam,
1589 4217 1689 4286 quarn
1707 4197 1779 4285 pri-

232 4319 377 4390 mariam
404 4339 467 4408 pro
495 4339 558 4389 sua
584 4317 665 4389 dote
692 4318 857 4409 habebat,
893 4318 1054 4389 videlicet
1080 4315 1246 4389 Ghotel
1273 4324 1309 4389 et
1335 4326 1468 4407 septem
1495 4317 1643 4389 decimas
1670 4317 1780 4387 mani-

233 4437 558 4527 pularesuidelicet:
577 4438 613 4508 in
632 4437 813 4529 Ghotel‚
840 4438 1414 4529 Dohrowoda,·Baranou‚
1433 4436 1643 4526 Gadaua,
1670 4438 1780 4528 Byc-

234 4557 371 4649 licza,
397 4556 603 4630 Holucza
632 4565 668 4629 et
694 4559 860 4631 suburbio
887 4557 1085 4631 Visliciensi
1112 4559 1246 4650 sortita
1274 4559 1365 4630 unde
1384 4560 1469 4659 etin
1483 4558 1619 4648 signum
1633 4557 1777 4628 huiusce

234 4681 295 4768 rei,
323 4677 498 4769 praefatae
523 4679 689 4751 ecclesiae
717 4680 753 4751 in
789 4680 954 4752 Ghotel
990 4680 1110 4752 unicus
1137 4684 1193 4752 est
1227 4680 1372 4752 collator
1398 4683 1433 4750 et
1457 4682 1626 4768 patronus
1663 4682 1780 4749 custos

234 4798 451 4872 Visliciensis
476 4818 541 4890 pro
568 4806 733 4890 tempore.
1565 4806 1571 4815 '

338 4919 508 5010 Cacum,
544 4919 645 5010 villa,
673 4942 694 4991 a
721 4940 789 5011 qua
814 4919 937 4993 fluvius
965 4921 1026 5011 qui
1052 4920 1173 4992 subter
1199 4918 1294 4991 illam
1321 4917 1490 5008 decurrit,
1527 4918 1778 5006 denominatur,

233 5039 366 5112 habens
401 5041 437 5111 in
465 5061 502 5111 se
529 5040 762 5130 parochialem
795 5041 861 5129 sub
888 5042 990 5113 titulo
1027 5040 1145 5113 Sancti
1181 5036 1348 5129 Stephani
1384 5039 1477 5127 regis
1512 5045 1549 5110 et
1574 5037 1779 5109 confessoris

234 5153 431 5250 ecclesiam,
459 5161 494 5231 in
522 5180 591 5251 qua
617 5167 699 5232 sunt
725 5181 847 5232 novem
882 5161 974 5233 lanei
1001 5160 1254 5250 emethonales‚
1281 5159 1325 5230 ad
1352 5157 1530 5230 custodem
1555 5159 1779 5248 pertinentes,

234 5300 381 5369 quorum
407 5280 553 5370 quilibet
579 5300 643 5370 pro
671 5300 777 5351 censu
801 5301 865 5370 pro
890 5279 980 5352 festo
998 5279 1032 5352 S.
1050 5280 1198 5351 Martini
1224 5280 1329 5350 solvit
1355 5283 1487 5368 septem
1506 5284 1636 5349 scottos
1662 5278 1781 5350 melio·
1924 5276 1927 5281 ’

234 5402 283 5471 ris
310 5408 489 5492 monetae,
520 5402 604 5473 item
629 5401 789 5490 triginta
803 5420 885 5491 oua,
921 5403 1006 5474 item
1032 5402 1119 5474 duos
1146 5420 1283 5492 caseos,
1318 5401 1402 5472 item
1429 5400 1515 5471 duos
1541 5399 1669 5490 gallos,
1696 5399 1780 5472 item

337 5567 386 5609 aa.
398 5567 496 5611 aneae,
1499 5594 1502 5599 ⁴
1576 5538 1616 5598 53
