4080 6068
98 466 106 485 s
238 378 312 455 sca

239 595 312 660 tres
338 585 430 661 lanei
448 582 694 675 emethonales,
721 586 758 654 et
775 580 922 674 quilibet
946 602 1011 673 pro
1029 600 1144 655 annuo
1172 601 1276 655 censu
1298 580 1404 655 solvit
1420 579 1552 655 vicario
1568 577 1794 683 praebendae

237 706 532 799 Dzywhowskiey,
555 706 611 776 cui
628 704 710 776 data
728 710 783 777 est
799 704 836 775 in
853 704 1104 795 proprietatem
1130 708 1167 776 et
1184 703 1319 795 dotem,
1344 722 1409 794 pro
1426 698 1517 775 leste
1544 701 1663 774 Sancti
1689 698 1791 773 Mar-

238 828 304 900 tiui
329 846 433 899 unam
459 845 611 897 marcam
647 831 684 897 et
710 830 787 897 octo
814 828 962 913 scottos,
996 825 1081 896 item
1107 824 1194 897 duos
1221 843 1388 916 capones,
1424 824 1508 896 item
1534 823 1682 914 triginta
1708 842 1789 913 ovo,

239 947 323 1019 item
350 945 437 1018 duos
455 965 593 1035 caseos;
620 945 705 1017 item
728 966 797 1017 non
823 949 989 1017 tenentur
1020 944 1066 1016 ad
1090 944 1224 1035 aliquos
1251 944 1389 1017 labores
1419 950 1482 1017 ant
1506 942 1681 1034 quantas,
1706 943 1797 1015 item

238 1088 308 1140 non
336 1067 475 1140 solvunt
499 1085 674 1155 avenam„
696 1084 807 1155 neque
844 1065 1017 1154 triticum3
1052 1066 1136 1136 item
1170 1086 1239 1136 non
1274 1069 1330 1136 est
1355 1065 1406 1136 ibi
1432 1062 1573 1159 aliquod
1607 1062 1793 1165 praedipm

239 1185 403 1259 ricariale
429 1192 491 1258 aut
507 1186 666 1259 militare.
705 1186 795 1258 ltem
812 1206 883 1259 non
900 1191 955 1258 est
972 1186 1023 1257 ibi
1040 1186 1187 1257 taberna
1213 1205 1283 1257 una
1300 1186 1466 1257 ecclesiae
1493 1184 1535 1257 de
1563 1182 1621 1257 Go
1632 1184 1793 1275 slicze,

239 1307 371 1380 habens
406 1327 528 1398 agros,
561 1307 645 1378 item
672 1310 726 1378 est
751 1305 802 1377 ibi
828 1326 899 1378 nna
924 1306 1123 1378 hortulania
1157 1305 1320 1377 Andreae
1353 1306 1474 1377 militis
1501 1305 1545 1377 de
1572 1302 1796 1378 Goslicze

240 1428 373 1500 habens
400 1447 517 1518 agros,
543 1427 629 1498 item
655 1445 774 1498 ornnes
801 1427 878 1517 agri
904 1426 1153 1517 cmethonales,
1179 1427 1264 1498 item
1290 1427 1367 1517 agri
1391 1427 1577 1516 tabernae,
1603 1426 1688 1498 item
1714 1424 1798 1517 agri

240 1546 459 1619 hortulaniae
490 1547 634 1618 solvunt
668 1545 836 1619 decimam
869 1547 1119 1638 manipularem
1152 1547 1314 1638 episcopo
1340 1544 1562 1619 Gracoriensi
1588 1551 1625 1617 et
1649 1564 1795 1653 mensae

243 1668 337 1759 eius,
363 1673 401 1742 et
418 1667 517 1740 valor
543 1668 618 1740 eius
644 1666 851 1739 aestimatur
877 1668 922 1739 ad
940 1687 1001 1740 sex
1027 1688 1172 1741 marcas.

473 1930 716 2011 Praebeuda
748 1929 1049 2033 laschowska,
1091 1930 1193 2011 allas
1227 1928 1565 2038 Radoazyozska.

344 2148 499 2241 Septima
514 2147 713 2241 praebenda
739 2147 1026 2221 Sandomin'ensis
1044 2149 1143 2240 regia
1168 2148 1339 2240 duplicem
1365 2149 1471 2223 habet
1491 2149 1796 2243 nuncupationem,

242 2290 322 2343 nam
348 2274 385 2341 et
409 2268 638 2342 Jaschowska
662 2275 821 2360 vocatur,
846 2274 992 2360 propter
1017 2267 1159 2341 fundum
1186 2269 1289 2340 villae
1316 2269 1530 2342 Jaszkow
1555 2270 1588 2342 ei
1612 2260 1799 2363 annexum,

243 2396 281 2463 et
297 2389 494 2483 appellatur
519 2389 624 2461 etiam
650 2388 922 2480 Radosziczslca‚
948 2390 994 2461 ab
1016 2389 1143 2481 oppido
1169 2389 1508 2481 Radoschicze,
1536 2391 1572 2461 in
1590 2410 1658 2482 qno
1684 2390 1801 2463 habet

243 2530 342 2583 suam
367 2510 570 2601 primariam
595 2509 779 2601 decimam,
807 2530 910 2600 quarn
935 2531 1027 2582 nunc
1052 2511 1189 2582 obtinet
1212 2509 1366 2583 lacobus
1392 2510 1436 2583 de
1462 2510 1800 2603 Sirachoczyn,

244 2629 370 2704 nobilis
405 2629 576 2703 dedomo
611 2629 920 2721 accipitrum,
956 2651 1044 2722 quae
1080 2650 1123 2702 ex
1149 2630 1291 2703 decimis
1322 2631 1487 2704 ecclesiae
1521 2630 1730 2723 parochialis
1756 2633 1799 2704 in

243 2750 564 2825 Radoschicze
589 2749 734 2823 fundata
760 2757 797 2824 et
819 2751 942 2824 dotata
967 2757 1040 2841 est,
1065 2760 1213 2842 quarum
1239 2751 1381 2825 nomina
1405 2757 1443 2825 et
1469 2752 1623 2825 conditio
1649 2750 1800 2827 inferius
1900 2744 1907 2755 ’

244 2878 447 2963 sequuntur.

348 2992 522 3083 Snuczm,
556 2992 641 3064 villa
675 2993 740 3065 sub
772 2992 938 3083 parochia
964 2994 1128 3065 eeclesiae
1163 2993 1206 3065 de
1242 2992 1397 3086 Lyppa
1423 2994 1508 3086 sita,
1545 2994 1643 3067 cuius
1668 2994 1798 3069 haeres

245 3112 423 3188 lohannes
450 3110 739 3205 Gisziczsky‚
774 3113 900 3185 nobilis
927 3113 970 3186 de
997 3113 1098 3187 domo
1134 3112 1399 3206 Goszdawa,
1434 3116 1470 3186 in
1498 3135 1567 3206 qua
1600 3121 1682 3188 sunt
1714 3118 1797 3189 octo

245 3236 337 3307 lanei
371 3232 623 3325 cmethonales‚
658 3234 853 3324 dequibus
886 3235 1113 3325 manipularis
1146 3234 1279 3307 decima
1313 3241 1350 3308 et
1376 3255 1439 3327 per
1474 3241 1624 3327 quatuor
1653 3236 1798 3327 ierugas

245 3354 420 3446 canapalio
445 3354 593 3428 solvitur
619 3355 837 3446 praebendae
862 3355 1137 3448 Jaszkowskiey,
1165 3363 1202 3429 et
1228 3356 1359 3429 ducunt
1384 3377 1462 3430 eam
1489 3358 1687 3431 emethones
1713 3378 1801 3449 pro·

245 3478 332 3569 priis
359 3477 518 3549 curribus
545 3477 581 3547 in
607 3477 771 3549 horreum
798 3478 1001 3550 acanonico
1028 3477 1209 3550 locandum
1236 3482 1272 3549 et
1297 3478 1396 3550 valor
1421 3479 1495 3549 eius
1522 3479 1726 3551 aestimatur
1751 3480 1801 3551 ad

246 3621 307 3672 sex
324 3618 468 3670 marcas.
507 3597 596 3671 Item
614 3599 762 3670 taberna
779 3619 849 3670 una
866 3598 998 3671 habens
1016 3620 1133 3689 agroS,
1160 3599 1203 3671 de
1222 3601 1346 3690 quibus
1364 3601 1511 3672 solvitur
1537 3601 1670 3673 decima
1687 3600 1800 3673 mani-

245 3720 379 3814 pularis
412 3718 579 3791 ccclesiae
614 3719 805 3810 parochiali
841 3721 876 3791 in
903 3719 1098 3810 Falkow,
1133 3721 1216 3791 item
1243 3721 1479 3812 hortulaniae,
1505 3720 1589 3793 itenr
1615 3721 1799 3813 praedium

246 3842 383 3914 unicum
410 3840 573 3931 militare,
600 3839 643 3912 de
670 3860 738 3933 quo
764 3840 989 3932 manipularis
1017 3841 1149 3912 decima
1176 3842 1324 3915 solvitur
1350 3842 1515 3915 ecclesiae
1541 3842 1734 3933 parochiali
1759 3841 1799 3915 in

246 3962 443 4034 Falkow.
1247 4042 1251 4049 Ι

350 4081 633 4172 Ranoscrnczn,
660 4082 824 4173 oppidum
850 4083 982 4155 habens
1023 4085 1057 4154 in
1085 4104 1122 4155 ae
1148 4083 1380 4173 parochialem
1408 4085 1588 4157 ecclesiam
1613 4089 1798 4175 muratam,

247 4200 292 4275 ad
309 4202 566 4275 serenissimum
592 4201 757 4274 Poloniae
775 4223 891 4293 regem
909 4204 1106 4294 pertinonS,
1133 4205 1169 4274 in
1188 4225 1256 4294 quo
1275 4210 1355 4275 sunt
1374 4204 1553 4277 duodecim
1579 4205 1672 4278 lanei
1697 4205 1799 4296 oppi-

248 4323 433 4413 danorum,
461 4320 651 4414 dequibus
678 4323 903 4414 manipularis
931 4324 1064 4395 decima
1090 4325 1238 4396 solvitur
1257 4326 1474 4416 praebendae
1501 4324 1799 4418 laschlcowskiey‚

248 4449 285 4515 et
303 4443 432 4515 ducunt
458 4442 553 4514 illam
580 4443 744 4535 oppidani
769 4445 806 4516 in
828 4445 991 4517 horreum
1017 4465 1081 4537 per
1107 4447 1308 4518 canonicum
1334 4446 1517 4518 locandum
1544 4452 1580 4518 et
1598 4447 1697 4519 valor
1722 4446 1799 4519 eius

248 4563 451 4636 aestimatur
479 4562 524 4635 ad
551 4571 628 4637 octo
655 4585 807 4654 marcas,
843 4565 1027 4656 aliquando
1055 4567 1099 4637 ad
1126 4567 1252 4637 decem.
1296 4566 1384 4638 item
1411 4567 1577 4638 decimam
1605 4567 1726 4659 canapi
1753 4588 1799 4639 ex

248 4685 390 4775 antiquo
426 4685 583 4776 solvunt,
620 4690 655 4756 et
680 4686 816 4757 solvere
842 4692 1006 4757 tenentur
1042 4707 1105 4777 per
1146 4692 1295 4777 quatuor
1320 4687 1511 4778 ligaturas3
1546 4689 1630 4760 item
1666 4692 1720 4759 est
1746 4687 1799 4758 ibi

248 4805 429 4897 praedium
454 4805 586 4897 regale,
614 4804 656 4876 de
674 4806 770 4878 cuins
797 4807 891 4897 agris
918 4806 1051 4878 decima
1076 4807 1301 4897 manipularis
1329 4808 1476 4880 solvitur
1502 4808 1668 4881 ecclesiae
1693 4828 1799 4898 paro-

249 4926 351 4997 chiali
378 4926 414 4997 in
431 4925 769 5017 Radoschicze;
794 4926 878 4998 item
896 4933 949 4998 est
974 4928 1024 5004 ibi
1042 4927 1232 5017 advocatia
1259 4927 1302 4999 de
1320 4928 1418 5001 cuius
1445 4928 1539 5020 agris
1566 4934 1603 5000 et
1620 4928 1795 5020 aliquibus

251 5047 344 5136 agris
370 5046 546 5118 novalium
565 5046 713 5118 solvitur
734 5047 868 5119 decima
885 5047 1110 5137 manipularis
1133 5048 1298 5120 eeclesiae
1325 5049 1361 5120 in
1388 5048 1649 5140 Oppoc'zno;
1675 5046 1799 5121 Gasi-

249 5167 395 5239 mirus
422 5166 598 5239 Secundus
624 5163 788 5239 Poloniae
814 5188 876 5239 rex
901 5166 1076 5239 fundando
1102 5169 1153 5241 ibi
1175 5169 1365 5261 civitatem,
1392 5168 1436 5242 de
1453 5170 1613 5243 omnibus
1639 5168 1795 5260 antiquis

250 5287 344 5384 apris
368 5287 513 5381 reliquit
533 5285 701 5361 decimam
718 5287 936 5381 praebendae
954 5288 1238 5385 Sandomiriensi‚
1265 5292 1362 5362 cuius
1380 5295 1476 5383 erat;
1502 5289 1545 5361 de
1563 5291 1663 5363 novis
1681 5296 1798 5364 autem
