4050 6054
234 495 309 568 554

231 701 349 790 cappis
376 704 412 770 et
438 691 584 767 caeteris
611 686 776 766 clenodiis
793 713 835 763 ac
852 687 1127 780 necessitatibus,
1145 686 1325 781 splendide
1342 694 1379 760 et
1396 685 1525 779 optime
1543 684 1638 760 illam
1658 704 1796 778 regen-

230 826 284 890 tes
311 824 347 888 et
372 816 593 908 providentes
620 814 655 883 in
683 814 775 884 omni
802 812 1014 882 abundantia
1040 816 1076 881 et
1103 810 1235 899 decore,
1263 831 1339 880 cum
1358 809 1451 879 omni
1470 808 1595 899 studio,
1612 808 1796 899 religione

230 944 267 1009 et
292 937 485 1027 devotione,
511 933 703 1024 praemium
730 928 1006 1003 immarcIscibile
1033 931 1078 1001 ab
1106 930 1236 1021 optimo
1263 928 1337 1000 Deo
1365 929 1573 1019 percepturi.

354 1197 488 1276 Prima
523 1190 763 1299 praebenda
796 1191 1122 1292 Sandeczcnsis,
1156 1188 1508 1271 Obochorowska
1541 1189 1667 1269 dieta.

334 1414 453 1486 Prima
480 1412 726 1486 Sandeczcnsis
753 1411 950 1502 praebenda
977 1418 1122 1483 vocatur
1149 1409 1426 1483 Chochorowslra
1444 1429 1465 1479 a
1482 1408 1565 1481 villa
1582 1406 1798 1480 Ghocho-

230 1536 446 1624 rowiczc,
473 1536 509 1604 in
546 1554 614 1624 qua
639 1535 745 1604 habet
780 1532 945 1604 decimam
972 1531 1220 1622 manipularem
1246 1531 1383 1601 unicam
1409 1531 1445 1599 in
1473 1529 1556 1600 villa
1582 1527 1798 1601 Ghocho-

231 1674 455 1745 rowycze,
483 1674 571 1744 quae
607 1651 658 1722 illi
694 1674 736 1723 ex
772 1651 913 1723 decimis
949 1651 992 1723 de
1027 1650 1300 1740 Podgrodze
1334 1649 1505 1720 attributa
1538 1653 1574 1720 et
1600 1649 1635 1718 in
1666 1649 1798 1721 dotem

232 1775 436 1864 consignata
461 1778 529 1862 est,
558 1792 661 1862 quam
687 1792 778 1842 nunc
803 1776 901 1844 tenet
926 1770 1085 1842 Andreas
1113 1771 1155 1841 de
1173 1771 1375 1841 Walkow
1400 1771 1583 1860 presbyter
1601 1766 1800 1841 Gneznen-

231 1894 279 1965 sis
306 1893 482 1983 dioecesis,
510 1893 606 1962 cuius
634 1891 771 1981 quidem
799 1892 951 1962 decimae
978 1891 1243 1980 descriptionem
1270 1888 1362 1961 infra
1387 1888 1560 1960 faciemus

342 2011 683 2101 Guocnonowrczn,
709 2012 793 2082 villa
828 2013 893 2082 sub
927 2012 1092 2100 parochia
1127 2011 1292 2081 ecclesiae
1330 2010 1372 2081 de
1404 2008 1680 2098 Podgrodze
1706 2009 1800 2102 situ,

232 2133 329 2204 cuius
356 2132 552 2223 proprietas
579 2137 616 2202 et
642 2131 830 2202 dominium
857 2131 902 2202 ad
929 2132 1133 2202 coenobium
1159 2129 1476 2201 Sanctimonialium
1503 2128 1545 2200 de
1572 2128 1801 2220 Antiqua

231 2251 317 2323 San
331 2253 439 2323 decz
466 2252 628 2343 pertinet,
654 2252 692 2320 in
719 2273 787 2341 qua
814 2256 896 2322 sunt
923 2305 930 2320 .
957 2305 966 2320 .
992 2305 1000 2320 .
1027 2251 1118 2321 lanei
1146 2250 1388 2339 cmethonaleS,
1416 2250 1458 2320 de
1486 2249 1611 2339 quibus
1629 2249 1799 2322 solvitur

232 2372 365 2444 decima
390 2372 617 2462 manipularis
643 2376 680 2441 et
706 2391 769 2461 per
788 2378 937 2462 quatuor
954 2371 1094 2460 ierugas
1113 2372 1289 2461 canapalis
1308 2370 1530 2467 praebendae
1544 2369 1681 2460 primae
1698 2368 1801 2442 San·

230 2492 406 2582 deczensi,
432 2498 469 2563 et
505 2492 635 2562 ducunt
671 2511 748 2562 eam
785 2492 982 2564 cmethones
1018 2492 1169 2583 propriis
1196 2492 1355 2562 curribus
1381 2492 1417 2561 in
1443 2493 1606 2562 horreum
1633 2510 1657 2560 a
1683 2510 1803 2581 prae·

230 2612 398 2684 bendario
424 2612 557 2702 primae
583 2610 803 2702 praebendae
829 2611 1021 2702 locandum,
1048 2617 1084 2682 et
1110 2612 1210 2682 valor
1236 2612 1310 2682 eius
1337 2612 1541 2683 aestimatur
1559 2611 1604 2682 ad
1621 2610 1800 2703 sedecim,

230 2732 415 2823 aliquando
442 2731 486 2803 ad
513 2731 638 2821 viginti
664 2751 807 2802 marcas.
834 2731 920 2802 Item
940 2733 1116 2821 tabernae,
1134 2732 1218 2801 item
1236 2731 1475 2820 hortulaniae3
1501 2732 1584 2802 item
1601 2731 1801 2820 praedium

229 2874 298 2924 nou
334 2858 388 2923 est
423 2852 459 2923 in
486 2851 569 2923 villa
596 2850 735 2941 eadem,
762 2852 845 2922 item
872 2853 1032 2923 scoltetia
1058 2873 1128 2923 non
1155 2857 1209 2923 est
1235 2852 1353 2942 aliqua
1379 2853 1445 2942 ibi,
1474 2852 1556 2922 item
1583 2851 1803 2941 praebenda

229 2971 385 3064 praelata
412 2971 691 3044 (lhochorowska
726 2992 793 3042 non
820 2972 927 3043 habet
952 2973 1104 3062 aliquam
1131 2971 1288 3062 domum,
1315 2992 1425 3062 neque
1447 2992 1564 3042 aream
1590 2972 1626 3041 in
1654 2971 1801 3061 oppido

231 3091 468 3164 Sandeczcnsi.

331 3214 419 3284 Item
445 3211 604 3303 praelata
630 3211 828 3302 praebenda
855 3211 1134 3285 cnocnorowska
1159 3217 1282 3284 taxata
1307 3218 1361 3282 est
1388 3211 1431 3283 ad
1459 3267 1467 3283 .
1495 3267 1502 3282 .
1529 3266 1537 3282 .

332 3541 528 3629 Secunda
563 3532 876 3625 Sandeczenaia
910 3544 1164 3647 praebenda,
1198 3544 1309 3624 dieta
1345 3543 1682 3667 lllyeazkowelra.

337 3815 495 3888 Secunda
521 3812 767 3887 Sandeczensis
794 3813 995 3906 praebenda
1020 3819 1165 3887 vocatur
1190 3813 1451 3906 Nyeszkowska
1477 3815 1599 3886 avilla
1615 3814 1793 3907 Nyeaz-

229 3938 344 4027 kow,
376 3938 412 4007 in
450 3958 518 4026 qna
552 3938 658 4007 habet
694 3936 860 4006 decimam
897 3936 1148 4026 manipularem
1184 3936 1339 4025 unicam,
1367 3957 1456 4025 qnae
1489 3936 1541 4006 illi
1568 3956 1611 4007 ex
1637 3936 1790 4009 decimis

230 4056 397 4129 ecclesiae
424 4056 467 4127 de
492 4055 796 4148 Podgrodzye
823 4077 886 4146 pru
913 4055 1018 4127 fundo
1046 4057 1225 4146 attributa,
1253 4056 1352 4126 etin
1379 4054 1494 4126 dotem
1522 4055 1729 4145 consignata
1749 4064 1790 4131 et

233 4177 401 4268 inscripta
428 4182 492 4267 est,
520 4196 620 4267 quam
648 4197 740 4248 nunc
766 4181 864 4247 tenet
888 4175 1059 4247 Matthias
1086 4175 1129 4247 de
1156 4175 1369 4268 Szyczow
1395 4176 1578 4267 presbyter
1597 4175 1789 4249 Wratisla·

231 4297 360 4369 vienus
388 4296 563 4387 dioecesis,
591 4299 688 4369 cuius
716 4297 853 4387 quidem
880 4296 1033 4367 decimae
1060 4295 1327 4387 descriptionem
1353 4294 1444 4367 infra
1469 4295 1642 4369 faciemus.

337 4416 582 4507 Nrnsznowo,
609 4418 693 4489 uilla
719 4417 783 4489 sub
810 4418 976 4506 parochia
1003 4416 1046 4488 de
1073 4416 1255 4506 Podgro
1268 4417 1377 4507 dzye
1404 4417 1481 4508 sita,
1509 4418 1606 4489 cuius
1624 4420 1788 4510 proprIc·

230 4544 286 4610 tas
313 4544 350 4609 et
376 4536 564 4609 dominium
591 4538 742 4628 pertinet
769 4537 813 4608 ad
840 4538 1075 4628 praepositum
1094 4542 1130 4608 et
1148 4537 1394 4610 monasterium
1412 4536 1670 4610 Miechovienae
1688 4532 1788 4612 ordi-

230 4659 284 4729 nis
318 4656 416 4729 Sacri
452 4654 631 4747 Sepulchri
667 4656 838 4729 Dominici
872 4657 1198 4746 lerosolimitarnm,
1226 4658 1262 4727 in
1298 4677 1367 4747 qua
1402 4662 1484 4729 aunt
1518 4663 1653 4748 septem
1689 4659 1788 4734 lanai

231 4777 391 4849 almanici
427 4778 679 4868 cmethonales,
706 4778 823 4868 largos
850 4798 987 4868 campos
1014 4779 1198 4867 habentes,
1226 4777 1269 4848 de
1297 4778 1421 4867 quibus
1448 4779 1606 4851 omnibus
1633 4758 1813 4857 scrutur

231 4897 364 4969 decima
398 4897 623 4987 manipularis
660 4903 696 4968 et
729 4918 794 4988 per
824 4902 974 4987 quatuor
999 4899 1138 4987 ierugas
1165 4897 1340 4988 canapalis
1367 4898 1537 4969 secundae
1563 4899 1788 4989 praebendae

231 5016 468 5109 Sandeczcnsi,
496 5023 532 5088 et
558 5016 687 5089 ducunt
713 5037 789 5089 eam
816 5019 1014 5089 cmethones
1041 5019 1192 5109 propriis
1219 5017 1379 5090 curribus
1406 5019 1441 5088 in
1459 5020 1622 5090 horreum
1640 5038 1663 5090 a
1679 5041 1787 5112 prae·

229 5136 398 5209 bendario
428 5137 599 5210 secundae
625 5137 843 5229 praebendae
869 5137 1059 5227 locandum,
1087 5145 1124 5209 et
1150 5139 1249 5210 valor
1274 5140 1348 5210 eius
1376 5139 1582 5211 aestimatur
1609 5140 1654 5212 ad
1682 5145 1788 5232 qnin-
1815 5142 1818 5147 ’

230 5258 341 5330 decim
366 5278 513 5330 marcas.
539 5260 627 5331 Item
654 5280 723 5330 non
750 5264 805 5330 est
832 5258 881 5329 ibi
908 5258 1047 5347 aliquod
1074 5258 1264 5348 praedium,
1291 5261 1374 5330 item
1402 5281 1471 5331 non
1497 5265 1579 5332 sunt
1603 5258 1788 5357 tabernae,

230 5398 342 5471 neque
377 5379 604 5450 lnortulaniae.
643 5379 732 5450 Item
767 5377 925 5469 praelata
959 5378 1157 5469 praebenda
1183 5380 1442 5471 Nyeszkowska
1467 5381 1574 5453 habet
1600 5366 1718 5456 aream
1747 5390 1788 5463 et
