4050 6054
1671 433 1744 505 297

197 626 478 699 distributionem
505 629 736 718 pecuniarum,
764 630 815 701 sic
839 636 879 701 ut
900 632 1138 722 praemittitur
1162 631 1299 722 factam,
1325 633 1369 704 ad
1397 635 1649 724 expeditionem
1677 636 1746 712 n'on

194 749 475 838 processerimus,
503 754 630 819 extunc
656 748 761 820 iidem
788 751 983 841 terrigenae
1009 752 1053 823 ab
1081 752 1277 824 huiusmodi
1303 755 1458 845 pecuniis
1485 762 1520 827 et
1546 778 1568 827 a
1593 736 1746 833 servitiis

196 868 330 940 ratione
357 867 612 958 praedictarum
641 869 862 959 pecuniarum
889 870 1065 961 faciendis
1094 879 1196 943 ermrt
1223 873 1328 944 soluti
1356 874 1493 964 penitus
1521 880 1557 946 et
1588 877 1746 969 exempti.

195 988 232 1060 Si
258 992 375 1061 autem
401 989 493 1061 inira
519 988 701 1091 decursum
728 990 916 1062 eorundem
943 991 1088 1062 duorum
1111 1013 1288 1082 annorum,
1317 992 1361 1064 ad
1388 995 1643 1086 expeditionem
1669 1018 1746 1071 cnm

194 1108 324 1181 eisdem
350 1109 537 1200 terrigenis
563 1109 693 1181 nostris
719 1110 906 1182 transitum
941 1109 1147 1202 faceremus,
1183 1118 1218 1183 et
1246 1119 1345 1185 extra
1371 1122 1482 1187 metas
1509 1119 1608 1207 regni
1634 1121 1747 1191 nostri
1858 1174 1861 1179 .

193 1229 365 1320 praedicti
388 1229 670 1321 processerimus,
697 1236 824 1303 extunc
851 1231 1021 1322 praedicti
1047 1233 1243 1322 terrigenae
1270 1234 1314 1305 ab
1340 1235 1470 1307 eisdem
1498 1238 1654 1327 pecuniis
1671 1245 1748 1311 eta

195 1350 357 1440 servitiis,
392 1332 577 1442 praetextu
602 1352 790 1423 earundem
827 1353 988 1424 similiter
1021 1359 1102 1424 sunt
1135 1354 1247 1425 soluti.
1283 1352 1506 1430 Absolvimus
1543 1359 1684 1449 insuper
1709 1365 1747 1432 et
1801 1431 1807 1451 ,

194 1478 361 1562 perpetuo
389 1471 574 1544 liberamus
602 1493 720 1545 omnes
738 1479 775 1545 et
792 1473 947 1565 singulos
975 1474 1124 1548 onmium
1152 1480 1350 1548 nostrornm
1376 1478 1630 1568 terrigenarum
1656 1501 1746 1553 cme·

119 1610 121 1614 ’
193 1594 328 1685 thanes,
354 1594 398 1668 ab
416 1592 575 1667 omnibus
598 1595 836 1684 solutionibus,
864 1595 1187 1686 contributionibus,
1215 1598 1462 1686 exactionibus,
1490 1599 1604 1690 datiis,
1629 1605 1753 1697 rectu-¹

194 1714 253 1803 ris,
278 1714 474 1804 laboribus,
500 1715 725 1806 equitaturis,
752 1716 923 1806 angariis,
949 1716 1226 1806 gravaminibus,
1261 1704 1512 1792 frumentorum
1539 1720 1746 1812 dationibus,

194 1835 297 1907 dictis
322 1856 403 1931 aaa·
436 1841 679 1927 praeterquam
706 1835 793 1907 duos
827 1857 986 1927 grossos,
1023 1857 1109 1927 quos
1137 1838 1282 1928 quilibet
1318 1840 1453 1913 emetha
1489 1825 1746 1931 praedictorum

194 1956 447 2047 terrigenarum
483 1956 527 2027 de
554 1956 707 2046 quolibet
743 1956 842 2027 laneo
870 1978 1047 2048 possesso,
1084 1957 1254 2050 scultetis,
1282 1960 1528 2050 servitoribus,
1564 1983 1605 2034 ac
1640 1963 1746 2035 etiam

193 2075 533 2165 molendinatoribus,
561 2077 843 2149 tabernatoribus
862 2081 897 2148 et
915 2078 1117 2170 hortulanis,
1144 2099 1247 2170 agros
1266 2102 1335 2152 non
1353 2081 1546 2156 colentibus
1564 2046 1760 2157 dumtaiat‘

159 2256 164 2263 .
194 2197 367 2325 exceptis,
394 2184 546 2287 ‘siugulis
582 2198 681 2269 aunis
718 2199 753 2268 in
788 2198 942 2285 futurum
975 2197 1117 2273 alesta
1152 2199 1269 2272 Sancti
1292 2201 1489 2298 ‘Michaelis
1525 2201 1745 2293 Archangeli,

195 2336 303 2406 usque
328 2316 374 2389 ad
400 2317 491 2389 diem
519 2315 635 2389 Sancti
662 2317 797 2391 Nicolai
823 2320 923 2392 nobis
955 2320 1089 2393 solvere
1117 2320 1164 2392 sit
1189 2321 1394 2413 adstrictae,
1420 2322 1466 2395 ad
1493 2344 1579 2414 qnos
1608 2322 1745 2414 quidem

194 2435 280 2509 duos
306 2457 446 2528 grossos
473 2437 560 2511 alias
587 2436 819 2513 serenissimo
833 2441 981 2532 principi
1007 2439 1187 2514 Ludovi
1200 2463 1267 2533 co,
1293 2443 1494 2535 Hungariae
1520 2450 1556 2516 et
1572 2436 1747 2517 'Poloniae

66 2604 85 2637 .
194 2558 287 2649 regi,
323 2559 506 2632 solvendos
537 2581 575 2633 se
601 2560 711 2632 libere
746 2561 990 2634 submiserunt.
1026 2560 1125 2649 Quod
1152 2563 1182 2633 si
1209 2562 1300 2634 infra
1334 2564 1525 2654 praefixum
1559 2565 1745 2637 terminum
1828 2594 1831 2599 ’

194 2680 295 2751 nobis
330 2679 447 2770 aliqua
473 2680 556 2753 villa
580 2682 762 2772 pecuniam
798 2681 994 2753 huiusmodi
1032 2682 1167 2754 solvere
1205 2684 1416 2774 neglexerit,
1452 2689 1580 2757 extunc
1605 2691 1746 2756 exactor

193 2805 329 2890 noster,
357 2821 459 2893 quem
484 2822 548 2895 pro
575 2801 729 2874 tollenda
755 2802 874 2874 eadem
900 2803 1037 2875 actione
1063 2803 1262 2876 duxerimus
1280 2803 1535 2897 deputandum,
1562 2805 1598 2877 in
1624 2804 1745 2877 eadem

193 2921 276 3001 villa
301 2942 407 2993 unum
433 2910 575 3015 bovem,
602 2923 737 2995 ratione
773 2923 1044 3014 noneolutionis,
1081 2923 1211 3014 absque
1238 2945 1299 3015 spe
1325 2923 1576 3016 restitutionis,
1602 2924 1747 3013 babebit
1843 2930 1846 2935 ’

192 3040 383 3136 recipiendi
410 3044 639 3118 omnimodam
665 3044 875 3117 facultatem.
903 3045 940 3116 Si
966 3064 1050 3116 vero
1069 3044 1161 3116 inira
1179 3043 1375 3135 quindecim
1401 3045 1475 3118 dies
1493 3050 1575 3137 post
1591 3045 1745 3119 eiusdem

193 3165 293 3237 bovis
318 3167 574 3257 receptionem,
602 3165 722 3238 eadem
749 3166 833 3239 villa
850 3170 887 3238 et
905 3165 1047 3256 quaevis
1073 3165 1143 3237 alia
1161 3165 1291 3239 dictam
1307 3167 1489 3257 pecuniam
1506 3187 1576 3239 non
1593 3166 1746 3257 solverit,

195 3290 319 3357 extunc
344 3285 435 3359 idern
461 3291 603 3359 exactor
630 3292 748 3359 noster
775 3286 860 3359 duos
887 3287 994 3359 boves
1021 3286 1191 3358 consimili
1217 3285 1319 3358 modo
1343 3287 1417 3360 sine
1435 3308 1497 3377 spe
1515 3287 1746 3359 restitutionis

194 3406 341 3497 recipiat
365 3413 470 3497 atque
496 3407 614 3498 tollat,
649 3428 796 3498 poenam
822 3407 966 3479 eandem
993 3408 1198 3479 continuans
1225 3405 1311 3479 duas
1339 3409 1549 3498 septimanas
1576 3405 1746 3496 iterando,

194 3548 371 3618 quousque
415 3528 593 3618 praedicta
627 3528 773 3619 pecunia
808 3526 851 3598 de
886 3528 1005 3599 eadem
1043 3527 1126 3599 villa
1159 3527 1266 3599 luerit
1300 3523 1517 3618 integraliter
1557 3522 1754 3617 persoluta

106 3670 111 3684 ⁴
192 3647 407 3721 Memoratus
435 3649 538 3720 etiam
565 3656 706 3720 exactor
742 3647 998 3739 praedictarum
1033 3647 1258 3739 pecuniarum
1292 3651 1479 3738 praetextu
1505 3649 1625 3735 notae,
1653 3632 1745 3735 quod

192 3791 365 3864 nappaeae
392 3768 535 3859 dicitur,
562 3770 648 3840 uihll
667 3769 783 3859 exigat
801 3790 912 3859 neque
929 3768 1049 3859 tollat;
1076 3771 1268 3858 caeterum,
1296 3768 1326 3838 si
1344 3768 1380 3837 in
1398 3766 1515 3855 aliqua
1532 3770 1629 3837 terra
1646 3767 1745 3856 regni

193 3891 305 3963 nostri
331 3890 555 3963 iustitiarium
583 3890 742 3982 aliquem,
770 3891 1020 3964 communicato
1038 3890 1248 3989 barenorum
1267 3893 1465 3959 nostrorum
1482 3885 1637 3977 consilio,
1664 3905 1748 3957 con-w

192 4011 339 4086 stituere
365 4034 429 4085 nos
455 4012 628 4102 contigat,
648 4010 751 4104 ¹idem
778 4011 988 4083 institiarius
1016 4009 1206 4108 recipiendi
1233 4011 1393 4099 quartae,
1422 4006 1477 4078 vel
1505 4026 1746 4098 quamcunque

193 4133 408 4205 exactionem
435 4153 497 4206 seu
523 4133 752 4224 excogitatam
778 4133 966 4223 pecuniam,
995 4150 1083 4225 quae
1109 4150 1269 4225 oprawae
1295 4126 1433 4218 dicitur,
1459 4148 1565 4227 super
1583 4129 1746 4201 -cmetho-

175 4273 254 4325 mes
281 4252 410 4325 nullam
435 4254 579 4328 babebit
605 4273 669 4325 nec
694 4253 822 4325 babeat
849 4256 1064 4343 potestatem.
1091 4250 1187 4323 Idem
1214 4269 1350 4341 quoque
1376 4246 1586 4321 iustitiarius
1613 4248 1745 4321 nullam

192 4373 337 4448 habebit
361 4373 561 4447 facultatem
589 4375 783 4466 quempiam
809 4370 985 4445 iudicandi
1001 4370 1057 4445 vel
1074 4369 1326 4460 sententiandi,
1352 4376 1596 4461 praeterquam
1622 4368 1745 4460 furem,

192 4513 269 4565 cum
295 4495 399 4569 rebus
434 4495 572 4569 furtivis
607 4495 741 4566 notorie
778 4492 1047 4587 deprehensum,
1082 4489 1138 4562 vel
1173 4490 1210 4562 in
1245 4488 1330 4562 toris
1356 4489 1468 4562 furem
1502 4489 1638 4581 publice
1664 4509 1746 4581 pro·
1837 4530 1857 4541 „

192 4614 377 4689 clamatum
403 4622 440 4688 et
465 4616 716 4708 proscriptum,
754 4634 853 4704 quem
880 4613 1034 4686 iustitiae
1061 4611 1217 4685 debitum
1244 4611 1455 4704 exequendo,
1481 4630 1594 4702 poena
1619 4608 1745 4703 capitis

191 4734 345 4827 plectere
372 4737 494 4827 valeat,
521 4737 618 4808 euius
644 4735 731 4807 luris
758 4732 977 4806 medietatem
1003 4733 1173 4805 bonorum
1199 4752 1262 4823 pro
1290 4752 1327 4803 se
1345 4731 1501 4822 recipiat,
1528 4729 1633 4801 aliam
1660 4748 1744 4801 vero

191 4854 415 4947 medietatem
441 4880 505 4950 pro
532 4857 618 4929 luris
645 4875 762 4945 uxore,
788 4855 846 4927 vel
872 4855 980 4946 ipsius
998 4855 1117 4945 pueris
1135 4858 1197 4924 aut
1215 4851 1376 4926 affinibus
1403 4850 1634 4942 derelinquat.
1652 4846 1746 4930 ,Pro-

191 4968 403 5071 ptereaI'eic)
413 4978 655 5070 promittimus,
671 4976 824 5065 singulos
839 4976 1004 5048 articulos
1019 4980 1055 5047 et
1069 4973 1240 5046 clausulas
1255 4975 1289 5044 in
1304 4971 1495 5064 privilegiis
1509 4969 1746 5043 serenissimo·

192 5119 266 5171 rum
282 5099 486 5190 principum,
501 5098 716 5170 dominorum
731 5095 927 5169 Oasimiri
945 5102 982 5167 et
999 5094 1199 5166 Ludovici
1213 5115 1333 5185 regum
1347 5092 1522 5182 Poloniae,
1548 5072 1747 5181 nostrorum

191 5219 498 5323 praedecessorum
526 5222 724 5305 contentos,
752 5216 959 5305 praesertim
986 5213 1200 5287 commodum
1227 5220 1264 5286 et
1289 5212 1482 5305 profectum
1508 5211 1609 5311 regni
1635 5213 1747 5285 nostri

190 5320 358 5414 Poloniae
376 5360 480 5439 saepe
493 5337 578 5429 ,lati
606 5344 642 5410 et
660 5337 768 5428 ipsius
788 5337 977 5410 incolarum
996 5339 1253 5426 concernentes,
1279 5334 1426 5409 firmiter
1444 5338 1480 5411 et
1496 5331 1745 5439 inviolabiliter

295 5505 343 5550 bib·
357 5506 455 5550 Benene.
1543 5481 1582 5532 88
