4050 6054
1643 434 1717 507 495

171 663 277 715 onum
303 638 472 715 fertonem
499 638 648 714 latorum
675 659 875 732 grossorum
901 634 1130 730 Pragensium
1157 639 1321 713 canonico
1348 639 1474 712 tertiae
1492 641 1720 734 praebendae,

172 765 286 836 dictae
312 763 503 854 Jaszelska,
530 785 594 854 pro
622 763 763 835 decima.
788 762 878 833 Item
895 762 1093 852 praedium.

276 885 363 956 Item
391 885 548 975 praefata
575 884 773 976 praebenda
799 884 907 955 tertia
933 888 1054 955 taxata
1080 888 1134 953 est
1181 883 1203 953 d
1230 939 1237 953 .
1265 938 1272 953 .
1301 939 1308 953 .

613 1144 778 1225 vicaria
810 1147 964 1225 tertiae
998 1145 1280 1251 praebendae.

277 1366 400 1445 Tertia
422 1366 620 1456 praebenda
647 1367 679 1435 S.
706 1367 860 1437 Floriani
887 1367 1061 1457 appellata
1086 1365 1267 1438 Jaszelska
1293 1368 1400 1439 habet
1426 1368 1623 1459 habereque
1642 1390 1723 1440 con-

173 1489 286 1560 suevit
312 1488 476 1559 vicariam
503 1465 706 1576 perpetuam
735 1488 771 1556 iu
798 1488 953 1558 ecclesia.
970 1487 1002 1557 S.
1029 1487 1193 1577 Floriani,
1221 1509 1323 1578 quam
1349 1509 1439 1558 nunc
1457 1488 1563 1560 habet
1582 1489 1719 1561 Blasius

174 1611 217 1681 de
244 1607 400 1680 Gorka
426 1609 618 1697 presbyter,
647 1608 744 1677 cuius
771 1609 954 1679 canonicus
981 1609 1104 1678 tertiae
1132 1608 1349 1697 praebendae
1374 1630 1439 1698 pro
1457 1616 1623 1700 tempore,
1642 1615 1722 1681 ante

173 1731 455 1820 coaequationem
489 1728 751 1818 beneficiorum,
779 1749 856 1808 esse
891 1736 1116 1800 consueverat
1152 1731 1273 1800 unicus
1300 1730 1446 1801 collator
1472 1736 1508 1801 et
1535 1736 1722 1820 patronus3

173 1871 265 1921 nunc
291 1872 374 1922 vero
400 1851 436 1920 in
464 1850 634 1921 communi
662 1849 820 1920 doctores
847 1855 883 1920 et
908 1850 1066 1939 magistri
1093 1849 1229 1938 collegii
1255 1851 1458 1920 artistarum
1475 1850 1668 1922 beneficiati
1687 1853 1723 1922 in

173 1972 318 2043 ecclesia
345 1971 377 2042 S.
404 1971 559 2041 Floriani
587 1991 662 2040 eam
690 1971 879 2059 conferunt,
907 1991 995 2059 quae
1022 1971 1153 2040 vicaria
1178 1970 1285 2041 habet
1310 1971 1353 2041 dc
1380 1970 1484 2041 fundo
1512 1991 1573 2041 seu
1601 1972 1723 2043 introi·

173 2093 269 2163 tibus
294 2093 331 2162 in
358 2092 508 2180 speciali,
536 2091 640 2161 etde
667 2092 865 2161 introitibus
893 2091 1129 2162 communibus
1157 2090 1246 2163 intra
1272 2091 1517 2181 describendis,
1545 2112 1621 2163 cum
1644 2093 1722 2163 aliis

175 2213 312 2283 vicariis
339 2213 536 2301 participat.
572 2211 689 2282 Habet
715 2218 830 2283 tamen
859 2212 995 2282 domum
1023 2212 1199 2300 propriam
1226 2233 1290 2300 pro
1318 2233 1380 2282 sua
1408 2212 1720 2283 inhabitationem

174 2335 391 2422 coemeterio,
420 2334 503 2403 item
530 2333 635 2403 habet
661 2354 682 2401 a
709 2328 910 2403 doctoribus
937 2339 973 2403 et
999 2333 1174 2421 magistris
1193 2333 1384 2422 collegiatis
1403 2354 1467 2422 pro
1486 2354 1599 2404 annuo
1618 2354 1723 2405 ceusu

175 2460 323 2542 quatuor
350 2474 493 2524 marcas.

446 2714 603 2816 Quarta
639 2715 894 2820 praebenda,
928 2718 1037 2796 dicta
1074 2717 1455 2823 lllyeqlowyczska.
1513 2836 1517 2851 ι

285 2933 419 3023 Quarta
453 2936 652 3024 praebenda
687 2936 722 3006 in
759 2937 904 3007 ecclesia
938 2936 971 3008 S.
1008 2937 1163 3008 Floriani
1199 2939 1394 3027 appellatur
1420 2936 1720 3029 Nycglouryczska,

173 3055 487 3126 denominationem
514 3077 700 3129 sumeusa
726 3057 909 3148 principali
937 3057 1069 3128 decima
1095 3059 1440 3148 manipulari-qnam
1464 3060 1570 3130 habet
1586 3060 1622 3129 iu
1640 3061 1724 3130 villa

173 3175 515 3268 Nyeglowyecq
539 3181 642 3267 quam
660 3199 751 3248 nunc
769 3182 865 3248 tenet
882 3179 1047 3266 magister
1066 3178 1225 3250 Andreas
1244 3179 1286 3249 de
1304 3179 1578 3268 stargardia
1605 3199 1723 3250 sacrae

172 3296 368 3386 theologiae
395 3298 640 3369 baccalaureus
667 3297 845 3386 formatus,
873 3319 960 3388 quae
988 3299 1124 3388 quidem
1152 3305 1232 3370 aute
1260 3300 1545 3389 adaequationem
1572 3300 1724 3371 habebat

174 3439 237 3508 pro
265 3439 329 3488 sua
355 3419 436 3490 dote
463 3425 499 3490 et
526 3409 631 3490 iundo
659 3419 809 3490 decimas
836 3418 1085 3508 infrascriptae.
1465 3421 1467 3426 ’

429 3658 629 3763 Decimae
663 3682 947 3786 manipulares
980 3688 1156 3785 quartae
1191 3682 1472 3787 praebendae.

279 3904 582 3994 Nunonowrcas,
619 3904 701 3975 villa
733 3904 796 3975 sub
823 3904 989 3994 parochia
1016 3906 1180 3975 ecclesiae
1217 3906 1259 3976 de
1286 3905 1309 3975 J
1318 3905 1475 3996 aszyel
1504 3907 1589 3994 sita,
1625 3907 1722 3979 cuius

173 4028 376 4118 proprietas
398 4033 435 4097 at
462 4026 650 4096 dominium
676 4026 720 4096 ad
747 4026 897 4097 nobilem
934 4025 1142 4096 Clementem
1171 4026 1352 4116 Tursky
1379 4026 1422 4097 de
1449 4028 1554 4098 armis
1582 4026 1722 4100 (lan-c-

173 4168 325 4221 rorum
352 4148 512 4237 pertinet
541 4148 576 4218 in
595 4169 664 4238 qua
681 4154 762 4219 suut
788 4147 880 4217 lanei
907 4148 1149 4236 cmethonales,
1177 4147 1363 4237 dequibus
1391 4150 1548 4220 omnibus
1576 4150 1722 4220 solvitur

174 4270 306 4340 decima
330 4268 556 4359 manipularis
584 4269 747 4339 canonico
776 4274 921 4358 quartae
947 4268 1176 4356 praebendae,
1203 4274 1240 4339 et
1258 4268 1389 4338 ducunt
1415 4289 1491 4341 earu
1523 4271 1721 4341 cmethones
1756 4243 1766 4254 ’

175 4391 324 4480 propriis
351 4391 508 4460 curribus
545 4390 580 4459 iu
607 4389 769 4460 horreum
797 4411 818 4459 a
844 4389 1008 4460 canonico
1034 4389 1233 4479 locandum,
1270 4391 1366 4460 cuius
1393 4391 1491 4461 valor
1518 4391 1721 4462 aestimatur

175 4512 219 4582 ad
246 4517 324 4582 octo
350 4531 494 4581 marcas.
536 4511 625 4581 Item
652 4512 799 4582 taberna
825 4531 896 4581 una
921 4510 1053 4581 habens
1080 4530 1195 4600 agrm,
1224 4515 1259 4580 et
1286 4511 1390 4582 solvit
1416 4510 1583 4581 decimam
1611 4513 1721 4583 mani-

174 4634 330 4722 pularem
356 4633 392 4701 in
416 4628 623 4726 pontiliacum
648 4653 711 4720 pro
726 4619 898 4701 'canonico
926 4631 958 4701 S.
976 4630 1141 4702 Floriani.
1168 4632 1257 4701 item
1275 4632 1494 4703 hortulaniae
1521 4639 1604 4722 tres,
1632 4655 1720 4723 quae
1753 4720 1755 4724 .

174 4754 304 4824 habeut
330 4773 433 4842 agros
460 4774 503 4822 ex
530 4753 682 4842 pracdi03
710 4753 793 4823 item
819 4751 1008 4842 praedium.
1026 4775 1130 4823 unum
1157 4752 1319 4842 militaro,
1347 4753 1389 4823 de
1417 4754 1513 4824 cuius
1540 4755 1634 4843 agris
1653 4754 1721 4825 sol·

174 4875 269 4945 vitur
295 4874 428 4944 decima
453 4874 678 4963 manipularis
713 4874 877 4944 ecclesiae
904 4873 1096 4962 parochiali
1128 4875 1163 4944 in
1190 4873 1493 4964 Xangnicze,
1511 4896 1620 4966 prope
1648 4875 1722 4948 Pa·

51 4978 67 4996 ’
176 5016 365 5066 czanow.

278 5116 561 5204 Muszrczowu,
597 5114 680 5185 villa
716 5117 779 5187 sub
806 5115 971 5205 parochia
1006 5115 1172 5187 ecclesiae
1208 5116 1250 5186 de
1284 5115 1609 5208 Dambowyecz
1645 5118 1721 5210 sita,

175 5238 495 5326 cuiusproprietas
522 5243 558 5307 et
584 5237 771 5307 dominium
794 5237 838 5307 ad
857 5239 1006 5309 nobilem
1033 5237 1056 5307 J
1066 5237 1303 5313 anussium
1331 5235 1373 5308 dc
1401 5238 1506 5309 armis
1532 5237 1720 5329 Streps-

174 5379 265 5429 rum
293 5360 463 5452 pertinet,
500 5359 534 5429 in
563 5380 629 5447 qua
656 5364 737 5428 sunt
768 5357 860 5429 lanei
887 5358 1136 5450 cmethonales,
1173 5358 1369 5449 dequibus
1404 5359 1553 5433 solvitur
1586 5359 1720 5439 aalma
