4050 6054
233 510 306 581 206

233 716 357 804 quibus
393 714 497 785 datur
532 715 663 785 decima
699 716 924 804 manipularis
960 714 1124 789 ecclesiae
1152 716 1187 785 in
1215 715 1478 806 Krzydlna3.
1494 716 1583 787 item
1613 716 1816 789 hortulani

233 836 280 905 ibi
308 857 376 906 nou
404 842 492 905 sunt.

334 957 421 1035 Item
450 957 559 1027 altare
588 957 779 1045 praelatum
807 964 987 1027 (irroratum
1015 958 1138 1026 estad
1167 968 1239 1027 tres
1258 959 1399 1039 missas3
1427 978 1530 1028 uuam
1548 978 1622 1047 pro
1641 960 1815 1049 peccatis

234 1083 268 1146 et
296 1076 382 1146 duas
408 1098 472 1165 pro
500 1076 670 1146 (ieiunatis
707 1077 856 1146 omnium
885 1077 1034 1147 fidelium
1064 1078 1319 1163 ‹letirnctorurn,
1346 1070 1382 1147 et.
1407 1079 1589 1167 signanter
1618 1076 1814 1150 iohannis

230 1196 375 1266 senioris
410 1202 446 1265 et
479 1196 649 1266 Jolrannis
684 1196 829 1266 iunioris
865 1196 1118 1287 Dlugoscb,
1155 1199 1397 1269 canonicorum
1430 1194 1733 1270 Graeoriens'ium
1773 1206 1812 1269 et

231 1336 371 1386 suorum
398 1314 709 1405 praedecessorum.
1229 1299 1232 1305 ¹

529 1585 673 1665 Altare
706 1584 888 1665 Sanctae
921 1585 1174 1691 Margaritae
1208 1586 1487 1667 monoculum.

337 1806 441 1877 Cuius
469 1806 649 1895 episcopus
677 1806 914 1877 Gracoriensis
941 1829 1004 1896 pro
1032 1812 1187 1897 tempore
1215 1808 1336 1877 unicus
1362 1813 1417 1877 est.
1443 1807 1588 1877 collator
1608 1812 1648 1877 et
1666 1820 1798 1898 patro·
1841 1874 1845 1879 .

232 1948 315 2013 uua,
342 1927 451 1996 altare
488 1926 520 1995 S.
549 1925 795 2015 Margaretbae
823 1929 927 2007 situm
955 1928 989 1996 in
1018 1928 1162 1997 ccclesia
1189 1928 1427 2013 Cracovieusi‚
1455 1928 1585 1997 babens
1614 1927 1794 2017 capellam

234 2047 409 2135 propriam
436 2054 515 2116 anto
544 2048 750 2135 sacristiam,
779 2047 869 2137 quod
897 2047 1138 2119 Nanlrerus
1165 2049 1345 2137 episcopus
1373 2045 1631 2137 (bracariensis,
1660 2048 1797 2121 nobilis

231 2167 274 2237 de
314 2166 414 2237 domo
455 2166 567 2255 Ona,
604 2168 637 2237 in
678 2168 829 2238 sancirent
866 2170 1078 2238 intirmorum
1115 2169 1345 2257 leprosorum,
1378 2169 1412 2237 in
1441 2168 1673 2240 Oracovia
1703 2171 1795 2241 resi·

207 2287 401 2375 ‘dentiunn
438 2287 480 2357 de
516 2288 615 2358 bonis
652 2310 788 2359 nreusao
824 2289 1026 2378 episcopalis
1063 2290 1126 2359 sub
1159 2289 1261 2360 titulo
1289 2289 1321 2358 S.
1348 2288 1595 2378 Margarctlrae
1624 2288 1794 2381 virginis,

231 2407 409 2477 aedificata
437 2428 479 2477 ex
506 2428 603 2479 mmo
631 2408 763 2497 capella
789 2430 818 2478 a.
850 2409 890 2478 ll.
922 2411 1029 2479 1322.
1056 2409 1221 2496 iirrrdarit,
1249 2408 1383 2479 dotavit
1401 2414 1435 2479 et
1456 2409 1576 2496 erexit,
1594 2408 1701 2481 iuxta
1721 2413 1796 2501 pri·

231 2526 394 2616 vilegium
421 2528 572 2599 eiusdem
601 2528 805 2599 Noukeri
841 2530 1010 2619 episcopi,
1038 2530 1128 2618 (prod
1156 2530 1303 2600 babetur
1329 2529 1365 2599 in
1392 2529 1526 2599 aerario
1553 2526 1798 2621 cracoviensi,

232 2647 340 2717 habet
367 2648 561 2738 profundo
589 2647 704 2718 villam
731 2670 870 2719 mensae
897 2649 1100 2739 episcopalis
1128 2648 1155 2718 P
1165 2670 1433 2740 p'eczenegy,
1459 2670 1528 2719 urm
1554 2668 1632 2719 cum
1652 2650 1799 2724 decima

232 2767 439 2857 manipulari
466 2776 502 2839 et
529 2769 686 2840 oumibus
712 2768 882 2840 fructibus
909 2777 945 2839 et
968 2770 1179 2840 utilitatibus
1206 2770 1308 2840 uillae
1327 2769 1500 2856 eiusdem3
1526 2769 1610 2841 item
1628 2768 1799 2847 decimas

232 2889 464 2977 manipulares
491 2910 630 2959 rrransae
658 2890 862 2979 episcopalis
892 2891 925 2959 in
945 2891 1054 2959 villis:
1082 2885 1370 2988 llislrupisscze,
1397 2888 1420 2959 J
1429 2889 1650 2961 aucczicze
1679 2912 1802 2985 prope

232 3006 574 3100 Wyelyczkam,
611 3015 646 3079 et
682 3011 716 3080 in
749 3008 1089 3101 Czp'anonyezo
1124 3031 1232 3100 prope
1259 3010 1633 3101 Smarszouycze.
1662 3010 1802 3087 Altore

233 3128 425 3218 praelatum
458 3136 555 3200 tenet
582 3151 672 3201 nunc
698 3129 889 3202 Stanislaus
917 3131 1224 3220 Supradaslcy,
1252 3131 1377 3201 nobilis
1404 3131 1447 3201 de
1475 3131 1575 3202 donro
1602 3130 1801 3207 Zabawa„

337 3249 534 3321 Notandum
562 3256 686 3339 autem,
715 3252 805 3340 quod
832 3251 915 3321 villa
941 3250 969 3320 P
978 3273 1180 3342 peczp'en
1190 3272 1273 3342 p'eg
1281 3274 1304 3342 y
1331 3272 1394 3341 pro
1420 3250 1525 3322 fundo
1552 3250 1719 3341 praefato
1739 3256 1798 3327 al·

232 3370 301 3440 tari
329 3370 419 3459 data,
446 3393 515 3441 non
543 3377 688 3442 vocatur
714 3393 805 3442 rruno
823 3371 850 3441 P
860 3393 1060 3462 pocayen
1070 3373 1194 3462 pagi,
1222 3371 1282 3441 sed
1309 3372 1419 3442 veteri
1447 3372 1583 3443 nomine
1609 3372 1797 3465 abrogato

232 3497 267 3561 et
294 3490 432 3580 penitus
460 3491 600 3579 abolito,
628 3498 773 3562 vocatur
799 3497 835 3562 ei
861 3493 1060 3562 nonrinatur
1087 3492 1384 3582 mammaeae,
1413 3513 1500 3582 quae
1526 3493 1590 3563 sub
1616 3497 1799 3582 parocbia

233 3611 399 3682 ecclesiae
426 3611 468 3682 da
497 3610 559 3702 Gy
569 3613 858 3700 mallaricus,
891 3620 926 3681 et
953 3633 1060 3701 propo
1087 3612 1227 3684 fluvium
1254 3612 1467 3703 Illubnpa
1494 3613 1561 3683 sita
1587 3619 1658 3701 est,
1698 3638 1796 3706 quae

231 3731 339 3802 habet
366 3732 532 3802 tredecim
558 3732 676 3803 laneos
703 3732 945 3822 emetbonales
964 3740 1000 3803 et
1019 3732 1164 3821 quilibet
1190 3754 1253 3822 pro
1281 3754 1394 3803 aniruo
1423 3754 1527 3803 censu
1556 3732 1794 3808 solviturum

231 3872 391 3940 marcam,
419 3851 505 3923 duos
533 3852 606 3924 dies
634 3853 825 3942 aequaliter
851 3854 886 3922 in
914 3854 1107 3942 septimana
1134 3874 1196 3942 per
1224 3858 1335 3924 totum
1363 3874 1489 3924 annum
1517 3853 1659 3942 proprio
1677 3874 1793 3929 curru

233 3976 294 4040 aut
320 3978 436 4042 aratro
474 3972 618 4062 laborat,
654 3974 739 4044 duos
765 3974 875 4062 gallos
903 3980 939 4042 et
966 3995 1032 4044 ora
1059 3974 1182 4062 viginti
1209 3973 1332 4060 solvit3
1368 3979 1532 4044 tenentur
1558 3973 1664 4045 etiam
1692 3996 1790 4049 eme-

238 4090 361 4160 th'ones
389 4092 502 4162 faeere
534 4092 717 4181 ducturas,
755 4091 815 4162 sed
843 4093 886 4163 ad
914 4094 1084 4164 rationem
1120 4093 1252 4163 dicmur
1280 4094 1315 4162 in
1344 4094 1534 4184 septimana
1569 4094 1792 4188 debitorum,

234 4231 302 4281 nou
342 4205 490 4309 solvunt}
516 4233 659 4283 avenam
697 4233 757 4283 seu
792 4236 891 4307 osep,
929 4234 1039 4303 neque
1076 4235 1203 4284 caseos.
1257 4215 1346 4284 Item
1381 4221 1436 4284 ost.
1471 4214 1505 4283 in
1542 4214 1663 4285 eadem
1700 4216 1791 4290 villa

232 4332 378 4403 taberna
404 4332 534 4403 habens
562 4354 672 4423 agros
701 4353 788 4422 quae
815 4354 878 4422 pro
907 4354 1019 4403 annno
1048 4355 1151 4404 censu
1178 4334 1282 4405 solvit
1309 4334 1395 4404 duas
1414 4355 1613 4425 sexagenas,
1633 4343 1790 4425 quatuor

232 4453 339 4524 babet
365 4452 591 4543 hortulanias‚
619 4454 701 4524 item
729 4476 817 4523 unus
844 4453 1047 4524 hortulanus
1074 4455 1205 4524 babens
1233 4476 1344 4544 agros,
1372 4457 1431 4544 qui
1458 4475 1521 4545 pro
1545 4475 1650 4526 cerrsu
1678 4456 1789 4531 solvit

231 4594 336 4643 urmm
362 4574 531 4644 fertonem
560 4580 595 4644 et
622 4595 725 4644 mmm
753 4574 844 4644 diem
871 4575 1033 4663 pedester
1061 4576 1095 4644 in
1124 4576 1317 4667 septimana
1342 4575 1498 4663 laborat3
1525 4576 1609 4647 item
1634 4583 1692 4647 est
1710 4598 1789 4650 mo-

231 4694 407 4766 lendinum
435 4695 470 4764 iu
497 4695 635 4766 iiumino
662 4694 882 4784 Dlubnia,
911 4716 1031 4766 carens
1059 4696 1168 4786 agris,
1197 4695 1288 4785 quod
1315 4717 1379 4784 pro
1407 4717 1520 4767 annuo
1548 4717 1652 4799 censu
1680 4696 1790 4772 solvit

231 4824 303 4887 tres
330 4836 473 4904 araucas,
501 4817 582 4886 item
610 4838 727 4887 onrrues
755 4817 988 4887 cmotlronales
1016 4817 1090 4905 agri
1109 4823 1145 4887 ot
1161 4817 1326 4887 tabernae
1345 4822 1381 4887 et
1399 4816 1616 4888 hortulaniae
1643 4817 1789 4892 solvunt

232 4936 397 5007 clacimam
426 4937 674 5026 manipularem
711 4937 813 5007 altari
849 4937 1027 5026 praedicto
1056 4946 1090 5008 ct
1119 4937 1248 5007 dirotini
1279 4958 1355 5007 eam
1382 4938 1533 5027 propriis
1561 4938 1722 5010 curribus
1748 4940 1787 5013 in

232 5056 395 5128 borreum
422 5058 547 5128 ibidem
576 5058 610 5128 in
648 5058 931 5147 Biskupicze
967 5064 1003 5128 et
1030 5058 1168 5128 solvunt
1195 5058 1360 5129 (lecimam
1389 5060 1513 5148 canapi
1544 5080 1606 5149 per
1633 5065 1789 5149 quatuor

231 5178 371 5267 iecugas
398 5185 433 5248 et
460 5179 557 5249 valor
584 5180 658 5249 eius
695 5180 897 5250 aestimatur
924 5179 968 5248 ad
995 5178 1143 5255 sedecim
1179 5200 1331 5267 marms3
1367 5179 1451 5250 item
1483 5180 1629 5251 invilla
1662 5182 1788 5255 eadem

233 5304 287 5367 ost
313 5299 410 5369 ouria
435 5300 615 5372 altaristae
641 5301 729 5371 bene
756 5299 947 5389 aedificata,
975 5300 1106 5370 babens
1133 5322 1235 5389 agros
1263 5301 1372 5372 bonos
1398 5300 1609 5391 praediales,
1636 5300 1680 5373 de
1708 5305 1788 5395 qui·
1829 5290 1834 5299 ⁸

233 5416 300 5491 bus
326 5416 494 5491 decimam
520 5421 770 5515 manipularem
796 5421 882 5494 nulli
909 5419 1022 5515 solvit,
1050 5421 1110 5493 sed
1129 5441 1203 5493 eam
1221 5442 1284 5517 pro
1304 5442 1341 5495 se
1359 5421 1520 5497 altarista
1536 5422 1672 5519 recipit
1700 5424 1787 5500 item
