4050 6054
1630 422 1637 431 ,
1706 347 1782 419 571

80 636 82 651 Ι
143 539 144 543 ‘
231 548 409 651 devotos,
427 549 583 649 suaseras
617 555 653 620 et
680 548 870 661 sollicgos
880 549 1051 621 eiusdem
1063 550 1229 623 ecclesiae
1263 551 1516 663 gubernatores
1542 557 1615 623 tam
1643 553 1787 627 vitricos

231 650 435 783 instiQ
428 672 478 743 et
502 667 611 741 destit
595 674 704 756 t,nere
731 668 857 767 quibus
883 670 1093 761 sepulturas,
1118 675 1347 760 testamenta,
1375 671 1568 744 oblationes
1604 679 1641 747 et
1658 674 1786 749 elemo-

230 810 344 883 syrias,
364 784 584 883 pllttsbrica
602 789 673 862 dict
657 796 715 863 ιιι
742 791 907 863 ecclesiae
925 791 1184 881 quomodolibet
1210 793 1378 882 spectant
1369 814 1412 882 ιι,
1439 792 1564 865 tollere
1591 800 1627 867 et
1646 795 1786 887 exigere

230 910 446 1003 permittant,
472 932 536 1001 per
553 912 647 1001 ipsos
666 911 772 983 dante
789 912 957 984 domino
948 934 984 982 m
1002 934 1085 983 usus
1105 919 1317 1004 ornamenta
1343 934 1446 1004 vasa,
1473 913 1655 1006 fabricam,
1682 914 1786 989 deco-

230 1053 303 1104 rem
330 1038 366 1104 et
392 1033 633 1103 necessitatem
662 1032 816 1104 eiusdem
841 1033 1007 1111 ecclesiae
1035 1032 1274 1105 convertenda.
1318 1033 1513 1106 Proventus
1540 1036 1784 1125 praelatorum.

231 1152 415 1224 Caeterum
443 1153 524 1243 quia
542 1159 641 1242 optat
668 1154 822 1242 praemia
849 1153 993 1244 quisque
1020 1154 1128 1243 labor,
1156 1174 1233 1224 cum
1260 1174 1371 1245 noque
1399 1176 1439 1224 os
1458 1155 1557 1226 bovis
1583 1154 1784 1230 triturantis

230 1274 391 1345 convenit
417 1273 572 1363 alligari,
599 1274 685 1344 iuris
713 1294 849 1364 quoque
875 1280 912 1345 et
928 1274 1117 1363 aequitatis
1136 1274 1287 1345 dictante
1315 1274 1444 1364 elogio:
1487 1275 1547 1365 qui
1565 1275 1670 1347 sentit
1688 1298 1785 1367 onus,

229 1395 358 1465 sentire
385 1394 490 1465 debet
516 1400 552 1465 et
578 1394 802 1485 commodum,
828 1399 864 1466 et
890 1395 950 1497 qni
976 1395 1079 1466 altari
1107 1395 1225 1482 servit,
1252 1395 1295 1465 de
1309 1396 1426 1467 ,altari
1453 1396 1558 1467 vivat.
1598 1395 1783 1488 Praeposi-

229 1521 303 1586 tum
330 1522 367 1586 et
393 1516 558 1587 decanum
587 1514 629 1587 de
656 1515 775 1603 bonis,
802 1516 1028 1604 proventibus
1055 1521 1091 1587 et
1110 1516 1251 1587 decimis
1278 1516 1442 1596 ecclesiae
1470 1516 1666 1608 Sandecen,
1694 1539 1782 1608 quae

230 1636 398 1707 hactenus
424 1636 499 1706 eius
526 1642 642 1707 rector
669 1636 810 1725 pacifice
838 1640 873 1707 et
891 1637 1007 1726 quiete
1034 1616 1214 1726 possedit(
1238 1635 1423 1708 Custodem
1453 1637 1495 1709 de
1522 1626 1626 1709 altari
1652 1637 1783 1711 Visita-

229 1758 335 1846 tionis
370 1757 403 1828 S.
438 1757 573 1828 Mariae
609 1756 652 1828 ad
688 1757 907 1829 collationem
942 1763 977 1830 et
1012 1759 1328 1848 praesentationem
1363 1759 1555 1830 considam
1577 1758 1783 1833 Sandecens.

229 1879 435 1968 pertinente.
475 1877 765 1949 Archidiaconum
802 1898 885 1949 vero
920 1884 956 1949 et
982 1879 1165 1949 canonicos
1192 1885 1339 1969 quatuor
1375 1880 1480 1951 certis
1506 1879 1648 1951 decimis
1675 1880 1784 1953 mani·

229 1999 426 2089 pularibus‚
454 1998 598 2069 inferius
626 1997 835 2089 designatis,
862 1999 1026 2071 ecclesiae
1052 2000 1260 2089 parochialis
1289 2001 1322 2071 in
1350 2000 1689 2090 Podegrodzie,
1716 2002 1785 2092 ipsi
1823 2045 1827 2052 -

232 2119 358 2211 oppido
386 2120 572 2191 Sandecen.
600 2120 750 2209 vicinae,
778 2141 866 2209 quae
893 2121 999 2191 etiam
1025 2120 1068 2192 de
1086 2121 1371 2212 iurepatronatus
1399 2127 1434 2194 et
1452 2121 1636 2194 collatione
1662 2129 1784 2195 nostra

230 2240 418 2330 episcopali
453 2261 514 2312 seu
550 2241 725 2311 ordinaria
752 2241 887 2331 existit,
923 2241 1103 2312 voluntate
1138 2247 1330 2331 spontanea
1356 2242 1609 2332 praedictorum
1636 2241 1783 2315 fratrum

230 2365 426 2433 nostrorum
447 2361 591 2451 capituli
608 2362 720 2432 nostri
738 2360 978 2433 Crotoniensis
991 2383 1037 2433 ac
1055 2363 1268 2434 honorabilis
1295 2362 1443 2435 Joannis
1461 2363 1504 2434 de
1522 2363 1782 2454 Wielopole

230 2481 383 2554 eiusdem
419 2482 584 2553 ecclesiae
619 2482 654 2552 in
680 2481 1003 2572 Podagrodzie
1039 2482 1195 2555 moderni
1227 2504 1268 2554 ac
1295 2485 1369 2555 veri
1405 2490 1441 2554 ct
1466 2484 1615 2574 legitimi
1640 2484 1782 2578 plebani

230 2625 291 2675 seu
308 2603 454 2675 rectoris
476 2603 576 2674 adid
594 2603 732 2674 omnino
751 2604 1012 2694 accedentibus,
1039 2609 1192 2697 attento,
1221 2606 1313 2694 quod
1331 2606 1408 2696 ipsa
1425 2605 1572 2676 ecclesia
1589 2606 1625 2676 in
1643 2605 1782 2678 Pode-

228 2724 421 2815 grodzie
448 2725 485 2795 in
511 2726 738 2815 proventibus
765 2732 801 2796 et
818 2724 1026 2815 redditibus,
1054 2730 1089 2797 et
1106 2727 1312 2816 praesertim
1333 2727 1481 2818 decimis
1508 2725 1781 2816 manipularibus

229 2844 392 2919 abundat.
437 2845 596 2919 Vicarios
624 2867 706 2918 vero
734 2846 776 2917 de
795 2846 939 2919 ecclesia
958 2847 1139 2937 utriusque
1165 2846 1370 2919 Sandecz
1398 2853 1434 2918 et
1456 2847 1781 2938 Podagrodzie

228 2966 370 3040 decimis
397 2974 434 3039 et
450 2967 677 3057 proventibus
703 2967 753 3037 ita
777 2973 813 3040 et
830 2968 951 3040 taliter
978 2968 1151 3058 dotamus,
1178 2975 1215 3040 et
1232 2970 1360 3058 primo:
1387 2969 1588 3058 praeposito
1614 2989 1678 3059 pro
1696 2976 1783 3041 tem-

182 3124 184 3129 ·
228 3107 313 3178 pore
341 3087 503 3159 existenti
530 3093 696 3178 tanquam
722 3088 979 3178 principaliori,
1006 3095 1044 3160 et
1062 3110 1162 3179 quem
1189 3089 1300 3160 maior
1328 3089 1481 3160 eiusdem
1508 3089 1686 3161 ecclesiae·
1699 3110 1783 3161 cura

229 3213 265 3280 et
298 3209 452 3299 regimen
489 3208 637 3298 obligat,
674 3209 823 3281 decimas
853 3209 1059 3300 fertonaleS,
1097 3231 1158 3281 seu
1183 3210 1380 3300 pecuniales
1416 3210 1460 3282 de
1486 3211 1609 3300 viginti
1646 3200 1780 3281 duob'v'rs

228 3329 337 3400 laneis
374 3330 410 3400 in
437 3330 604 3402 suburbio
641 3328 828 3401 Sandecen.
864 3331 955 3402 circa
990 3330 1169 3402 ecclesiam
1197 3331 1376 3402 matricem
1402 3329 1436 3402 S.
1462 3330 1645 3402 Adalberti
1672 3331 1782 3401 consi·

228 3452 420 3540 stentibus;
446 3451 530 3522 item
565 3455 678 3522 certos
704 3471 807 3541 agros
843 3471 920 3522 cum
952 3451 1085 3522 decima
1111 3451 1298 3522 earundem
1329 3452 1365 3522 in
1394 3452 1478 3523 villa
1502 3451 1780 3541 Dambrowa,

228 3573 310 3644 item
337 3592 440 3662 agros
467 3572 714 3644 submontanos
746 3572 880 3643 solvere
906 3572 1055 3642 mediam
1083 3592 1290 3662 sexagenam
1317 3572 1467 3643 latorum
1492 3592 1710 3661 grossorum,
1746 3577 1781 3642 ιι

227 3694 373 3764 alteram
400 3692 548 3764 mediam
575 3714 782 3784 sexagenam
808 3693 844 3764 in
871 3693 1061 3781 communi;
1093 3693 1177 3764 item
1204 3713 1306 3783 agros
1334 3691 1475 3782 Cispar,
1511 3692 1685 3764 solventes
1711 3692 1780 3764 fer-

228 3821 346 3888 tonem
372 3813 523 3886 latorum
549 3836 764 3905 grossorum3
800 3815 883 3886 item
911 3834 1049 3886 censum
1076 3814 1178 3886 unius
1206 3834 1397 3904 sexagenae
1424 3835 1445 3884 a
1471 3813 1710 3885 emethonibus
1737 3813 1780 3885 de

228 3933 408 4027 Paszyn
434 3957 497 4026 pro
524 3935 613 4007 festo
641 3935 674 4008 S.
700 3936 968 4027 Margarethae,
1003 3935 1087 4007 item
1114 3957 1135 4007 ι
1162 3935 1306 4008 sculteto
1344 3934 1499 4006 eiusdem
1527 3935 1629 4005 villae
1657 3935 1781 4025 viginti

227 4078 367 4148 grossos
402 4079 466 4147 pro
502 4057 591 4130 festo
628 4057 661 4128 S.
688 4057 842 4129 Martini.
881 4058 970 4130 Item
997 4045 1084 4129 duas
1102 4077 1267 4159 ¹cameras
1292 4055 1573 4147 pannicidarum,
1606 4056 1779 4129 solventes

228 4185 300 4250 tres
327 4199 483 4269 marcas,-
496 4180 580 4251 item
606 4178 788 4250 macellum
814 4178 1030 4273 carnificum,
1065 4177 1204 4269 solvens
1240 4199 1343 4249 unam
1376 4198 1454 4248 cum
1480 4177 1594 4249 media
1620 4198 1781 4267 marcam,

229 4301 312 4371 item
339 4300 407 4372 duo
435 4321 574 4373 scamna
600 4301 733 4371 sutoria
760 4301 932 4372 solventes
959 4320 1063 4373 unam
1081 4280 1257 4389 'marcam3
1284 4299 1366 4371 item
1393 4319 1497 4370 unam
1523 4319 1675 4370 marcam
1702 4319 1781 4370 cen-

229 4442 288 4494 sus
315 4422 421 4494 annui
447 4443 511 4511 pro
530 4422 643 4492 tribus
672 4422 817 4511 institis,
844 4423 926 4493 item
954 4428 1027 4493 tres
1047 4441 1184 4525 marcas
1212 4426 1248 4493 et
1276 4421 1393 4492 decern
1421 4427 1499 4493 octo
1526 4441 1666 4510 grossos
1702 4440 1781 4491 eon-

229 4563 289 4629 ιιιιΙ
315 4544 422 4614 annui
449 4542 491 4615 de
510 4543 669 4615 omnibus
696 4543 808 4614 hortis
835 4543 953 4634 oppidi
980 4542 1184 4633 Sandecen.;
1211 4542 1293 4614 item
1312 4542 1480 4614 decimam
1506 4540 1711 4613 fertonalem
1738 4540 1781 4613 de

228 4664 389 4737 scoltetia
414 4663 700 4753 Phalikowa,
727 4665 812 4737 item
838 4686 902 4755 pro
931 4665 1000 4737 sito
1024 4664 1215 4737 residentia
1250 4671 1287 4736 et
1315 4665 1493 4735 mansione
1525 4661 1781 4754 eidemdomui

227 4784 401 4876 lapideam
434 4806 511 4856 curn
544 4785 659 4857 media
693 4806 794 4876 area,
836 4806 923 4877 quae
958 4786 1045 4857 alias
1080 4785 1146 4859 luit
1181 4785 1322 4877 plebani
1366 4784 1532 4857 ecclesiae
1567 4783 1779 4875 praedictae.
1818 4822 1821 4834 ·

227 4906 317 4979 Item
351 4906 481 4979 decano
517 4906 685 4979 decimam
720 4908 971 5001 manipularem
1000 4912 1082 4998 post
1108 4928 1226 4980 omnes
1258 4912 1294 4979 et
1321 4907 1477 4996 singulos
1503 4927 1607 4996 agros
1634 4905 1670 4976 in
1698 4904 1782 4977 villa

228 5031 349 5100 nostra
382 5027 572 5118 episcopali
614 5028 789 5102 Kurow.
832 5028 932 5121 ,Item
965 5029 1100 5101 custodi
1135 5027 1218 5101 villa
1260 5025 1532 5098 Kamienica
1575 5046 1652 5097 cum
1685 5026 1778 5097 omni

229 5146 382 5219 eiusdem
418 5148 521 5220 villae
562 5148 713 5221 dominio
747 5155 785 5222 et
819 5149 1052 5241 proprietate,
1088 5169 1175 5240 quoe
1211 5148 1297 5218 alias
1333 5148 1378 5219 ad
1411 5147 1521 5218 altare
1557 5145 1779 5218 Visitationis

229 5266 260 5341 S.
278 5267 413 5342 Mariae
440 5268 597 5362 Virginis
632 5273 668 5346 in
704 5271 824 5344 eadem
859 5269 1228 5367 ecclesiQSandecen.
1263 5290 1325 5364 per
1362 5268 1518 5341 consules
1545 5266 1778 5342 Saudecenses
