4050 6054
1634 464 1708 535 465

158 661 234 737 iure
269 662 457 755 parochiali
495 663 769 769 pertinentibus,
806 688 949 757 quaerum
988 667 1124 758 aliquae
1153 664 1187 738 in
1214 666 1364 739 dioecesi
1393 666 1587 740 Grrenrensi
1611 675 1647 740 et
1673 671 1709 740 in

157 784 311 858 vicinata
339 787 456 877 oppidi
479 786 727 878 Cbaczini,
763 789 799 859 in
826 811 893 878 quio
920 790 1054 859 miuera
1080 788 1187 859 lasuri
1214 790 1335 878 optimi
1373 790 1510 860 abunde
1537 789 1709 880 effoditur,

61 1002 72 1010 ·
158 908 362 997 consistunt,
388 906 534 979 fundata
560 914 664 997 atque
692 909 815 979 dotata
841 916 909 997 est,
946 917 981 980 et
1008 911 1043 979 in
1072 931 1217 999 quarum
1244 910 1462 999 possessione
1502 911 1647 999 pacifica
1674 918 1710 982 et

158 1028 328 1120 longaeva
354 1030 554 1119 praebenda
572 1029 730 1117 praelata
751 1030 1080 1120 Sebydlon'yeczska
1106 1030 1171 1100 luit
1198 1038 1233 1101 et
1260 1037 1315 1101 est
1341 1037 1535 1120 atempore
1564 1038 1709 1121 vetusto,

158 1150 251 1241 quod
286 1150 383 1222 nulla
408 1151 584 1221 bominum
620 1152 787 1221 memoria
822 1151 1085 1240 cornprebendit
1120 1173 1189 1222 nou
1216 1152 1404 1239 obstando,
1440 1152 1529 1242 quod
1558 1153 1709 1223 decimae

158 1271 336 1361 praefatae
362 1292 432 1342 nou
457 1272 495 1341 in
522 1273 665 1361 propria
691 1271 912 1343 Cracoviensi
939 1272 1099 1361 dioecesi,
1127 1271 1187 1342 sed
1217 1273 1250 1341 iu
1279 1270 1473 1343 Gueznensi
1500 1274 1614 1343 aliena
1640 1274 1710 1343 sint

159 1392 321 1482 situatae,
339 1412 425 1482 quas
444 1393 641 1481 malignitas
659 1393 901 1463 nonnullorum
922 1393 1145 1481 plebanorum
1165 1392 1208 1462 de
1227 1391 1345 1463 Chae
1357 1394 1450 1463 zini
1470 1394 1513 1463 ad
1531 1416 1568 1461 se
1586 1414 1710 1483 rapere

132 1532 223 1605 ,per
246 1512 430 1602 invidiam,
467 1535 554 1604 quae
586 1514 725 1583 taudem
762 1515 893 1602 optimo
929 1515 1004 1584 iure
1031 1535 1192 1604 repressa
1230 1513 1313 1601 luit,
1351 1515 1566 1585 moliebatur.
1611 1506 1711 1585 Hanc

158 1654 250 1705 nunc
275 1639 373 1706 tenet
398 1632 552 1704 Joannes
579 1632 748 1705 Scalka
774 1634 817 1705 de
845 1634 1051 1725 Szebyen
1079 1635 1265 1703 eanonicus
1292 1633 1562 1725 Cracoriensis,
1582 1636 1708 1707 nobilis

159 1738 205 1826 de
228 1755 334 1826 armis
369 1757 405 1824 et
438 1754 571 1825 familia
606 1754 1008 1845 Biberstinorunr,
1044 1775 1151 1825 cornu
1187 1755 1362 1825 cervinum
1398 1756 1434 1824 in
1467 1775 1587 1844 campo
1623 1758 1709 1826 rubo

96 1918 127 1973 ,¹
159 1874 326 1965 deferens,
353 1876 450 1955 cuins
478 1875 616 1965 quidem
643 1876 862 1964 praebendae
888 1874 1100 1964 infrascripti
1129 1882 1211 1946 sunt
1238 1882 1437 1963 proventus.

261 1996 513 2084 Sarnaowmr,
549 1996 633 2067 nilla
658 1997 723 2067 sub
750 1997 914 2087 parocbia
941 1996 1104 2066 ecclesiae
1141 1996 1343 2084 collegiatae
1370 1996 1605 2087 Kyeloziensis
1632 1997 1708 2087 sita,

81 2194 86 2199 ,
158 2116 284 2189 fundum
311 2118 529 2206 praebendae
556 2117 792 2208 Kyelezieusis
820 2117 1164 2207 Scbydlowyeeaska,
1192 2117 1288 2186 errius
1316 2118 1511 2206 proprietas
1539 2126 1574 2189 et
1601 2119 1709 2189 doni-

159 2239 253 2311 uium
279 2238 325 2310 ad
350 2239 551 2309 canonicum
578 2238 796 2328 praebendae
823 2238 1187 2330 Scbydlou'yeczskicp
1213 2260 1277 2327 pro
1301 2245 1457 2327 tempore
1484 2241 1646 2328 pertinet,
1673 2241 1709 2309 iu

161 2380 229 2449 qua
253 2366 336 2431 sunt
361 2382 422 2430 sex
450 2361 540 2430 lanei
568 2361 819 2449 cnrethonales,
856 2380 1001 2450 quorum
1030 2359 1175 2449 quilibet
1202 2360 1244 2429 de
1271 2360 1391 2448 laneo,
1418 2368 1563 2449 propter
1590 2362 1708 2450 pratici-

162 2485 270 2551 tatem
296 2486 333 2551 et
358 2478 578 2552 sterilitatem
604 2502 777 2571 agrorum,
804 2501 868 2570 pro
887 2502 991 2551 censu
1010 2502 1123 2551 annuo
1143 2480 1247 2550 soluit
1273 2482 1511 2551 tantummodo
1540 2505 1600 2551 seu
1619 2490 1709 2553 scot-

164 2606 219 2671 tos
243 2606 401 2672 monetae
428 2602 559 2673 usualis
578 2609 613 2672 et
631 2603 804 2672 currentis
831 2601 866 2671 in
885 2620 993 2691 regno
1020 2600 1194 2671 Poloniac.
1221 2601 1309 2670 item
1336 2601 1484 2689 praelati
1512 2603 1709 2673 curetbones

163 2741 230 2792 non
255 2720 387 2794 faciunt
412 2722 547 2812 aliquos
573 2722 711 2792 labores
739 2744 802 2811 pro
831 2722 994 2792 canonico
1023 2722 1058 2791 in
1086 2722 1287 2810 septimana,
1315 2722 1376 2790 sed
1403 2722 1526 2791 necin
1555 2728 1630 2793 toto
1657 2724 1709 2792 iu-

160 2848 259 2933 tegro
285 2862 386 2933 anno,
412 2842 496 2913 item
523 2865 591 2914 nou
618 2842 751 2913 faciunt
777 2842 911 2933 aliquas
939 2841 1112 2929 ducturas
1139 2842 1221 2911 item
1249 2840 1396 2931 praelati
1414 2843 1611 2913 cmetbones
1638 2864 1706 2913 nou

102 2978 107 2987 '
159 2963 298 3035 solvunt
323 2984 388 3054 pro
415 2966 577 3035 canonico
605 2986 768 3054 acerram,
801 2985 912 3054 neque
940 2986 1023 3053 ova,
1050 2985 1161 3052 neque
1187 2963 1316 3053 gallos,
1343 2983 1453 3052 neque
1480 2985 1617 3053 cascos,
1644 2985 1707 3035 uec

65 3080 68 3085 ’
159 3083 294 3177 aliquas
320 3084 438 3157 dacias
464 3092 525 3157 aut
553 3086 730 3156 stationes
758 3086 845 3155 ltenr
874 3087 908 3155 in
928 3086 1047 3155 eadem
1075 3085 1159 3154 uilla
1185 3090 1239 3155 est
1267 3085 1442 3174 scoltetuS,
1470 3085 1601 3155 babens
1620 3085 1707 3155 druos

159 3204 278 3277 laneos
304 3205 434 3277 liberos
461 3228 538 3277 cum
556 3208 675 3296 pratis,
703 3207 761 3297 qui
781 3207 891 3277 seruit
918 3206 1081 3276 canonico
1109 3204 1293 3275 deferendo
1321 3205 1467 3294 litteras,
1495 3211 1530 3275 et
1549 3206 1618 3275 alia
1637 3228 1709 3276 ser·

160 3326 245 3429 vitia
271 3326 454 3418 implendo,
483 3334 518 3398 et
544 3328 651 3398 babet
678 3327 861 3416 septimum
889 3327 1069 3396 denarium
1096 3325 1273 3414 decenam
1302 3327 1384 3396 item
1411 3332 1481 3395 tam
1510 3327 1710 3397 criretbones

160 3445 204 3518 de
229 3448 302 3519 suis
327 3448 447 3537 laneis,
475 3470 576 3538 quam
605 3448 770 3518 scultetus
798 3448 840 3517 de
868 3448 949 3537 suis,
976 3447 1114 3518 solvunt
1137 3447 1302 3517 decimam
1331 3446 1579 3535 uranipnlarem
1608 3469 1709 3517 eano-

160 3568 238 3638 nico
264 3568 482 3657 praebendae
510 3568 745 3658 Kyelczieusis
772 3568 1110 3657 Scbydlon'yeczska,
1138 3574 1174 3638 et
1192 3588 1255 3656 per
1273 3573 1423 3656 quatuor
1441 3568 1579 3656 ierugas
1607 3588 1709 3638 cana-

160 3688 272 3778 palem
298 3696 336 3761 et
362 3688 492 3760 ducunt
518 3710 593 3759 eam
621 3691 655 3759 in
684 3690 847 3760 borreum
883 3690 1034 3779 propriis
1067 3690 1225 3759 curribus
1254 3710 1275 3758 a
1302 3689 1468 3760 canonico
1496 3689 1549 3759 vel
1577 3690 1708 3760 vicario

165 3808 364 3899 locandum,
400 3817 436 3880 et
463 3809 561 3882 valor
588 3811 662 3880 eius
698 3810 741 3879 ad
770 3810 856 3880 duas
883 3831 1017 3880 marcas
1057 3810 1279 3896 aestinratur;
1314 3809 1396 3879 item
1432 3810 1467 3878 iu
1495 3809 1712 3879 liuereditate

161 3929 338 4018 praelatae
364 3931 468 4002 villae
505 3936 559 4001 est
585 3932 719 4019 piscina
746 3932 922 4020 pertinens
950 3931 993 4000 ad
1021 3930 1222 4001 canonicum
1250 3929 1467 4018 praebendae
1491 3930 1711 4021 Scbydlou'y-

160 4050 320 4142 eczslriey
345 4072 409 4141 pro
437 4057 612 4140 tempore;
646 4052 730 4122 item
757 4051 840 4122 uilla
866 4050 1024 4140 praelata
1056 4050 1285 4121 conterminat
1321 4072 1397 4120 cunr
1425 4051 1551 4140 oppido
1579 4050 1711 4140 Kyel-

161 4191 256 4261 eze,
282 4172 365 4243 item
393 4193 469 4243 cum
497 4173 589 4245 villis
616 4166 999 4243 Domaszowicze.

264 4292 487 4365 Maonzowr
522 4294 671 4382 blason,
707 4294 791 4365 uilla
826 4295 890 4365 sub
917 4293 1083 4382 parocbia
1117 4293 1281 4363 ecelesiae
1314 4293 1357 4363 de
1393 4292 1566 4363 biiuori
1604 4293 1709 4364 bllo-

161 4412 311 4506 dzewy
339 4416 417 4504 sita,
445 4415 542 4486 cuius
569 4415 692 4485 haeres
720 4414 900 4485 Crzcslaus
928 4415 971 4484 de
998 4413 1366 4505 Korosawanky,
1392 4414 1518 4485 nobilis
1541 4415 1583 4483 de
1603 4416 1709 4485 armis

160 4534 356 4625 Roszae,
393 4536 429 4606 in
456 4557 524 4625 qua
550 4542 632 4606 surrt
659 4536 814 4606 undecim
852 4556 928 4605 cum
959 4536 1071 4605 medio
1106 4535 1199 4606 lanei
1225 4535 1478 4623 cmetbonales,
1515 4535 1709 4623 dequibus

116 4628 126 4647 ⁸
160 4655 319 4727 omuibus
346 4657 494 4727 solvitur
520 4656 653 4726 decima
677 4656 904 4745 manipularis
932 4663 967 4726 et
994 4677 1057 4744 per
1075 4662 1224 4745 quatuor
1250 4657 1389 4745 ierugas
1418 4655 1592 4745 canapalis
1611 4677 1710 4745 prae-

160 4776 293 4848 bendae
321 4776 538 4867 Kyelcziensi
565 4778 677 4847 dictae
704 4776 1044 4867 Scbydlouyecaska,
1072 4784 1108 4847 et
1126 4783 1291 4847 tenentur
1317 4797 1392 4846 eam
1420 4777 1619 4847 cruetbones
1647 4777 1709 4846 du-

160 4916 239 4967 cere
259 4898 306 4967 in
332 4898 495 4968 horreum
523 4918 545 4968 a
573 4898 735 4968 canonico
771 4896 953 4968 locandum
981 4904 1016 4967 et
1043 4897 1141 4968 valor
1168 4898 1373 4968 aestimatur
1408 4897 1482 4967 eius
1519 4897 1710 4967 addacem

160 5038 304 5088 marcas.
330 5018 418 5089 Item
447 5019 631 5106 tabernae,
658 5018 740 5087 itenr
767 5018 985 5087 lrortulauiae
1014 5023 1180 5107 cluatuor,
1216 5018 1305 5087 duae
1332 5018 1461 5087 babent
1488 5039 1591 5106 agros
1619 5038 1709 5087 crue-

160 5138 320 5209 tbonales
347 5145 382 5208 et
409 5138 559 5210 reddunt
587 5140 751 5209 decimam
780 5138 998 5226 praebendae
1016 5138 1209 5208 Kelcaieusi
1230 5139 1264 5207 in
1282 5135 1495 5232 ¹quandoaurea,
1523 5158 1609 5226 quae
1629 5160 1711 5210 reru

159 5258 289 5329 habeut
305 5280 410 5349 agros
428 5260 632 5350 praediales‚
652 5259 791 5329 solvunt
810 5259 975 5329 decimam
994 5260 1158 5330 ecclesiae
1178 5259 1210 5328 S.
1227 5259 1407 5329 Laurentii
1427 5260 1459 5328 in
1480 5258 1709 5348 Micbalow3

263 5545 423 5593 naama.
1505 5522 1546 5580 69
