4050 6054
1696 359 1769 487 aar
1917 508 1920 513 Ι

227 621 429 715 parochiali,
455 626 493 692 et
519 623 617 694 valor
648 622 854 713 aestimatur
880 622 954 693 eius
981 622 1025 693 ad
1051 627 1201 712 quatuor
1227 641 1379 709 marcas;
1414 621 1498 692 item
1525 627 1607 693 sunt
1631 622 1681 693 ibi
1707 621 1775 713 duo

227 742 416 832 hortulani,
443 742 600 816 sednon
627 743 757 815 babent
783 762 896 834 agros.
1530 803 1536 817 .

255 924 287 937 ,.
329 863 417 936 Item
443 863 555 936 altare
590 863 783 956 praefatum
810 865 853 935 da
879 865 1023 956 antiqua
1049 869 1084 935 et
1111 863 1276 956 diuturna
1311 863 1557 937 consvetudinc
1580 860 1774 938 'oneratum

226 990 282 1077 eat
305 984 464 1057 adduas
491 984 615 1069 missas
641 985 868 1058 hebdomadis
895 986 1059 1076 singulis,
1086 1006 1149 1076 per
1176 986 1369 1057 altaristam
1396 1006 1461 1076 pro
1487 991 1643 1076 tempore
1679 987 1772 1059 circa

226 1098 351 1181 tire-
364 1105 558 1197 praelatum
584 1106 765 1196 legendas,
801 1107 963 1178 videlicet
999 1107 1044 1179 ad
1071 1127 1173 1178 unam
1200 1126 1264 1197 pro
1292 1105 1461 1179 defunctis
1496 1113 1533 1178 et
1558 1105 1775 1180 caniferam

227 1227 271 1301 de
296 1228 408 1301 Beata
432 1226 590 1318 Virgine.

418 1490 620 1572 fundatio
656 1490 964 1597 praedicatoria
997 1494 1037 1570 in
1070 1492 1254 1573 ecclesia
1288 1489 1578 1573 cracoviensi.

330 1713 423 1785 Rara
449 1720 486 1785 et
511 1713 696 1804 plurimum
722 1712 922 1804 infrequens
948 1714 1040 1803 apud
1066 1712 1445 1796 universamPolonici
1464 1714 1570 1804 ‘regni
1597 1715 1775 1788 ecclesiam

228 1833 442 1908 declamandi
468 1835 504 1906 iu
531 1835 667 1925 vulgari
693 1834 857 1906 Polonico
884 1834 929 1907 ad
946 1835 1065 1925 plebes
1093 1834 1198 1907 fiebat
1223 1834 1457 1924 praedicati03
1483 1855 1584 1906 rarus
1610 1835 1777 1909 eruditio·

227 1956 283 2029 nie
308 1960 344 2027 et
368 1956 663 2046 pronuntiationis
689 1955 776 2045 legis
795 1955 933 2026 divinae
960 1975 1090 2044 sermo,
1117 1955 1288 2046 quoniam,
1316 1956 1375 2046 qui
1392 1962 1484 2028 sunt
1511 1957 1596 2028 scite
1622 1961 1659 2029 et
1686 1977 1776 2028 com-

226 2080 387 2168 petenter
413 2073 618 2166 proferrent,
646 2076 689 2147 ob
717 2073 886 2147 defectum
905 2082 940 2146 et
957 2075 1136 2165 penuriam
1163 2080 1235 2146 tam
1262 2075 1452 2167 doctrinae,
1479 2096 1581 2167 quam
1608 2075 1776 2150 librorum

228 2198 331 2289 pauci
357 2198 541 2285 extabaut3
568 2197 726 2268 omnibus
753 2196 908 2285 Polonis,
944 2202 1088 2287 propter
1114 2217 1242 2287 paucos
1270 2203 1332 2268 aut
1357 2196 1542 2287 studiosos,
1569 2202 1631 2270 aut
1657 2218 1777 2271 mona·

227 2319 333 2392 sticoa
358 2322 395 2390 et
421 2318 612 2408 religionen,
639 2323 676 2388 et
702 2318 765 2388 hos
793 2339 856 2408 pro
882 2317 1034 2389 maxima
1060 2323 1161 2407 parte
1187 2316 1352 2407 forenses,
1378 2319 1598 2408 peregrinam
1624 2318 1776 2410 lingnam

227 2422 399 2530 sonantes,
436 2440 480 2511 ad
506 2440 613 2510 vitam
649 2438 858 2510 mundanam
884 2443 919 2510 et
946 2439 1156 2510 saecularem
1192 2439 1377 2529 conversis,
1413 2445 1450 2511 et
1466 2440 1527 2511 'ab
1553 2424 1778 2513 horrentibus

227 2559 383 2634 astudio
403 2560 610 2649 litteramm,
629 2559 953 2650 fastidientibusque
972 2560 1126 2633 laborem
1145 2560 1363 2650 evangelicae
1382 2559 1660 2651 praedicationis.
1687 2560 1774 2634 Uni-

226 2682 405 2754 versitatis
423 2680 547 2752 deinde
566 2680 673 2752 studii
686 2681 859 2770 generalis
878 2681 914 2766 in
932 2681 1072 2751 civitate
1087 2679 1307 2753 Gracovionsi
1321 2702 1383 2771 par
1397 2680 1686 2753 Vladislaum
1704 2680 1776 2754 Se-

227 2802 435 2892 cundum,
464 2822 592 2893 genere
618 2800 838 2873 Litbwanum
855 2801 1020 2873 Poloniae
1047 2821 1173 2892 regem,
1192 2807 1229 2873 et
1247 2806 1442 2873 consortem
1469 2822 1566 2873 suam
1584 2802 1778 2893 Hedvigim,
1854 2784 1857 2796 ’

159 2923 162 2929 ’
226 2923 333 2997 liliam
358 2921 583 2995 Ludovici
613 2922 814 3013 Hungariae
841 2923 952 3013 regis,
979 2922 1145 2995 Poloniae
1171 2923 1344 3013 reginam,
1372 2943 1401 2993 a.
1428 2924 1470 2993 Ι).
1503 2922 1613 2996 1400.
1639 2922 1776 3013 factam,

227 3042 407 3136 plantatim
434 3044 629 3134 neglectum
655 3043 752 3114 illum
779 3049 883 3134 atque
911 3042 1164 3115 deformitatem
1190 3048 1263 3115 tam
1289 3043 1453 3115 diuturno
1479 3026 1635 3135 tempore
1661 3045 1780 3136 vigen-

178 3234 183 3242 .
228 3160 309 3256 tem,
336 3165 486 3236 sustulit.
513 3161 710 3255 Coeperunt
737 3164 828 3235 enim
856 3168 982 3235 extunc
998 3185 1067 3235 non
1086 3164 1122 3235 iu
1141 3162 1340 3242 civitatibus
1366 3166 1604 3237 tautummodo
1633 3166 1779 3257 oppidis,

228 3292 333 3379 atque
360 3285 530 3375 castellis,
559 3285 682 3356 sedin
710 3285 814 3374 vicie,
842 3289 945 3375 atque
971 3285 1121 3375 villagiis
1147 3285 1247 3375 regni
1274 3284 1440 3358 Poloniae
1468 3286 1648 3358 doctorum
1675 3292 1780 3378 atque

228 3406 458 3481 discretomm
475 3405 653 3480 hominum
670 3406 808 3496 linguis,
836 3410 1014 3477 crescente
1033 3405 1149 3476 studio
1168 3410 1204 3477 et
1220 3406 1387 3478 librorum
1406 3389 1559 3496 numero,
1586 3406 1662 3478 fieri
1679 3428 1781 3498 prae-

163 3502 169 3513 ’
228 3527 428 3618 dicationes,
455 3532 491 3600 et
516 3528 722 3617 simplicium
759 3527 948 3616 agrestium
975 3532 1011 3598 et
1038 3526 1176 3598 rudium
1202 3527 1379 3598 hominum
1411 3531 1561 3619 pectora,
1589 3547 1632 3600 ex
1659 3527 1780 3600 auditu

228 3648 401 3741 frequenti
428 3649 516 3740 legis
543 3654 580 3719 et
605 3648 873 3739 praedicationis
901 3647 1056 3737 divinae,
1091 3648 1231 3738 ingenia
1259 3648 1397 3738 potiora
1422 3648 1552 3739 limata,
1579 3653 1684 3740 atque
1710 3649 1781 3720 cul-

226 3771 328 3860 tiora,
354 3777 396 3843 et·
417 3790 460 3841 ex
487 3771 605 3861 pravis
628 3769 790 3860 operibus
818 3774 922 3859 atque
948 3769 1103 3841 moribus
1130 3768 1175 3840 ad
1201 3774 1316 3841 rectas
1354 3770 1574 3859 operationes
1600 3776 1638 3842 et
1664 3769 1781 3843 studia

196 3969 205 3977 ,
227 3892 358 3981 sortiri;
374 3892 467 3964 hunc
485 3913 620 3983 quoque
639 3891 818 3981 defectum,
837 3890 1017 3962 ecclesiam
1036 3889 1298 3962 Gracoviensem
1324 3891 1490 3962 maiorem
1517 3890 1685 3982 longaevo
1704 3871 1782 3983 spa-

227 4012 279 4086 tio
304 4013 410 4085 etiam
438 4012 554 4084 studio
580 4012 734 4102 generali
760 4012 796 4083 in
824 4011 1050 4083 Graeovia
1074 4011 1228 4101 florente,
1255 4016 1521 4103 pervagantem,
1549 4012 1781 4103 Sbigncus

228 4139 369 4207 madae
396 4134 582 4207 memoriae
610 4133 795 4204 cardinalis
815 4139 850 4204 et
868 4133 1051 4223 episcopus
1068 4131 1318 4223 cracoviensis
1346 4134 1542 4223 summovit,
1561 4140 1598 4206 et
1614 4135 1781 4208 ecclesiae

229 4253 459 4344 Gracoviensi,
486 4257 522 4325 in
549 4275 617 4346 qua
644 4254 819 4325 ordinarie
856 4254 994 4325 nonnisi
1020 4274 1083 4344 per
1109 4252 1237 4324 fratres
1273 4239 1533 4344 praedicatores
1570 4261 1606 4327 et
1633 4257 1783 4328 minores

227 4377 276 4453 iv
291 4377 397 4449 certis
423 4376 593 4449 duntaxat
619 4373 887 4464 festivitatibus,
924 4396 1009 4466 quas
1037 4376 1206 4447 stationes
1234 4375 1472 4466 appellabant,
1506 4376 1781 4450 extraordinarie

227 4502 313 4571 vcro
338 4498 478 4569 nonnisi
511 4496 669 4594 precario
697 4503 733 4567 et
760 4497 824 4568 sub
851 4496 1046 4588 multiplici,
1089 4496 1148 4587 qui
1175 4494 1430 4568 interveniebat
1456 4478 1691 4589 frequentius,
1722 4497 1782 4603 de-

227 4618 332 4710 fectu,
356 4618 634 4710 praedicabatur,
661 4618 871 4708 singularem
890 4618 1165 4708 praedicatorem
1192 4621 1397 4709 perpetuum
1415 4624 1452 4690 et
1470 4617 1657 4710 assiduum,
1683 4619 1784 4692 tbeo-

227 4739 342 4832 lcgiae
368 4743 430 4811 aut
456 4760 643 4827 canonum,
671 4745 732 4809 act
759 4739 881 4809 saltam
909 4739 1037 4810 artium
1064 4739 1239 4827 doctorem
1267 4739 1312 4811 ad
1338 4738 1608 4830 praedicandum
1634 4739 1670 4813 in
1698 4761 1782 4832 qua

230 4859 427 4961 dragesima
454 4860 598 4950 singulis
626 4859 766 4948 diebus,
804 4860 868 4930 sub
896 4859 964 4930 alic
992 4880 1074 4930 vero
1102 4866 1257 4950 tempore
1284 4860 1321 4931 in
1348 4860 1493 4950 singulis
1520 4861 1781 4933 celebritatibus

228 4980 414 5053 ei-‹liebus
444 4980 626 5054 dominicis
653 4981 752 5052 verbi
769 4980 835 5051 Dei
862 4980 907 5051 ad
933 4980 1106 5070 populum,
1133 4981 1296 5070 instituit,
1324 4986 1360 5051 et
1384 4980 1677 5071 praedicatoriam
1704 5002 1783 5073 per-

227 5105 368 5194 petuam
394 5122 424 5173 a
439 5100 625 5189 i).1454.;
654 5101 689 5172 in
708 5103 804 5173 cuius
830 5100 1067 5173 fundationem
1093 5100 1239 5172 illustris
1267 5107 1303 5172 et
1329 5100 1456 5175 devote
1481 5101 1609 5175 femina
1623 5102 1784 5205 ›Eli-za-

226 5224 357 5312 bcth,
391 5240 520 5312 genere
551 5222 736 5313 Huugara,
772 5222 935 5312 proprius
970 5221 1251 5312 Spithkcnis
1286 5220 1330 5293 de
1364 5206 1783 5315 Melstbyn'pulatini

235 5342 486 5441 Grocoviensie,
512 5349 637 5440 expost
662 5362 745 5420 vero
772 5343 795 5416 J
805 5344 972 5419 oannis
1004 5343 1215 5420 Sambiensis
1242 5364 1303 5423 seu
1320 5343 1662 5435 Mousterbergeusis
1689 5345 1787 5425 ducis
