4050 6054
235 445 305 517 174

335 647 420 719 Gum
447 645 686 719 Gracoviensis
713 648 858 745 ecclesia
883 668 904 719 a
929 648 1119 737 primordio
1146 648 1200 718 sui
1226 653 1494 746 ortussrraeque
1508 645 1724 721 fundationis
1743 649 1783 721 in

234 769 332 857 ceris,
360 768 450 855 vino,
477 767 563 855 oleo,
590 768 714 839 hostiis
741 775 924 858 ceteraque
950 767 1190 858 suppellectili,
1217 768 1261 838 ad
1288 749 1460 839 sacrificia
1474 772 1581 858 algua
1595 789 1670 841 ram
1688 766 1783 841 divi·

233 910 311 959 nam
348 885 597 977 expediendam
623 908 687 976 per
711 888 891 977 pontifices
918 887 1163 960 cracovienses
1189 908 1253 976 pro
1280 892 1437 976 tempora
1461 866 1782 977 administraretur,

232 1014 373 1079 sanctae
398 1007 584 1079 memoriae
611 1005 815 1083 Vincentius
842 1008 1160 1080 cndlubkonis
1186 1006 1229 1078 de
1246 1005 1456 1096 Karwow,
1474 1007 1685 1110 villalpropo
1701 1006 1781 1100 Op·

231 1128 433 1217 pathos,
460 1129 523 1199 sub
559 1129 723 1217 parochia
755 1129 919 1201 ecclesiae
955 1128 998 1199 de
1028 1127 1247 1198 Wlostow
1273 1127 1359 1216 sita,
1386 1133 1459 1199 tam
1484 1148 1613 1217 genere
1638 1129 1780 1218 nobilis,

230 1267 333 1336 quam
360 1246 518 1318 doctrina
544 1247 657 1318 clarus
683 1247 921 1320 cracoviensis
947 1248 1128 1338 episcopus
1146 1247 1188 1317 de
1206 1245 1338 1318 familia
1354 1247 1539 1336 Roseae,
1556 1248 1779 1339 perpendens

231 1366 429 1458 frequentes
455 1368 682 1457 negligentias
709 1375 745 1440 et
771 1367 942 1456 scandala,
970 1388 1058 1458 quae
1084 1388 1147 1457 par
1173 1388 1254 1439 suos
1280 1367 1565 1457 praedecessores
1591 1369 1777 1460 episcopos

107 1529 111 1539 ι
233 1485 488 1577 cracovienses,
515 1493 551 1559 at
577 1510 696 1560 eorum
723 1488 886 1560 officiales
914 1488 1053 1578 segnius
1079 1487 1244 1559 administ
1228 1489 1415 1560 trationam
1441 1510 1558 1561 rarum
1579 1489 1781 1563 huiusmodi

221 1606 478 1696 impendentes,
506 1609 808 1682 committttebantur
819 1607 966 1696 ;dacam
993 1612 1030 1679 et
1055 1618 1178 1679 novem
1204 1607 1352 1679 decimas
1378 1628 1518 1680 mensae
1543 1629 1627 1681 suaa
1644 1610 1781 1700 episco-

230 1726 318 1816 palis
346 1728 438 1798 circa
463 1726 658 1817 czchow,
684 1747 830 1818 quarum
856 1726 1013 1799 undecim
1031 1733 1112 1800 sunt
1129 1727 1372 1816 manipulares,
1389 1733 1468 1803 octo
1486 1729 1692 1819 pecuniolae,
1710 1731 1779 1803 suls
1812 1803 1815 1806 ,

232 1867 401 1918 consensu
426 1852 462 1918 et
487 1850 735 1921 ratihabitione
761 1849 996 1939 praelatorum
1022 1854 1059 1920 et
1085 1848 1327 1919 canonicorum
1354 1847 1632 1921 cracoviensium
1659 1851 1694 1922 in
1721 1870 1780 1922 eo-
1866 1840 1876 1858 ⁰

232 1965 370 2037 alasiam
397 1967 657 2041 cracoviensem
683 1976 720 2040 et
746 1970 781 2040 in
798 1970 884 2073 eius
910 1969 1098 2060 capitulum
1124 1973 1291 2060 perpetuo
1318 1969 1466 2041 contulit
1483 1975 1521 2042 at
1538 1968 1690 2060 donavit,
1708 1971 1780 2043 sol·

234 2106 318 2156 vens
350 2107 386 2159 se
411 2093 449 2159 at
473 2110 554 2161 suos
590 2109 806 2162 successores
833 2091 876 2161 ab
903 2088 1101 2160 huiusmodi
1127 2107 1243 2160 rerum
1269 2087 1588 2179 administratione,
1613 2090 1777 2164 atillam

231 2206 267 2277 in
293 2208 479 2296 capitulum
506 2207 733 2281 Gracoviense
759 2208 1013 2281 transfundens.
1041 2207 1260 2298 Quapropter
1286 2208 1437 2281 decimae
1463 2209 1661 2283 huiusmodi
1687 2230 1779 2283 nun·

231 2348 333 2416 quam
359 2329 507 2418 privatis
533 2331 690 2419 personis
716 2329 759 2400 in
778 2329 1063 2420 praestimonium
1090 2327 1322 2418 conferuntur,
1340 2328 1401 2400 sed
1428 2329 1531 2401 alicui
1548 2350 1592 2402 ex
1608 2330 1779 2420 praelatis

232 2454 293 2519 ant
320 2450 493 2521 canonicis
519 2449 562 2520 de
589 2450 740 2521 triennio
767 2449 803 2520 in
830 2449 1017 2521 triennium
1043 2470 1108 2539 pro
1130 2454 1266 2521 cantum
1285 2450 1410 2522 marcis
1428 2451 1655 2525 communiter
1671 2470 1778 2525 man-

234 2567 378 2659 dantur,
405 2575 446 2641 ut
471 2564 606 2642 facilior
638 2576 674 2642 et
699 2570 824 2645 iustior
851 2590 968 2641 rarum
994 2568 1227 2658 praefatorum
1254 2570 1347 2642 omni
1373 2569 1605 2660 negligentiae
1630 2570 1779 2645 circum·

233 2690 363 2779 scripta
388 2691 500 2780 possit
525 2691 710 2781 provenire
736 2691 1010 2778 administrati03
1036 2688 1270 2780 praefatarum
1296 2698 1411 2764 autom
1434 2690 1644 2765 decimarum
1661 2710 1779 2782 sump-

233 2817 291 2881 tus
325 2816 361 2881 et
392 2810 549 2900 impensa
574 2832 638 2901 pro
666 2811 967 2883 administratione
993 2831 1110 2883 rarum
1135 2811 1408 2883 necessariarum
1434 2832 1539 2901 aegre
1564 2812 1634 2882 ianr
1660 2816 1780 2902 potest

233 2929 401 3020 sulficere,
429 2936 465 3002 at
482 2939 626 3022 propter
653 2932 781 3003 cultum
808 2931 971 3020 divinum,
998 2932 1056 3020 qui
1082 2931 1327 3021 propitiatione
1346 2931 1505 3003 altissimi
1522 2931 1559 3002 in
1576 2932 1654 3021 ipsa
1668 2932 1779 3007 acab·

233 3051 284 3121 sia
311 3049 531 3129 cracoviensi
557 3057 705 3142 augetur
722 3051 758 3122 in
776 3051 859 3141 dies,
886 3056 923 3123 et
948 3051 1055 3122 ritum
1080 3052 1190 3141 magis
1217 3052 1459 3141 impensiorem
1477 3057 1514 3124 et
1530 3056 1722 3141 venustum,
1741 3058 1780 3127 at
1894 3137 1900 3151 ,

232 3171 385 3260 ipsarum
412 3171 620 3244 decimarum
647 3172 927 3260 decrescentiam,
954 3191 1099 3263 quarum
1125 3171 1308 3244 nonnullas
1333 3171 1559 3262 plebanorum
1586 3178 1623 3245 at
1647 3171 1779 3245 milita-

232 3292 322 3362 rium
349 3293 531 3382 occupavit
557 3293 755 3381 temeritas,
781 3293 964 3384 plerasque
991 3313 1074 3363 varo
1101 3293 1281 3364 absorbuit
1306 3277 1443 3364 alluvio.
1478 3292 1545 3365 Fac
1570 3299 1688 3365 aetem
1713 3292 1779 3365 ali·
1869 3328 1874 3341 ·

233 3432 378 3501 qnorum
413 3414 589 3485 annalium
614 3417 791 3503 veterum,
818 3430 907 3504 quaa
936 3412 1023 3503 lagi,
1050 3413 1214 3501 assertio,
1241 3413 1333 3503 quod
1358 3412 1510 3486 decimae
1536 3411 1780 3503 infrascriptae
1817 3474 1823 3479 .

234 3554 301 3603 non
338 3540 439 3605 erant
473 3554 613 3606 mensae
648 3533 870 3624 episcopalis,
897 3534 958 3605 sed
985 3533 1149 3605 ecclesiae
1176 3533 1218 3604 de
1245 3533 1417 3604 Brneze
1443 3538 1480 3604 et
1506 3531 1716 3622 czchow,
1740 3538 1780 3608 at

231 3673 294 3742 par
320 3655 516 3748 episcopum
543 3654 738 3746 praefatum
764 3653 985 3727 Vincentinm
1012 3653 1164 3747 capitulo
1190 3653 1409 3726 cracoviensi
1427 3653 1670 3742 incorporatae
1687 3658 1779 3744 sunt,

230 3773 282 3846 ita
307 3781 443 3865 tamem
469 3776 561 3868 quod
588 3775 734 3847 candela
759 3774 1032 3864 inextinguibilis
1059 3780 1160 3844 nocte
1186 3792 1228 3845 ac
1253 3773 1309 3845 die
1335 3775 1371 3846 in
1397 3773 1501 3845 altari
1528 3771 1668 3863 ardeat,
1694 3772 1777 3845 rali-

231 3916 335 3986 quum
362 3897 517 3968 canonici
543 3896 579 3967 in
606 3917 688 3968 suos
714 3916 796 3968 usus
821 3900 1037 3983 convertant,
1062 3893 1319 3984 praedictarum
1341 3898 1457 3967 autem
1475 3893 1686 3983 decimarum
1702 3897 1777 3975 tam

232 4014 508 4104 manipularium,
534 4037 637 4106 quarn
663 4016 892 4106 pecunialium
918 4016 984 4088 hae
1011 4019 1093 4087 sunt
1119 4013 1220 4086 villae
1246 4019 1284 4086 at
1308 4014 1395 4085 haec
1416 4014 1568 4085 nomina:

337 4131 531 4224 Gnorsru,
558 4135 691 4207 decima
715 4137 940 4226 manipularis
958 4134 1101 4225 capituli
1118 4132 1366 4224 cracoviensis,
1383 4133 1466 4206 villa
1483 4154 1592 4225 propa
1609 4131 1778 4209 cachou

233 4255 311 4343 sita,
337 4254 373 4326 in
401 4276 469 4347 qna
495 4261 550 4327 est
574 4255 718 4328 ecclesia
743 4257 949 4346 parochialis
976 4260 1123 4344 murata,
1149 4254 1246 4326 cuius
1273 4253 1440 4327 haeredes
1466 4253 1632 4326 Nicolaus
1658 4259 1695 4327 et
1714 4253 1778 4326 Jo-

151 4360 154 4369 ’
232 4376 365 4448 loannes
400 4373 800 4468 Gnoyniozszczy,
827 4378 959 4450 nobiles
994 4377 1038 4449 de
1069 4375 1170 4448 domo
1206 4373 1493 4448 Canetonum
1532 4374 1574 4444 In
1600 4394 1671 4466 qua
1694 4374 1781 4450 sunt

232 4497 357 4587 viginti
383 4501 531 4587 quatuor
557 4484 649 4569 lanai
675 4497 916 4585 cmethonalas,
943 4497 1026 4570 item
1052 4502 1107 4570 ast
1132 4496 1239 4584 curia,
1265 4515 1354 4586 quae
1371 4516 1414 4566 ex
1431 4495 1649 4567 emethonum
1665 4494 1777 4569 lancis

233 4618 300 4691 sibi
324 4617 408 4691 lecit
433 4639 536 4710 agros
560 4600 764 4709 praediales,
791 4619 939 4691 taberna
963 4624 1000 4689 et
1025 4615 1212 4706 hortulani,
1239 4615 1282 4687 da
1309 4615 1432 4707 quibus
1450 4614 1608 4688 omuibus
1624 4615 1775 4688 solvitur

231 4739 365 4810 decima
392 4739 617 4829 manipularis
646 4738 796 4830 capitulo
824 4736 1052 4827 cracoviensi,
1080 4737 1183 4809 etiam
1209 4741 1290 4827 post
1307 4756 1410 4826 agros
1428 4735 1586 4827 curiales,
1602 4741 1639 4808 at
1655 4740 1778 4809 tenen·

232 4865 292 4931 tur
317 4879 392 4930 eam
419 4860 618 4933 omatlnonas
646 4859 807 4932 inducere
833 4858 984 4950 propriis
1011 4857 1205 4966 ιιιιιιιιι
1195 4878 1231 4929 ιιι
1249 4856 1412 4930 horreum
1429 4875 1492 4947 par
1510 4855 1699 4948 capitulum
1716 4856 1778 4928 ali·

232 4979 399 5070 gendum,
426 4985 464 5052 et
497 4979 638 5054 solvunt
671 4979 839 5052 decimam
874 4979 997 5071 canapi
1032 4999 1095 5071 par
1131 4983 1280 5070 quatuor
1306 4976 1486 5051 iuncturas
1512 4983 1550 5050 at
1574 4977 1779 5120 aestimatur

233 5101 432 5174 valoreius
457 5099 646 5172 addacem
674 5105 711 5172 at
736 5104 815 5174 octo
841 5119 985 5173 mmcas

345 5219 653 5312 corrazrnovvn,
680 5221 813 5295 decima
846 5219 1072 5312 manipularis
1106 5218 1249 5310 capituli
1285 5217 1576 5306 cracoviensis,
1565 5241 1602 5290 m
1627 5223 1779 5310 quaest

236 5342 380 5422 eeclesia
413 5341 643 5439 parochialis,
669 5341 766 5417 culus
799 5343 923 5421 haaras
958 5339 1129 5436 Nanayko
1155 5337 1553 5435 Wyaloglouskp‘,
1579 5338 1707 5417 nobilis
1730 5337 1777 5417 de
