4050 6054
239 468 312 539 622

236 673 280 745 ad
313 674 416 743 aliam
451 677 625 759 tenutam,
652 678 688 741 et
714 692 783 742 non
811 672 916 760 alibi,
941 671 1050 741 solum
1087 672 1132 740 ad
1157 668 1376 741 Wolborz
1410 674 1472 739 aut
1508 669 1661 758 propius.
1697 670 1790 740 Item

236 795 423 864 advocatus
450 793 493 862 do
521 793 679 863 omnibus
705 793 826 881 poenis
854 793 889 861 in
916 792 1042 862 iudicio
1060 791 1175 880 lapsiS,
1192 791 1300 861 babet
1317 790 1457 861 tertium
1476 791 1676 877 denarium3
1702 790 1788 860 item

235 914 324 983 idem
352 913 540 982 advocatus
567 913 674 982 babet
700 912 827 982 ibidem
854 930 957 982 unam
984 913 1173 999 tabernam,
1201 911 1244 980 dc
1271 931 1340 1000 qua
1367 911 1433 981 sibi
1451 932 1520 981 una
1537 931 1655 980 marca
1673 910 1789 999 datur,

235 1038 271 1103 ct
305 1034 464 1103 brascum
502 1032 590 1102 idem
627 1033 832 1103 tabernator
866 1033 902 1101 in
938 1032 1133 1101 molendino
1170 1031 1327 1101 advocati
1353 1036 1494 1101 tenetur
1519 1031 1657 1102 molere
1697 1031 1788 1100 Item

237 1154 327 1223 idem
354 1152 542 1222 advocatus
570 1157 708 1222 tenetur
735 1173 778 1222 er
804 1152 930 1241 oppido
958 1152 1086 1240 eligere
1114 1171 1253 1221 censum
1280 1172 1441 1239 annuum,
1470 1151 1631 1222 videlicet
1656 1149 1789 1221 duode-

234 1273 299 1342 cim
335 1293 472 1343 marcas
508 1293 585 1342 cum
621 1272 735 1342 media
770 1271 948 1362 profesto
976 1272 1124 1342 Sanctae
1152 1271 1351 1360 Trinitatis,
1379 1271 1462 1341 item
1490 1272 1577 1342 alias
1604 1270 1787 1341 duodecim

235 1413 369 1462 marcas
397 1413 472 1461 cum
499 1393 686 1463 medietate
723 1414 786 1482 pro
813 1392 900 1462 testo
919 1391 960 1462 θ.
986 1391 1132 1461 Martini
1159 1391 1248 1463 idern
1276 1391 1466 1462 advocatus
1492 1396 1631 1462 tenetur
1656 1390 1788 1481 eligere

237 1516 274 1584 et
299 1513 457 1583 manibus
485 1514 651 1583 tenutarii
678 1514 889 1602 consignare

340 1632 521 1703 Summat
505 1634 614 1703 totius
642 1652 763 1703 census
790 1654 833 1703 ex
859 1633 986 1722 oppido
1013 1633 1137 1722 viginti
1163 1653 1224 1702 sex
1250 1652 1397 1704 marcae

339 1752 541 1824 Molendina
566 1754 646 1841 tria,
674 1753 718 1822 ad
744 1753 836 1823 idem
863 1753 1026 1843 oppidum
1044 1754 1270 1842 pertinentia,
1289 1753 1517 1843 perpetuique
1533 1692 1787 1825 molendinato

233 1894 290 1943 res
328 1873 362 1942 in
398 1872 529 1943 eisdem
563 1873 726 1943 resident.
767 1873 900 1942 Item
891 1895 925 1943 nn
961 1874 1073 1963 prImo
1108 1874 1305 1944 molendino
1341 1873 1512 1944 Matthias
1548 1873 1692 1945 Scora
1718 1874 1786 1945 sub

236 1993 363 2083 oppido
391 1992 556 2082 residem,
585 1993 749 2065 debetet
733 1998 870 2064 tttene
871 2014 914 2063 ur
939 1995 1195 2084 septimanatirn
1222 1993 1357 2065 solvere
1375 1994 1461 2066 duos
1479 1995 1603 2067 choros
1620 1972 1788 2087 siliginis3

235 2113 296 2184 sed
324 2113 425 2183 valde
452 2111 686 2184 defectuosum
714 2115 804 2184 est
795 2136 829 2183 1n
857 2134 957 2203 aqua.

336 2233 535 2304 Secundum
562 2234 804 2324 molendinum,
831 2236 867 2305 in
895 2256 963 2324 qno
990 2234 1117 2305 Petrus
1135 2235 1276 2306 Scora
1302 2236 1487 2325 praesidet,
1504 2235 1615 2308 frater
1630 2235 1788 2307 eiusdem

234 2354 423 2443 Matthiae,
451 2360 488 2425 et
514 2355 557 2425 de
583 2355 703 2427 eodem
730 2355 833 2427 solvit
859 2357 1115 2446 septimanatirn
1142 2362 1215 2427 tres
1242 2357 1365 2427 choros
1393 2357 1548 2448 siliginis.
1575 2356 1665 2429 Item
1689 2355 1787 2429 Mut-

233 2475 326 2545 thias
353 2474 495 2545 Scora
520 2474 775 2547 molendinator
799 2480 881 2566 post
907 2476 1088 2547 decursum
1116 2476 1219 2547 medii
1238 2477 1320 2546 anni
1337 2477 1436 2548 molit
1453 2478 1586 2567 brasca,
1604 2482 1640 2548 et
1655 2476 1786 2549 Petrus

234 2594 489 2666 molendinator
515 2615 579 2685 per
604 2595 698 2666 aliud
724 2596 874 2667 medium
901 2616 1027 2666 annum
1055 2597 1160 2667 etiam
1187 2597 1221 2666 in
1241 2618 1303 2667 suo
1321 2598 1518 2669 molendino
1535 2598 1635 2669 molit
1650 2598 1786 2688 brusca,

234 2717 331 2786 etin
359 2716 514 2810 quolibet
538 2717 662 2787 brasco
691 2722 768 2788 octo
796 2718 894 2788 chori
920 2719 1150 2788 continentur.
1185 2718 1274 2789 Item
1301 2718 1466 2789 taIImodo
1494 2718 1536 2789 de
1563 2719 1687 2790 brasco
1712 2718 1786 2791 dis·

233 2837 391 2927 ponitur:
419 2837 605 2908 committit
631 2844 837 2927 procurator
863 2838 967 2908 alicui
994 2838 1059 2909 civi
1087 2838 1196 2927 signa,
1223 2839 1309 2910 alias
1336 2836 1463 2933 caecdp,
1482 2838 1574 2929 apud
1593 2859 1694 2929 quem
1711 2844 1787 2911 stat

236 2957 342 3046 cista,
370 2957 405 3026 in
433 2978 502 3047 qua
527 2958 687 3027 brascum
715 2963 895 3046 servatur3
931 2958 1012 3029 item
1040 2955 1137 3052 eeclrp
1165 2964 1246 3029 sunt
1272 2958 1439 3048 sedecim,
1467 2959 1549 3048 quia
1575 2959 1663 3031 alias
1689 2959 1785 3051 apud

233 3077 543 3148 molendinatorem
571 3077 776 3166 stipendarii
802 3078 1035 3167 recipiebant3
1063 3080 1146 3149 item
1173 3079 1310 3170 quando
1337 3079 1437 3170 signa
1454 3080 1590 3170 exemit,
1606 3081 1682 3153 sive
1699 3062 1787 3153 dauss

232 3206 292 3269 tur
319 3198 361 3269 de
389 3199 547 3269 manibus
574 3199 668 3288 ciris,
696 3198 783 3269 fiunt
809 3199 880 3270 tria
904 3200 1037 3289 brasca,
1065 3206 1101 3270 et
1127 3200 1307 3290 quodlibet
1332 3201 1491 3272 brascum
1518 3201 1674 3272 continet
1690 3200 1728 3273 in
1747 3222 1786 3274 ae

234 3326 312 3391 octo
340 3320 474 3407 choros,
501 3319 613 3390 etsie
640 3321 783 3389 veniunt
810 3320 958 3390 sedecim
985 3321 1082 3390 chori
1107 3341 1172 3410 pro
1200 3320 1314 3410 curia,
1341 3325 1377 3391 et
1404 3326 1481 3392 octo
1507 3321 1786 3394 molendinatori.

232 3442 320 3512 Item
346 3439 543 3510 huiusmodi
570 3438 667 3535 cerizy
693 3443 821 3511 exemit
848 3441 890 3511 de
917 3441 1076 3513 manibus
1104 3441 1189 3511 civis
1216 3441 1306 3511 intra
1331 3446 1405 3514 tres
1431 3446 1493 3513 aut
1510 3446 1660 3531 quatuor
1677 3442 1786 3534 septi·

232 3580 361 3632 manas.

336 3680 452 3752 Habet
478 3682 513 3751 in
540 3680 660 3753 eodem
687 3680 815 3772 oppido
842 3681 1011 3772 plebanus
1038 3686 1169 3773 septem
1196 3681 1316 3755 domos
1352 3683 1388 3754 in
1424 3683 1545 3756 eodem
1572 3683 1665 3774 iure,
1692 3684 1785 3756 slent

232 3810 268 3875 et
295 3804 484 3895 episcopus.

321 3923 473 4015 'Viginti
499 3930 632 4013 septem
659 3922 823 4014 oppidani
850 3924 992 3993 suntin
1020 3923 1140 3994 eodem
1168 3924 1313 4015 oppido,
1341 3925 1400 4015 qui
1426 3925 1513 3996 ollas
1540 3924 1721 4017 laborant,
1749 3933 1786 3999 et

232 4048 276 4118 ab
304 4044 451 4116 artificio
488 4045 665 4116 annuatim
702 4044 848 4135 quilibet
883 4064 984 4113 unam
1013 4045 1186 4134 capeciam
1215 4047 1287 4117 sive
1314 4066 1520 4136 sexagenanr
1547 4046 1696 4119 ollarum
1721 4047 1786 4121 dat

230 4189 296 4258 pro
324 4166 429 4255 curia,
456 4165 604 4256 demptis
631 4165 709 4255 illis,
737 4166 795 4257 qui
823 4166 857 4235 in
885 4164 976 4235 villis
1004 4170 1092 4256 sunt,
1119 4167 1179 4256 qui
1205 4167 1309 4237 etiam
1336 4166 1454 4238 taliter
1479 4167 1627 4239 solvunt

336 4286 492 4358 Tertium
527 4285 760 4358 molendinum
795 4290 940 4358 vocatur
974 4285 1110 4377 Stary
1144 4286 1285 4379 Mlyn,
1312 4286 1355 4359 de
1382 4309 1450 4378 quo
1478 4288 1660 4380 sexaginte
1685 4288 1785 4362 chori

233 4407 410 4479 annuatim
439 4407 629 4479 solvuntur.

336 4527 461 4617 Sylvae
488 4527 722 4618 Lagovienses
750 4525 1001 4598 conveniuntur
1028 4526 1172 4617 singulis
1198 4528 1312 4618 annis,
1341 4534 1376 4599 et
1403 4529 1550 4620 quilibet
1576 4531 1785 4605 conveniens

232 4649 295 4720 dat
328 4668 391 4720 sex
426 4652 488 4719 aut
523 4654 655 4739 septem
692 4652 822 4719 scottos
858 4654 895 4718 et
921 4668 1024 4719 unam
1051 4668 1247 4720 mensuram
1275 4669 1423 4741 arenae,
1450 4650 1537 4722 duos
1563 4670 1714 4741 capones
1740 4651 1785 4724 de

231 4791 299 4842 uno
336 4790 440 4841 curru
475 4790 538 4860 per
564 4771 737 4861 integrum
764 4790 910 4877 annum,
938 4774 975 4841 et
999 4790 1069 4841 non
1096 4769 1199 4842 debet
1224 4772 1379 4862 recipere
1408 4772 1475 4842 nisi
1501 4771 1596 4862 lIgna
1622 4772 1785 4859 iacentia,

232 4892 330 4982 sicca,
357 4890 475 4981 arida,
503 4892 585 4962 item
612 4897 648 4962 et
674 4891 829 4962 recentia
854 4890 1003 4981 demptis
1030 4891 1223 4983 arboribus,
1251 4913 1389 4983 quercu,
1416 4892 1510 4981 tilia,
1538 4892 1668 4983 abiete,
1695 4892 1784 4967 alias

229 5008 402 5109 pycdlr‘no,
429 5006 573 5082 haeccine
598 5018 635 5084 et
661 5008 858 5109 lyeszczina.

336 5133 652 5224 Nrnwsuunzour,
679 5134 763 5206 silla
798 5133 863 5206 sub
899 5132 1064 5224 parochia
1090 5134 1255 5207 ecclcsiae
1282 5135 1325 5207 de
1351 5134 1679 5207 Baczkowicze
1705 5134 1785 5228 alto

231 5255 327 5327 cuitus
364 5256 560 5346 proprietas
595 5261 632 5326 et
668 5255 856 5327 dominium
893 5256 936 5326 ad
972 5256 1171 5346 episcopum
1197 5256 1509 5329 Vladislavienscm
1536 5255 1690 5345 pertinet
1715 5276 1782 5347 pro

231 5380 396 5468 tempore,
424 5377 459 5447 in
487 5398 556 5471 qua
582 5383 663 5450 sunt
690 5377 838 5471 triginta
863 5377 955 5451 lanei
982 5378 1225 5471 emethonales,
1244 5386 1280 5451 et
1299 5379 1442 5471 quilibet
1461 5378 1565 5453 solvit
1581 5397 1646 5472 pro
1666 5396 1785 5457 annuo
