4050 6054
228 470 300 541 276

227 662 428 764 spectantia,
455 693 543 761 quac
569 671 700 742 habent
726 671 762 740 in
788 665 896 740 barris
927 690 1035 760 prope
1062 669 1245 740 Redzen
1276 677 1313 740 et
1339 669 1400 739 Tu
1414 670 1541 741 sszin
1568 670 1716 742 arbores
1741 676 1785 742 et

226 793 380 865 alvearia
406 814 518 882 apum,
554 813 642 881 quae
669 790 841 861 mellicida
867 790 984 861 curiae
1009 795 1129 877 curat,
1160 811 1203 861 ex
1230 790 1355 880 quibus
1381 790 1567 881 aliqnando
1592 788 1663 862 duo
1689 810 1784 861 mn

225 913 410 1004 aliquando
437 912 515 1003 plns
543 912 596 982 vel
624 911 737 981 minus
763 910 876 980 mellis
897 909 1128 998 .proveniunt;
1159 910 1242 981 item
1270 910 1470 982 cmethones
1495 914 1662 983 tenentur
1686 912 1785 982 retia

226 1034 353 1104 ducere
380 1034 415 1103 iu
444 1052 600 1120 campum
627 1031 663 1100 in
689 1030 892 1100 venationes
919 1036 955 1099 et
981 1030 1176 1132 necessaria
1201 1030 1238 1100 in
1258 1028 1507 1119 Pyotrkow
1531 1050 1598 1120 pro
1622 1030 1785 1103 statione

225 1152 427 1225 canonicali
451 1152 541 1222 Item
568 1151 734 1221 ducturas
761 1156 925 1220 tenentur
951 1171 973 1218 a
998 1149 1081 1219 uilla
1107 1150 1144 1219 iu
1163 1149 1289 1238 villam,
1317 1156 1353 1220 et
1379 1149 1519 1223 miore
1544 1156 1582 1221 et
1606 1150 1702 1221 circu
1718 1170 1787 1222 cn·

225 1274 325 1362 riam
350 1273 472 1343 hortos
499 1277 536 1341 et
561 1270 674 1341 locum
701 1277 864 1360 pasturae
887 1271 922 1339 in
941 1270 1013 1340 suis
1039 1269 1125 1340 locis
1152 1268 1347 1360 deputatos,
1373 1271 1497 1362 sepire,
1524 1269 1614 1344 etin
1631 1270 1786 1360 piscinis

227 1414 391 1484 aggerum
419 1412 482 1462 sua
508 1392 584 1462 loca
610 1391 808 1478 reformare,
834 1390 972 1461 stabula
998 1389 1115 1461 curiae
1140 1396 1270 1480 tegere.

269 1486 280 1508 ’
331 1512 619 1599 Jurnuowrczn‚
645 1511 729 1581 villa
755 1509 956 1600 capitularis
974 1510 1010 1580 in
1028 1510 1104 1582 iure
1130 1509 1294 1582 Polonico
1321 1511 1444 1599 locata,
1467 1515 1504 1582 et
1520 1511 1587 1583 sub
1610 1511 1788 1601 puorbin

229 1632 394 1727 ecclesiae
421 1632 464 1703 de
490 1630 773 1702 Pabianicze
801 1630 878 1718 sita,
905 1631 941 1700 iu
968 1651 1036 1720 qua
1063 1636 1145 1700 sunt
1170 1636 1249 1703 octo
1275 1630 1366 1701 lanei
1393 1630 1630 1703 cmethoualeu
1645 1637 1686 1705 ct
1701 1632 1788 1723 ‹pn-

228 1754 316 1824 libet
341 1753 477 1822 cmetho
505 1752 547 1822 de
574 1751 675 1822 laneo
702 1750 807 1821 solvit
841 1771 905 1840 pro
932 1771 1047 1822 annuo
1074 1771 1179 1821 censu
1214 1750 1362 1821 mediam
1390 1770 1598 1841 sexagenum
1623 1750 1787 1842 capitib

227 1879 264 1943 et
288 1893 352 1963 pro
380 1878 463 1943 nota
489 1871 626 1943 notario
652 1870 801 1941 medium
828 1889 997 1960 grossum,
1024 1870 1107 1941 item
1126 1870 1212 1942 duos
1230 1891 1387 1962 capones,
1413 1871 1498 1942 item
1525 1870 1784 1967 quatuor-clio-

226 2014 285 2064 ros
319 1993 443 2080 tritici,
471 1998 508 2063 et
532 1998 684 2082 quatuor
719 1991 842 2061 choros
878 2011 1026 2079 avenae,
1062 2011 1243 2061 mensurae
1279 1988 1545 2062 Szadlroviensis
1578 1990 1719 2081 planu
1742 1998 1788 2065 et

227 2111 393 2202 aequalia,
421 2111 505 2182 item
531 2112 678 2201 triginta
705 2132 780 2199 ova,
807 2111 891 2181 item
918 2110 1004 2181 duos
1030 2131 1171 2199 grossos
1197 2131 1261 2200 pro
1288 2131 1394 2182 censu
1419 2110 1610 2202 ioeub·,qm
1629 2118 1788 2185 voum

226 2254 366 2319 ,ozenam
393 2232 476 2302 item
504 2232 650 2320 quilibet
675 2238 816 2303 tenetur
843 2231 968 2302 ducere
987 2231 1167 2301 duodecim
1194 2251 1317 2302 currus
1343 2231 1517 2321 lignorum
1539 2230 1787 2337 ‹lo-laneum!

229 2353 360 2424 curiam
388 2353 422 2421 in
450 2350 741 2422 Pabianicze.
767 2351 856 2422 Item
874 2352 910 2422 iu
928 2350 1071 2440 praedio
1098 2349 1341 2423 Pabianicensi
1366 2356 1534 2423 tenentur
1551 2372 1672 2425 omnes
1688 2362 1790 2427 m

231 2472 364 2559 thonas,
390 2471 491 2541 simul
519 2491 621 2560 agros
648 2491 707 2540 eos
735 2470 985 2560 contingentes,
1013 2470 1072 2559 qui
1099 2477 1267 2541 vocantur
1293 2466 1443 2560 inimici,
1470 2490 1582 2561 arara
1608 2470 1787 2563 arpicnuc,

229 2580 403 2663 immerito
430 2590 546 2661 curiae
574 2591 752 2679 seminare,
778 2595 920 2679 metere,
947 2611 1091 2662 acervos
1117 2611 1181 2679 pro
1208 2591 1260 2661 eis
1286 2590 1473 2680 disponere
1498 2598 1535 2663 et
1559 2592 1597 2663 in
1613 2591 1789 2665 horreum

229 2711 380 2802 propriis
394 2711 554 2782 curribus
582 2711 755 2799 iuducere
782 2711 865 2782 item
892 2716 1056 2782 tenentur
1078 2732 1183 2781 unum
1202 2717 1341 2800 pratum
1368 2732 1432 2801 pro
1450 2713 1548 2783 curia
1563 2711 1789 2804 nimature,

228 2838 394 2919 rastrare,
421 2831 583 2921 colligere
610 2837 646 2902 et
673 2832 709 2901 in
736 2831 900 2902 horreum
927 2830 1072 2918 ducere3
1108 2831 1191 2901 item
1218 2853 1288 2902 non
1315 2820 1444 2901 est'ibi
1471 2831 1718 2921 molendinmn,
1744 2838 1789 2906 ct

228 2953 428 3025 cmethones
455 2952 491 3022 iu
518 2951 723 3023 molendinis
751 2951 1002 3040 capitularibus
1029 2950 1157 3022 molere
1185 2957 1359 3022 tenentur.
1393 2951 1482 3022 Item
1508 2951 1601 3024 villa'
1621 2951 1792 3042 preerat·

228 3073 332 3146 solvit
359 3073 526 3143 decimam
552 3070 804 3159 manipularem
830 3070 1093 3161 praepositurae
1117 3071 1350 3160 Lanciciensi‚
1386 3077 1423 3141 et
1448 3070 1580 3143 ducunt
1604 3092 1681 3143 eam
1699 3092 1790 3163 pro-

226 3195 313 3285 priis
340 3194 499 3266 curribus
526 3193 562 3262 iu
589 3192 752 3262 horreum
779 3212 801 3260 a
825 3190 1025 3280 praeposito
1051 3190 1235 3262 locandum
1252 3197 1288 3261 et
1305 3191 1472 3263 decimum
1497 3192 1622 3282 canapi
1638 3190 1790 3267 solvunt

227 3315 270 3385 de
297 3314 398 3385 laneo
435 3335 498 3403 per
525 3312 612 3383 duas
648 3312 786 3401 ierugas
822 3318 859 3383 et
885 3311 983 3382 valor
1018 3311 1170 3382 decimae
1207 3313 1411 3383 aestimatur
1446 3312 1491 3413 ad
1526 3318 1601 3384 tres
1626 3330 1789 3405 mm,

228 3435 413 3526 aliquando
441 3435 485 3505 ad
513 3439 672 3525 quatuor,
700 3430 884 3521 aliquando
913 3430 956 3502 ad
976 3432 1137 3522 quinque
1165 3432 1250 3502 item
1268 3432 1446 3504 hortrdani
1463 3452 1532 3504 nou
1551 3437 1641 3521 sunt,
1667 3454 1789 3525 nequ

227 3555 374 3628 taberna
391 3555 426 3624 in
447 3552 530 3625 villa
556 3552 687 3640 eadem,
715 3552 798 3622 item
818 3551 1017 3622 cmethones
1044 3551 1146 3623 villae
1164 3556 1328 3622 tenentur
1348 3552 1446 3622 retia
1462 3551 1590 3623 ducere
1616 3552 1653 3625 in
1673 3572 1788 3625 vena-

226 3676 340 3746 tioues
367 3675 401 3744 in
431 3693 598 3762 campum,
625 3678 661 3742 ct
688 3671 885 3742 necessaria
909 3691 973 3760 pro
1000 3670 1152 3742 statione
1179 3677 1215 3741 et
1242 3671 1393 3743 adventu
1419 3671 1611 3743 canonicali
1636 3671 1673 3743 iu
1704 3670 1789 3765 115-

227 3795 425 3882 otrkow3
461 3795 546 3864 item
582 3793 747 3865 ducturas
785 3798 948 3863 tenentur
982 3790 1095 3862 facere
1123 3813 1145 3860 a
1170 3791 1254 3861 villa
1280 3793 1316 3862 in
1344 3791 1480 3882 villam,
1515 3797 1552 3864 et
1577 3792 1614 3863 in
1639 3790 1720 3865 iore
1745 3800 1788 3867 et

227 3915 321 3983 circa
355 3914 505 4001 curiam,
541 3913 662 3983 hortos
689 3920 725 3984 et
760 3913 872 3983 locum
908 3918 1072 4002 pasturae
1108 3912 1144 3981 iu
1171 3911 1256 3983 locis
1292 3912 1503 4005 consignatis
1539 3913 1654 4004 sepire
1679 3918 1719 3985 et
1744 3912 1787 3986 in

230 4032 416 4121 aggeribus
442 4032 653 4119 piscinarum
680 4053 743 4101 sua
769 4032 846 4101 loca
872 4032 1071 4121 reformare,
1099 4032 1238 4103 stabula
1264 4033 1382 4104 curiae
1408 4039 1537 4123 tegere.

334 4148 524 4237 Bronton,
552 4149 635 4218 villa
661 4149 862 4239 capitularis
888 4151 924 4221 iu
951 4152 1025 4222 iure
1044 4152 1208 4224 Polonico
1234 4151 1358 4242 locata,
1385 4159 1422 4224 et
1449 4154 1513 4226 sub
1540 4152 1708 4244 parochia
1724 4174 1786 4227 ec-

229 4268 353 4340 clesiae
381 4268 424 4338 de
450 4266 735 4339 Pabianicze
763 4270 841 4359 sita,
868 4270 904 4339 in
932 4291 999 4359 qua
1026 4279 1107 4343 sunt
1134 4272 1314 4344 duodecim
1340 4273 1432 4343 lanei
1460 4272 1708 4363 cmethonules,
1745 4280 1788 4348 ct

229 4389 377 4481 quilibet
404 4390 542 4461 emetlro
561 4389 604 4459 de
622 4388 722 4460 laneo
749 4411 813 4481 pro
832 4410 946 4461 annuo
966 4411 1078 4481 ceusu,
1105 4393 1211 4463 solvit
1229 4393 1380 4482 capitulo
1398 4393 1546 4465 mediam
1572 4412 1787 4486 sexagenum

229 4517 265 4581 et
292 4517 442 4602 quatuor
467 4531 618 4601 grossos,
646 4516 682 4580 et
708 4531 771 4600 pro
800 4516 883 4582 uota
909 4512 1046 4583 notario
1073 4513 1225 4583 medium
1248 4533 1426 4603 grossum,
1453 4514 1538 4585 item
1563 4515 1651 4586 duos
1675 4490 1787 4606 etpo-

231 4652 302 4722 nes,
328 4632 412 4703 item
433 4635 583 4721 quatuor
602 4631 726 4701 choros
753 4631 872 4720 tritici,
898 4632 982 4702 item
1001 4638 1150 4722 quatuor
1177 4633 1301 4704 choros
1328 4654 1459 4705 avenae
1476 4652 1658 4707 mensurae
1674 4619 1790 4711 Sinda*

228 4753 403 4824 koviensis
430 4752 555 4843 planae
574 4755 611 4822 et
629 4752 791 4841 aequalis,
819 4753 901 4823 item
928 4753 1074 4842 triginta
1101 4773 1176 4841 ova,
1202 4754 1286 4825 item
1313 4754 1400 4826 duos
1425 4775 1566 4846 grossos
1591 4776 1657 4846 pro
1674 4774 1811 4831 ceum.

229 4870 338 4971 foeni,
375 4873 434 4962 qui
461 4876 606 4943 vocatur
631 4893 775 4956 scenam
811 4873 894 4943 item
922 4872 1068 4963 quilibet
1102 4879 1243 4944 tenetur
1278 4874 1405 4946 ducere
1443 4874 1625 4949 duodecim
1655 4890 1787 4953 mm

229 4988 400 5078 lignorum
427 4991 470 5062 de
496 4992 597 5066 laneo
625 4991 670 5063 ad
697 4992 827 5063 curiam
855 4992 890 5062 in
916 4991 1180 5064 Pabianiee.
1206 4992 1295 5065 Item
1313 4994 1350 5064 in
1367 4994 1510 5085 praedio
1536 4994 1787 5073 Pitumnum

229 5115 393 5181 tenentur
420 5132 538 5183 omnes
565 5113 765 5185 cmethones
791 5112 892 5184 simul
920 5133 1023 5202 agros
1050 5133 1110 5184 eos
1127 5114 1376 5204 contingentes,
1403 5120 1440 5187 et
1466 5115 1552 5205 ipsis
1570 5115 1787 5209 designatos

229 5233 266 5298 et
292 5237 538 5320 emensuratos,
565 5252 677 5321 arare,
704 5232 879 5324 amicare,
907 5231 1079 5303 frumento
1107 5232 1223 5303 curiae
1250 5233 1440 5323 seminare,
1465 5240 1607 5326 metere,
1634 5252 1785 5311 acervos

116 5428 119 5433 Ι
229 5366 306 5442 pro
329 5346 380 5419 eis
415 5348 598 5448 disponere
634 5359 670 5437 el
705 5353 741 5433 in
776 5352 939 5425 horreum
978 5353 1131 5451 propriis
1167 5354 1327 5433 curribus
1367 5355 1577 5450 conducere,
1616 5356 1709 5431 recia
1745 5358 1786 5438 in
