4050 6054
1607 429 1680 508 337

136 635 221 708 item
246 634 426 727 praedium
453 642 507 708 est
534 635 582 708 ibi
607 635 747 741 unicum
773 620 1118 729 311111333Γ31333133
1137 638 1231 730 agris
1258 602 1682 714 331311331331313333ἷ1ἑ

136 756 460 847 pulcris-ecclesiae
487 756 677 846 parochiali
703 757 740 827 in
767 754 920 828 Gorin.
1191 854 1194 859 ι
1597 760 1605 773 “

240 866 429 949 Abssuacta
455 877 626 949 violenter
651 897 715 968 per
741 878 1036 968 archiepiscopum
1063 875 1308 950 Gneznensem.

242 999 436 1084 Brnwczn,
462 996 545 1068 villa
572 999 636 1069 sub
663 998 829 1087 parochia
855 999 1020 1070 ecclesiae
1047 999 1089 1069 de
1117 995 1260 1072 Gorin
1287 1000 1368 1090 sita,
1395 1001 1492 1074 cuius
1517 1000 1684 1074 haeredes

136 1116 363 1190 Nicolaus
398 1121 435 1188 et
469 1116 760 1207 Stanislaus,
796 1119 930 1190 nobiles
967 1119 1009 1189 de
1036 1118 1141 1190 armis
1175 1117 1398 1211 Nalancz,
1434 1122 1470 1191 in
1506 1143 1575 1212 qua
1600 1129 1683 1194 sunt

135 1237 228 1308 lanei
264 1237 515 1327 emethonaleS,
548 1219 743 1328 dequibus
779 1239 938 1309 omnibns
974 1238 1120 1310 solvitur
1151 1224 1283 1309 decima
1308 1240 1534 1330 manipularis
1560 1248 1596 1312 et
1621 1261 1685 1330 per

137 1364 287 1447 quatuor
312 1358 451 1447 iemgas
479 1358 653 1447 canapalis
681 1357 882 1430 scolastriae
904 1358 1184 1448 Sandomiriensi,
1211 1364 1247 1429 31
1273 1358 1405 1431 ducunt
1431 1339 1509 1431 eam
1533 1364 1684 1434 31331113-

225 1479 262 1549 in
287 1479 452 1550 horreum
479 1499 500 1548 a
527 1479 707 1551 scolastico
735 1478 917 1549 locandum
944 1484 979 1550 et
1006 1478 1104 1550 valor
1130 1480 1204 1550 eius
1231 1480 1437 1553 aestimatur
1463 1481 1507 1552 ad
1543 1537 1656 1553 .....
1675 1538 1684 1574 ,

111 1579 130 1704 'f
286 1599 413 1687 berna,
439 1599 523 1669 item
549 1598 788 1688 hortulanus,
816 1599 900 1669 item
928 1599 1107 1688 praedium
1133 1604 1188 1670 est
1214 1600 1263 1671 ibi
1290 1600 1428 1672 unicum
1454 1602 1615 1693 mihtare,
1642 1602 1684 1673 de

113 1498 355 1915 tagus
383 1719 530 1789 solvitur
557 1719 690 1788 decima
715 1719 941 1807 manipularis
968 1718 1132 1790 ecelesiae
1159 1721 1350 1808 parochiali
1376 1721 1412 1792 in
1439 1718 1592 1794 Gorin.

277 1840 434 1909 hstracta
460 1838 631 1908 violenter
657 1857 719 1926 per
745 1838 1041 1927 archiepiscopum
1069 1837 1315 1911 Gneznensem.

242 1958 391 2029 Wonrn
406 1955 610 2047 Gonmsnn,
628 1958 714 2029 villa
731 1959 795 2030 sub
813 1959 980 2048 parochia
993 1959 1157 2031 ecclesiae
1175 1959 1218 2030 de
1237 1957 1381 2033 Gorin
1399 1961 1475 2051 sita,
1493 1962 1589 2033 cuius
1603 1961 1686 2033 hae·

138 2098 195 2149 res
212 2077 390 2148 Johannes
408 2076 754 2168 szbanszky,·de
773 2079 879 2149 armis
897 2078 1042 2149 Nalan
1053 2099 1116 2168 cz,
1139 2080 1175 2149 in
1194 2099 1262 2170 qua
1280 2087 1361 2151 sunt
1378 2080 1470 2151 lanei
1488 2081 1686 2152 emethona-

139 2198 200 2286 133,
228 2197 270 2267 de
297 2198 421 2287 quibus
450 2199 607 2268 omnibus
635 2196 781 2269 solvitur
808 2199 941 2270 decima
966 2198 1192 2288 manipularis
1219 2205 1255 2269 et
1280 2220 1345 2289 per
1371 2206 1519 2291 quatuor
1546 2201 1685 2291 ierugas

140 2317 315 2406 canapalis
338 2312 545 2388 'scolastriao
572 2314 853 2409 Sandomiriensi,
880 2324 916 2389 et
943 2319 1071 2390 ducunt
1097 2338 1172 2390 eam
1199 2320 1397 2390 cmethones
1423 2321 1460 2390 in
1486 2315 1688 2391 horreuma

140 2436 321 2508 scolastico
348 2437 531 2508 locandum
549 2442 585 2508 et
604 2438 702 2508 valor
728 2438 803 2509 eius
831 2439 1036 2512 aestimatur
1062 2438 1106 2510 ad
1125 2493 1238 2509 .....
1256 2493 1265 2528 ,
1291 2439 1375 2510 item
1401 2440 1577 2528 tabernae,
1603 2440 1688 2511 item

139 2556 368 2646 hortulaniae,
395 2559 479 2628 item
506 2557 685 2646 praedium
712 2565 767 2629 est
793 2559 841 2629 ibi
868 2559 1006 2630 unicum
1032 2558 1200 2648 militare,
1227 2557 1271 2630 de
1298 2559 1394 2631 cuius
1421 2559 1515 2650 agris
1541 2559 1688 2631 solvitur

142 2677 275 2748 decima
292 2731 460 2748 .......

243 2796 430 2869 Abstracta
455 2798 626 2888 violenter
652 2819 715 2888 per
742 2799 1040 2889 archiepiscopum
1069 2797 1317 2871 Gneznensem.
1429 2793 1430 2796 ’

243 2917 332 2989 Item
359 2918 557 3009 notandum,
586 2919 676 3010 quod
704 2940 781 2990 cum
800 2920 1080 3009 archiepiscopus
1100 2917 1313 2991 Gneznensis
1331 2918 1688 3010 Dabrogostius,

142 3041 282 3108 vocatus
310 3038 602 3128 Widrzioko,
639 3041 789 3131 quinque
817 3040 967 3111 decimas
994 3039 1227 3129 manipulares
1254 3060 1276 3109 a
1302 3040 1484 3111 scolastria
1510 3039 1689 3111 Sandomi-

141 3157 248 3229 riensi
274 3159 309 3228 vi
336 3159 584 3249 abstraxisset,
611 3181 770 3231 asserens
797 3181 873 3250 eas,
902 3161 1000 3250 quasi
1026 3161 1062 3230 in
1089 3180 1181 3231 nova
1206 3158 1324 3230 radice
1352 3165 1617 3251 consurgentes,
1645 3160 1691 3230 ad

142 3298 180 3348 se
206 3280 390 3368 pertinere,
417 3280 682 3351 Vilhelmus
710 3287 793 3351 tunc
820 3281 984 3350 ecclesiae
1003 3278 1291 3351 Sandomiriensis
1311 3280 1512 3352 scolasticus
1538 3279 1691 3355 incuria

142 3419 285 3471 romana
312 3407 434 3473 contra
460 3400 757 3489 archiepiscopum
783 3400 962 3490 litigando,
990 3400 1068 3471 11133
1096 3400 1208 3490 euicit,
1236 3400 1369 3492 luitque
1396 3402 1469 3490 ipse
1495 3405 1531 3471 et
1557 3399 1691 3490 aliquot

48 3560 53 3565 -
143 3520 199 3592 sui
223 3541 456 3611 successores,
484 3521 645 3592 videlicet
671 3520 901 3610 Shigneus
938 3521 980 3591 de
1015 3519 1316 3611 Oleschnica,
1354 3526 1478 3613 expost
1503 3519 1690 3592 cardinalis
1756 3550 1762 3561 ·

143 3642 386 3732 aepiscopus
414 3641 670 3732 Oracoviensis,
707 3641 901 3714 Stanislaus
937 3641 1156 3731 Gzyolek,
1193 3639 1366 3713 scolastici
1393 3638 1689 3712 Sandomirienses

50 3851 52 3855 v
143 3760 178 3832 in
195 3762 334 3834 illarum
351 3763 494 3852 pacifica
511 3764 738 3852 possessione;
757 3762 986 3834 hibertus
1013 3763 1159 3851 posthoc
1183 3761 1208 3831 'J
1219 3761 1547 3851 astrzabyecz‚
1575 3760 1689 3831 archi-

143 3882 324 3973 episcopus
360 3880 592 3972 Gneznensis,
628 3882 838 3954 stanislaum
874 3880 1095 3974 Czyoleh,
1131 3886 1215 3954 tunc
1247 3881 1465 3952 scolasticum
1492 3880 1534 3951 de
1562 3879 1691 3951 eisdem

143 4001 270 4074 iterum
297 4003 468 4094 spoliarit,
496 4009 532 4074 et
557 4004 640 4074 11331
666 4003 859 4076 Stanislaus
887 4002 1173 4093 Czyelantlro
1206 4001 1318 4074 eidem
1345 4002 1381 4073 in
1408 4002 1590 4073 scolastria
1616 4022 1693 4073 suc·

91 4199 95 4206 ,
144 4121 278 4215 cedens,
296 4143 374 4195 cum
391 4124 575 4195 Vincentio
593 4123 715 4195 Koth
740 4130 823 4195 tunc
842 4125 1100 4213 archiepiscopo
1119 4144 1182 4213 pro
1201 4122 1331 4194 eisdem
1349 4121 1489 4194 decimis
1510 4123 1692 4212 litigasset,

39 4314 43 4320 .
143 4246 189 4313 rd·
208 4249 327 4316 tamen
352 4244 553 4334 imperfecta
581 4244 676 4316 obiit.
704 4244 792 4315 Sunt
818 4251 933 4315 autem
960 4264 1020 4315 sex
1048 4244 1200 4314 decimae
1228 4244 1324 4333 istae,
1351 4243 1388 4313 in
1415 4242 1540 4333 quibus
1558 4239 1693 4331 profert

128 4362 293 4452 spolium
320 4365 502 4437 scolastria
519 4365 808 4437 Sandomiriensis
836 4366 874 4439 in
898 4365 987 4435 hanc
1014 4365 1122 4436 diem:
1150 4364 1186 4435 in
1214 4362 1414 4454 Gelzow,
1440 4363 1693 4451 Plaszkou‚
1745 4443 1748 4446 ,

61 4536 64 4541 .
145 4481 355 4576 Zawada,
382 4487 617 4576 Byrwcze,
645 4485 807 4576 Wolya
838 4482 1074 4557 Gorinska
1101 4490 1137 4556 et
1163 4484 1365 4575 Solyeoz.
1537 4566 1541 4574 ⁴

241 4600 523 4678 smwowrczn‘
539 4605 686 4696 Mmon,
722 4606 805 4676 villa
836 4606 900 4677 sub
928 4605 1093 4695 parochia
1127 4605 1291 4677 ecclesiae
1319 4606 1361 4678 de
1388 4604 1577 4676 Zarnow
1605 4603 1691 4691 sita,

145 4706 1439 4818 333311133333133333,33311133313333113311131131133,
1469 4726 1506 4796 in
1525 4745 1593 4815 qua
1611 4727 1694 4794 sunt

145 4851 218 4917 tres
243 4842 605 4956 laneicmethoneles,
633 4847 675 4919 de
695 4848 818 4939 quibus
837 4847 985 4920 solvitur
1013 4846 1146 4920 decima
1163 4840 1388 4938 manipularis
1410 4848 1447 4916 et
1463 4865 1525 4936 per
1544 4849 1693 4935 quatuor

87 4958 89 4962 ⁴
145 4967 283 5058 ierugas
311 4969 485 5057 canapalis
512 4969 713 5040 scolastriae
740 4968 1032 5059 Sandomiriensi,
1065 4974 1104 5055 et
1129 4968 1259 5067 ducunt
1285 4987 1362 5038 eam
1387 4965 1586 5039 emethones
1612 4984 1694 5054 pro·

144 5088 232 5177 priis
268 5089 426 5160 curribus
463 5089 497 5159 in
525 5090 688 5160 horreum
714 5109 736 5159 a
762 5089 945 5162 scolastico
981 5089 1161 5162 locandum
1193 5092 1229 5157 et
1255 5087 1354 5158 valor
1389 5048 1694 5157 eidffnestimatur'

146 5198 321 5280 adunam
347 5230 588 5321 3333333333,ι
603 5209 693 5281 Item
719 5211 888 5283 tabernae
915 5233 985 5283 non
1011 5216 1108 5298 sunt,
1143 5209 1227 5278 item
1253 5206 1471 5279 hortulaniae
1498 5226 1567 5277 non
1593 5211 1694 5294 sunt,

569 5326 583 5359 ἡ
919 5316 922 5325 ,

248 5495 296 5540 mn.
310 5496 405 5540 33333.
1487 5466 1530 5528 43
