4050 6054
234 397 308 472 570

231 615 318 697 tem,
346 604 569 696 conveniant,
597 607 777 677 eteorum
806 600 952 695 quilibet
979 598 1178 695 conveniat,
1205 596 1249 677 de
1275 598 1441 695 negotiis,
1469 592 1799 675 ιιιιιιιιιιιιιιὶιι-

230 727 323 799 tibus
350 726 503 798 eiusdem
530 727 695 797 ecclcsiae
722 727 910 797 tractaturi
936 732 972 797 et
990 724 1177 817 provisuri,
1204 724 1272 796 nisi
1299 745 1377 795 eum
1394 730 1456 796 not
1440 722 1560 796 tabilis
1585 704 1795 839 siduitas,

234 854 272 919 et
289 849 478 939 signanter,
506 848 536 918 si
554 852 653 919 extra
671 846 854 919 dioecesim
873 868 1013 919 manere
1031 845 1129 918 illum
1148 844 1345 937 contigerit,
1372 848 1562 917 excusaret
1585 798 1694 917 item
1722 846 1797 917 sta·

229 971 374 1059 tuimus,
403 970 601 1041 ordinamus
621 973 657 1040 ct
675 969 905 1058 decernimus,
934 969 1025 1058 quod
1044 967 1165 1039 eadem
1194 965 1340 1037 ecclesia
1357 966 1542 1057 collegiata
1559 960 1794 1037 Sandccensis

230 1110 300 1161 una
317 1110 395 1162 cum
414 1089 485 1160 suis
503 1089 717 1160 beneficiatis
744 1088 902 1159 omnibus
930 1094 965 1159 ιι
983 1088 1142 1178 singulis,
1169 1087 1369 1159 admodum
1397 1088 1545 1159 aliarum
1563 1086 1793 1158 ecclesiarum

233 1210 492 1301 collegiatarum
522 1216 661 1280 nostrae
698 1210 864 1281 dioecesis
893 1208 1091 1280 Gracovicn.
1128 1210 1286 1280 omnibus
1314 1214 1350 1279 et
1371 1208 1518 1298 singulis
1554 1206 1796 1297 libertatibus,

230 1330 494 1420 praerogativis
522 1331 657 1401 iuribus
684 1336 719 1401 et
737 1330 937 1421 privilegiis,
965 1330 1094 1401 talibus
1122 1329 1276 1400 ecclesiis
1303 1330 1345 1400 de
1365 1329 1440 1399 iure
1467 1329 1523 1400 vel
1542 1327 1796 1400 consuetudine

232 1451 324 1522 datis
343 1457 378 1523 et
397 1452 586 1540 concessis,
609 1451 762 1541 gaudere
781 1452 905 1523 debeat
923 1458 960 1521 et
977 1451 1110 1539 fulciri3
1129 1451 1287 1542 quodque
1306 1450 1410 1520 etiam
1429 1450 1473 1521 ab
1492 1450 1652 1522 omnibus
1671 1446 1796 1520 oneri·

235 1573 315 1664 bus,
334 1570 638 1663 procurationibus
652 1578 688 1643 et
701 1573 957 1662 provisionibus
971 1556 1204 1642 archidiaconi
1219 1572 1265 1642 sit
1279 1592 1414 1641 exnunc
1431 1577 1468 1642 et
1481 1570 1634 1669 inantea
1651 1570 1797 1660 penitus

234 1698 271 1764 et
298 1693 435 1765 omnino
462 1692 574 1765 libera
601 1698 637 1764 et
663 1700 840 1782 exempta,
877 1714 982 1763 ιιιιιιι
1010 1714 1071 1763 ιιιι
1099 1692 1244 1765 ιοιιιιιι
1279 1692 1501 1763 denariorum
1536 1691 1656 1763 Sanc-ti
1681 1690 1796 1781 Petri,

236 1834 338 1905 quern
372 1814 495 1884 vicarii
531 1814 697 1885 ecclesiae
732 1813 932 1904 praedictae
969 1814 1132 1902 colligere
1168 1818 1203 1883 et
1229 1813 1393 1902 expedire
1429 1813 1664 1902 tenebuntur,
1690 1812 1796 1883 iuxta

232 1940 349 2004 tanam
369 1934 536 2005 hactenus
556 1934 785 2024 observatam,
814 1940 967 2024 excepto.
1006 1934 1029 2005 J
1031 1933 1288 2029 urisdictionem
1306 1939 1421 2004 ιιιιιιι
1440 1933 1592 2005 eiusdem
1611 1932 1796 2023 ecclesiae,

170 2098 179 2107 ι
230 2075 523 2145 personarumque
550 2062 586 2125 et
613 2056 871 2145 suppositorum
899 2056 991 2145 eius,
1019 2055 1170 2125 omnium
1197 2061 1233 2126 et
1261 2054 1475 2144 singulorum
1502 2052 1795 2125 reformationum

232 2182 268 2246 et
295 2175 547 2246 comeationum
582 2176 683 2247 nobis
719 2181 754 2245 et
785 2177 1044 2248 successoribus
1081 2177 1209 2247 nostris
1236 2197 1300 2265 pro
1336 2182 1493 2264 tempore
1528 2174 1583 2246 vel
1610 2174 1692 2245 aliis
1731 2196 1800 2265 per

231 2316 295 2367 nos
321 2295 376 2367 vel
404 2316 622 2367 successores
650 2302 788 2367 nostros
816 2296 1034 2387 deputandis,
1069 2318 1296 2367 reservamus.
1335 2296 1424 2366 ltem
1457 2296 1659 2386 statuimus,
1697 2295 1799 2387 quod

233 2415 378 2506 quilibet
405 2417 580 2506 praelatus
599 2422 634 2487 ιι
652 2417 836 2488 canonieus
863 2416 1017 2488 eiusdem
1036 2418 1200 2487 ecclesiae
1218 2416 1446 2488 Sandecensis
1464 2417 1592 2487 haheat
1609 2415 1800 2489 almutium

233 2537 276 2607 de
303 2536 400 2608 vario
445 2543 481 2608 ιι
517 2537 667 2608 ιιιιιίιι
704 2538 747 2608 de
774 2537 1006 2628 aspergillinis
1043 2538 1189 2627 pellibus
1227 2545 1431 2627 atempore
1466 2557 1550 2609 suae
1576 2536 1801 2629 receptionis

233 2655 324 2727 infra
350 2657 500 2729 medium
528 2679 669 2747 annum,
696 2659 761 2730 sub
780 2678 891 2749 poena
918 2658 1278 2728 excommunicationis
1305 2679 1370 2747 per
1387 2678 1452 2729 nos
1483 2662 1544 2733 aut
1570 2646 1802 2729 successores

231 2783 371 2848 nostros
397 2777 549 2849 ferenda.
588 2779 677 2849 Item
705 2779 909 2869 statuimus,
945 2779 1145 2849 ordinamus
1181 2785 1217 2850 et
1244 2779 1477 2868 decernimus,
1514 2777 1608 2868 quod·
1643 2776 1803 2868 quilibet

232 2898 409 2988 praelatus
436 2904 472 2970 et
499 2899 682 2970 canonicus
714 2898 757 2969 de
784 2922 873 2971 novo
901 2905 1060 2989 receptus
1093 2900 1130 2969 in
1157 2899 1371 2989 praedictam
1399 2900 1652 2970 Sandecensem
1681 2898 1802 2971 eccle-

232 3019 333 3107 siam,
360 3018 451 3089 circa
469 3040 566 3090 suam
584 3021 818 3109 receptionem
845 3041 907 3109 por
925 3041 977 3110 se,
1003 3019 1058 3091 vel
1078 3041 1177 3091 suurn
1205 3026 1465 3110 procuratorem
1484 3019 1676 3110 legitimum
1695 3018 1801 3092 iura·

233 3145 385 3211 mentum
405 3138 663 3230 infrascriptum
684 3147 824 3212 tenetur
841 3147 1032 3231 praestare.
1072 3141 1200 3212 Forma
1218 3141 1403 3212 iuramenti
1430 3140 1677 3231 praelatorum.
1714 3126 1800 3231 Ego

233 3260 275 3331 N.
302 3261 379 3332 iuro
407 3260 451 3332 ad
478 3261 604 3332 Sancta
629 3262 696 3332 Dei
722 3261 931 3352 Evangelia,
968 3263 1059 3352 quod
1087 3263 1225 3333 domino
1257 3263 1418 3352 episcopo
1453 3283 1530 3333 meo
1567 3258 1799 3333 Graouvieusi

236 3382 400 3453 obediens
428 3403 506 3473 ero,
543 3389 579 3453 et
605 3379 700 3471 iura,
728 3383 992 3454 consuetudines
1037 3383 1261 3454 rationabiles
1297 3383 1475 3474 antiquas,
1507 3389 1547 3453 ut
1574 3382 1796 3473 approbatas

233 3502 342 3592 ipsius
369 3502 549 3591 ecclesiae,
576 3508 611 3574 ιι
637 3504 844 3592 praesertim
871 3509 1041 3574 statutum
1068 3502 1111 3573 de
1130 3503 1281 3594 almutio,
1310 3523 1427 3592 cappa,
1455 3524 1525 3574 una
1549 3522 1669 3573 marca
1694 3503 1795 3575 vica·
1834 3536 1837 3541 ·

231 3623 312 3712 riis,
348 3645 409 3694 sex
437 3624 558 3695 scottis
594 3630 629 3694 et
656 3644 716 3694 sex
742 3625 874 3714 grossis
901 3624 1106 3695 sacristiano
1134 3623 1275 3714 dandis,
1311 3644 1504 3715 proposse
1535 3629 1571 3694 et
1596 3624 1690 3696 bona
1716 3622 1790 3695 lide

232 3744 310 3814 volo
343 3764 501 3832 servare,
536 3751 573 3815 et
600 3744 744 3815 consilia
778 3744 940 3834 capituli,
977 3744 1177 3835 quaemihi
1212 3744 1351 3815 fuerunt
1379 3744 1549 3833 revelata,
1584 3743 1630 3816 ad
1666 3762 1793 3815 corum

232 3864 394 3936 damnum
421 3865 475 3935 vel
502 3864 751 3955 praeiudicium
777 3865 864 3936 nulli
890 3865 1055 3955 pandam,
1091 3875 1127 3936 et
1144 3865 1269 3936 'omnia
1305 3865 1455 3936 alienata
1481 3864 1634 3936 indebite
1662 3862 1707 3935 ad
1735 3866 1793 3935 ius

232 3991 268 4056 et
294 3986 544 4076 proprietatem
571 3986 678 4075 ipsius
705 3986 870 4056 ecclesiae
899 3987 1057 4057 omnibus
1083 3986 1184 4056 iustis
1211 3986 1322 4057 modis
1349 3993 1385 4056 et
1404 3978 1684 4076 rationabilibus,
1710 3986 1792 4077 qui·

231 4105 297 4177 bus
323 4110 463 4195 potero,
490 4107 678 4195 revocabo,
715 4107 846 4177 sicma
872 4106 966 4178 Deus
994 4107 1135 4177 adiuvet
1165 4113 1200 4177 ιι
1227 4107 1314 4178 ιιιιι
1340 4106 1466 4177 Sancta
1493 4106 1557 4177 Dei
1583 4104 1792 4196 Evangelia

233 4226 382 4316 Insuper
409 4228 490 4317 quia
522 4226 700 4297 ecclesiam
728 4212 941 4317 praedictam
973 4227 1161 4300 Sandecen.
1184 4220 1324 4298 interim
1351 4249 1419 4318 quo
1445 4227 1654 4318 parochialis
1686 4232 1792 4317 esset,

232 4350 392 4418 novimus
420 4347 599 4437 splendide
626 4353 662 4418 et
680 4347 892 4419 sufficienter
909 4349 944 4419 in
964 4348 1036 4420 suis
1055 4350 1277 4438 ornamentis,
1304 4349 1490 4419 structuris
1517 4354 1554 4418 et
1571 4348 1792 4438 necessariis,

235 4488 299 4557 per
335 4465 493 4538 consules
529 4468 647 4557 oppidi
683 4467 869 4540 Sandecen.
904 4468 1132 4559 gubernatam
1178 4474 1213 4539 et
1249 4469 1443 4539 ordinatam
1470 4489 1564 4558 esse,
1600 4466 1795 4559 quocirca

232 4589 405 4659 erectione
433 4588 508 4659 eius
544 4588 579 4657 in
607 4588 823 4678 collegiatam
849 4611 918 4660 uon
946 4590 1117 4678 obstante,
1145 4590 1219 4659 eius
1252 4589 1533 4678 dispositionem,
1560 4588 1717 4679 regimen
1754 4594 1793 4661 et

232 4708 407 4798 ordinem,
434 4709 469 4778 in
488 4708 764 4780 administranda
791 4730 888 4799 cera,
917 4709 1014 4800 vino,
1043 4710 1133 4798 oleo,
1161 4709 1372 4781 ornamentis
1399 4715 1436 4780 ιι
1454 4710 1642 4781 structuris
1667 4706 1794 4781 aediti-

231 4830 295 4901 ciis
322 4835 358 4901 et
386 4830 644 4921 quibuscunque
671 4828 879 4920 defectibus,
907 4829 1164 4920 quomodolibet
1191 4851 1267 4900 eam
1294 4829 1599 4920 concernentibus,
1625 4828 1792 4903 volunrus

232 4957 270 5022 et
295 4950 511 5023 decernimus
539 4951 574 5021 in
602 4951 816 5022 authoritate
843 4956 880 5023 et
906 4956 1101 5041 potestate,
1138 4950 1366 5042 dispositione
1393 4951 1571 5023 consulum
1598 4948 1793 5025 Saudecen.

232 5091 429 5161 remanere,
464 5071 624 5142 inhibent
609 5078 662 5142 ιιι
689 5071 847 5142 districte
874 5072 1074 5162 praeposito
1105 5076 1142 5143 et
1169 5072 1328 5144 omnibus
1355 5071 1523 5161 praelatis
1550 5077 1587 5142 et
1612 5072 1794 5145 canonicis

233 5192 385 5263 eiusdem
412 5193 597 5282 ecclesiae,
633 5213 678 5264 ue
712 5191 853 5263 cosdem
881 5192 1039 5277 consules
1066 5191 1315 5264 Sandecen.1n
1342 5193 1525 5283 gubernat
1516 5212 1615 5282 rone,
1649 5192 1796 5265 ordina·

231 5312 328 5386 tione
354 5317 392 5384 et
417 5312 585 5405 regimine
612 5312 767 5384 eiusdem
799 5312 963 5385 ecclesiae
974 5280 1199 5407 impediant,
1239 5312 1347 5384 ιιι
1338 5333 1432 5403 ipsos
1467 5319 1633 5405 tanquam
1667 5312 1795 5389 fideles
