4050 6054
239 421 316 490 486

236 625 390 697 Floriani
426 624 461 693 in
489 643 586 694 suam
611 623 862 713 proprietatem
897 627 935 691 et
960 641 1061 690 usum
1090 620 1249 709 redacta,
1285 618 1391 690 solvit
1420 617 1622 706 solvereque
1648 620 1797 687 tenetur

235 746 347 817 eidem
381 745 531 815 vicariae
566 765 630 817 seu
654 742 907 815 vicecautoriae
943 762 1025 813 suae
1053 742 1152 812 annis
1180 740 1326 830 singulis
1361 760 1425 829 pro
1453 738 1581 810 solario
1616 743 1793 828 perpetuo

236 871 386 957 quatuor
412 885 547 935 marcas
574 864 762 935 communis
788 863 963 955 pecuniae.

338 986 427 1056 Item
454 986 649 1055 vicecautor
684 984 717 1055 S.
743 982 899 1055 Floriani
933 984 1040 1054 habet
1073 982 1248 1072 propriam
1285 980 1423 1050 domum
1458 981 1493 1050 in
1521 978 1730 1050 coemeterio
1759 977 1795 1050 S.
1822 982 1825 987 ’

239 1107 394 1177 Floriani
430 1127 507 1176 cum
533 1107 637 1177 horto
663 1112 701 1176 et
726 1105 895 1195 pomerio,
922 1105 1023 1174 sitam
1051 1106 1086 1173 iu
1113 1110 1213 1192 parte
1241 1101 1464 1189 occidentali3
1491 1101 1575 1172 item
1600 1100 1797 1190 participat

235 1227 278 1297 de
305 1227 463 1297 omnibus
490 1226 567 1296 aliis
594 1227 830 1297 communibus
857 1225 1069 1316 introitibus,
1097 1224 1240 1317 quartis,
1268 1222 1472 1316 quaestibus
1498 1225 1536 1292 et
1553 1220 1794 1293 oblationibus

235 1346 382 1419 aliorum
408 1347 625 1420 vicenorum.

765 1614 967 1697 Custodia
1000 1615 1042 1695 8.
1075 1615 1268 1697 floriani.

340 1836 472 1926 Quarta
498 1837 649 1927 dignitas
684 1837 720 1906 in
747 1836 892 1907 ecclesia
917 1836 949 1908 S.
976 1836 1130 1908 Floriani
1167 1834 1342 1923 custodia,
1378 1853 1481 1924 quam
1507 1836 1588 1903 ante
1614 1833 1794 1923 adaequa·

235 1958 365 2030 tionem
392 1959 456 2029 sub
485 1963 599 2028 aetate
626 1978 703 2027 mea
724 1957 925 2047 possidebat
950 1956 1167 2049 Nyemyerza
1194 1956 1236 2026 de
1254 1954 1465 2026 Krzelow
1492 1952 1675 2025 canonicus
1703 1951 1794 2025 Gra·

236 2079 421 2167 coviensis,
448 2079 574 2149 nobilis
593 2078 636 2148 de
655 2077 756 2149 domo
783 2077 990 2169 Vulpium,
1019 2098 1087 2168 quo
1116 2076 1146 2147 a'.
1162 2077 1204 2146 D.
1227 2076 1323 2147 1429
1344 2076 1547 2164 absumpto,
1574 2078 1611 2144 et
1629 2073 1793 2146 custodia

235 2198 269 2269 S.
295 2198 451 2270 Floriani
486 2199 530 2269 ad
557 2199 837 2289 coaequationem
864 2198 1011 2269 aliorum
1039 2197 1283 2269 beneficiorum
1308 2196 1469 2285 redacta,
1500 2195 1555 2266 ius
1581 2198 1793 2285 patronatus

235 2326 271 2391 et
297 2318 543 2409 praesentandi
569 2319 682 2391 dictae
709 2317 895 2391 Custodiae
921 2320 965 2390 ad
983 2326 1172 2409 rectorem,
1199 2318 1360 2390 doctores
1387 2323 1423 2387 et
1441 2316 1625 2406 magistros
1651 2314 1793 2406 collegii

237 2441 440 2511 artistarum
469 2440 619 2530 devenit,
646 2439 905 2533 aserenissimo
933 2439 1097 2511 Poloniae
1115 2459 1199 2529 rege
1217 2438 1468 2510 Vladislao
1496 2435 1653 2508 Secundo
1680 2435 1792 2507 doua-
1844 2530 1853 2539 ·

235 2561 330 2633 tione
356 2568 525 2651 perpetua
560 2562 596 2631 in
623 2582 682 2633 eos
708 2560 941 2650 transfusum,
977 2581 1079 2650 quam
1106 2580 1197 2630 nuuc
1231 2560 1367 2631 obtinet
1402 2558 1568 2651 magister
1593 2556 1791 2630 Stauislaus

236 2682 278 2752 de
306 2680 515 2771 Zawada,
542 2702 662 2753 sacrae
688 2682 885 2772 theologiae
911 2681 1103 2772 professor,
1140 2701 1228 2771 quae
1255 2702 1320 2771 pro
1348 2700 1411 2751 sua
1437 2678 1518 2751 dote
1544 2684 1651 2770 atque
1677 2676 1789 2750 iundo

236 2800 475 2890 infrascriptos
501 2802 609 2873 habet
634 2807 834 2891 proventus.
1658 2804 1662 2809 '

340 2921 584 3011 Xauouuczu,
610 2922 694 2994 villa
721 2923 785 2993 sub
803 2922 969 3012 parocbia
994 2922 1160 2994 ecclesiae
1188 2922 1231 2992 de
1257 2921 1303 2990 W
1311 2920 1682 3012 yanczslawicze
1708 2919 1791 3010 sita,

236 3062 324 3134 quae
352 3049 406 3116 est
432 3043 617 3132 primarius
642 3042 768 3114 fundus
796 3043 972 3114 custodiae
1000 3042 1033 3114 S.
1059 3042 1232 3131 Floriani,
1259 3043 1295 3112 in
1314 3062 1383 3133 qua
1399 3046 1481 3112 sunt
1509 3039 1668 3112 undecim
1694 3039 1790 3112 lanei

235 3163 486 3254 cmethonales‚
523 3170 558 3234 et
585 3164 731 3255 quilibet
757 3185 821 3255 pro
849 3185 953 3235 censu
980 3184 1094 3235 annuo
1130 3163 1283 3236 infesto
1311 3162 1343 3234 S.
1369 3161 1517 3235 Martini
1548 3160 1653 3233 solvit
1679 3181 1788 3234 unam

235 3304 463 3374 sexagenam3
498 3286 581 3355 item
616 3285 777 3356 laborant
813 3290 961 3376 quatuor
997 3284 1071 3356 dies
1092 3285 1142 3385 *in
1179 3285 1372 3374 septimana
1407 3283 1549 3374 proprio
1586 3302 1690 3353 curru
1725 3288 1791 3352 aut

235 3411 372 3494 aratro,
409 3405 491 3476 item
518 3406 624 3477 solvit
655 3406 741 3476 duos
768 3405 879 3496 gallos
910 3411 947 3476 et
972 3405 1119 3494 triginta
1146 3425 1231 3495 ova;
1257 3405 1342 3476 item
1370 3425 1515 3476 avenam
1542 3425 1611 3475 uon
1637 3403 1790 3475 solvunt.

233 3524 322 3596 Ibem
349 3526 513 3598 ducturas
540 3526 671 3598 iaciunt
693 3527 868 3598 ordinarie
894 3526 939 3597 ad
956 3526 1128 3597 rationem
1156 3526 1288 3597 diorum
1315 3526 1352 3596 in
1370 3525 1564 3616 septimana
1582 3523 1789 3596 debitorum.

233 3644 322 3717 Item
349 3653 404 3721 est
425 3647 474 3718 ibi
501 3669 570 3718 uua
596 3649 743 3719 taberna
768 3649 900 3719 habens
927 3668 1049 3738 agros,
1076 3668 1164 3737 quae
1191 3668 1255 3747 pro
1274 3668 1378 3718 censu
1397 3666 1510 3718 annuo
1538 3644 1643 3717 solvit
1669 3650 1788 3718 custo-

234 3768 311 3838 diae
339 3772 487 3858 quatuor
514 3789 646 3840 marcas
681 3775 717 3840 et
744 3773 894 3860 quatuor
920 3788 1069 3858 capones
1105 3788 1165 3858 eo,
1200 3767 1292 3859 quod
1327 3767 1434 3839 habet
1459 3788 1562 3857 agros
1588 3767 1704 3857 largos
1749 3770 1789 3839 et

232 3894 353 3978 prata3
379 3889 462 3960 item
489 3896 571 3961 sunt
596 3890 645 3962 ibi
663 3896 736 3961 tres
762 3889 1000 3979 hortulaniae,
1025 3890 1194 3961 habentes
1221 3909 1333 3978 agros,
1360 3892 1396 3959 et
1415 3888 1561 3980 quilibet
1588 3886 1693 3958 solvit
1719 3908 1786 3977 pro

234 4029 340 4079 censu
374 4015 411 4079 et
437 4009 574 4081 laborat
608 4032 715 4081 unum
742 4009 833 4082 diem
862 4009 899 4080 in
926 4010 1120 4100 septimana
1146 4010 1322 4100 pedester,
1357 4009 1443 4080 item
1477 4013 1551 4079 tam
1578 4007 1789 4098 cmethones,

232 4129 434 4201 tabernator
469 4137 507 4201 et
531 4130 726 4221 hortulani,
761 4137 798 4203 et
833 4152 951 4203 omues
987 4152 1106 4202 eorum
1141 4131 1301 4223 inquilini
1335 4135 1499 4202 tenentur
1534 4130 1579 4201 ad
1614 4133 1788 4220 utrunque

224 4249 428 4345 powobom,
455 4252 540 4322 item
558 4272 676 4323 omnes
703 4252 794 4323 lanei
821 4252 1069 4342 cmethonales‚
1096 4253 1180 4324 item
1199 4272 1316 4323 omnes
1343 4251 1420 4342 agri
1446 4252 1613 4323 tabernae
1649 4255 1686 4321 et
1702 4249 1789 4322 bor-

233 4372 443 4443 tulaniarum
470 4372 610 4444 solvunt
637 4373 803 4444 decimam
829 4372 1079 4463 manipularem
1105 4377 1141 4444 et
1157 4394 1221 4464 per
1244 4376 1394 4464 quatuor
1420 4373 1557 4462 ierugas
1585 4371 1788 4462 canapalem

232 4494 450 4566 canonicatui
468 4500 505 4565 et
522 4494 740 4584 praebendae
759 4492 995 4583 Oracoviensi,
1014 4515 1102 4586 qnae
1121 4492 1357 4565 Grzeslawska
1375 4493 1584 4584 appellatur,
1611 4498 1647 4564 et
1664 4498 1786 4564 teuen-

232 4621 291 4685 tnr
317 4614 411 4685 illam
437 4615 589 4704 propriis
617 4616 775 4687 curribus
800 4615 838 4685 in
854 4615 1018 4691 horreum
1044 4615 1248 4687 acauouico
1275 4613 1456 4686 locandum
1483 4613 1656 4686 iuducere.
1695 4613 1788 4685 Item

233 4735 269 4804 iu
296 4735 417 4806 eadem
443 4735 527 4806 villa
554 4740 608 4807 est
634 4757 723 4807 unus
749 4736 871 4809 laneus
896 4737 1132 4827 cmethonalis,
1161 4756 1263 4827 quem
1289 4736 1374 4807 colit
1400 4736 1505 4825 curia,
1532 4734 1576 4806 de
1596 4756 1663 4826 quo
1682 4735 1788 4806 datur

231 4855 365 4925 decima
390 4854 609 4946 praebendae
636 4854 857 4928 Gracorieusi
883 4857 919 4927 in
934 4854 1154 4953 qouubwam,
1181 4856 1265 4928 item
1291 4856 1328 4926 in
1346 4854 1467 4928 eadem
1492 4856 1577 4928 villa
1602 4859 1657 4927 est
1681 4875 1785 4946 prae-

231 4975 325 5046 dium
343 4978 472 5051 bonum
498 4982 536 5049 et
553 4977 651 5049 curia
676 4977 848 5068 custodis,
875 4978 1006 5050 babens
1033 4998 1136 5069 agros
1162 4979 1290 5068 bonos,
1316 4978 1450 5049 intres
1478 4997 1616 5068 campos
1643 4975 1787 5067 divisos,

232 5096 428 5189 dequibus
455 5120 524 5171 non
551 5098 656 5171 solvit
682 5099 785 5170 alicui
820 5098 989 5170 decimam
1023 5098 1291 5191 manipularem,
1319 5098 1380 5172 sed
1407 5119 1484 5172 eam
1510 5100 1630 5171 custos
1654 5117 1721 5189 pro
1747 5118 1788 5171 se

233 5217 327 5291 tollit
352 5218 450 5291 etin
476 5219 641 5294 borreum
667 5240 768 5293 suum
793 5218 933 5292 inducit
