4050 6054
235 498 310 582 418

234 718 319 786 (luas
345 733 521 785 mensuras
549 733 679 784 avenae
707 710 750 784 de
767 709 969 784 Visliciensi
995 731 1167 799 mensura
1185 708 1278 782 item
1298 708 1444 803 quilibet
1462 708 1605 784 cmetho
1626 707 1677 781 de
1696 706 1800 781 lanea

234 834 370 906 alesta
406 834 439 905 S.
465 834 610 906 Ioannis
646 834 845 923 Baptistae,
880 853 990 923 usque
1022 833 1066 903 ad
1093 832 1217 903 festum
1245 831 1277 903 S.
1304 831 1487 903 Michaelis
1523 832 1673 905 laborat
1711 830 1799 903 duos

235 955 370 1027 diesin
397 956 590 1045 septimana
615 954 760 1044 proprio
788 973 892 1025 curru
919 958 979 1025 aut
1006 957 1134 1042 aratro;
1162 953 1326 1025 ducturas
1353 954 1457 1026 etiam
1483 952 1630 1043 iaciunt,
1661 952 1726 1024 aed
1753 950 1798 1023 ad

234 1077 404 1148 rationem
432 1075 564 1146 dierum
591 1075 627 1145 in
654 1076 848 1164 septimana
874 1074 1079 1146 debitorum.
1123 1075 1212 1146 Item
1239 1075 1354 1146 estin
1381 1074 1501 1145 eadem
1526 1074 1614 1146 villa
1642 1074 1797 1145 taberna

234 1199 366 1269 habens
394 1217 495 1286 agros
522 1195 566 1266 ad
593 1217 699 1266 unum
724 1195 862 1266 laneum
890 1196 1109 1285 aestimatos,
1145 1196 1229 1266 item
1255 1202 1412 1285 pratum,
1440 1214 1529 1287 quae
1554 1216 1578 1266 a
1605 1194 1796 1267 laboribus

236 1324 272 1388 et
297 1317 454 1389 ducturis
482 1316 649 1403 absoluta,
676 1314 781 1387 solvit
806 1336 871 1405 pro
898 1335 1003 1386 censu
1028 1320 1102 1386 tres
1128 1336 1272 1405 marcas,
1299 1316 1334 1385 iu
1352 1321 1502 1405 utraque
1519 1312 1680 1409 pomata
1696 1314 1797 1387 laba-

236 1458 327 1527 rans;
354 1438 437 1508 item
464 1426 519 1506 est
544 1435 775 1507 molendinum
803 1435 934 1506 habens
961 1436 1095 1526 aliquos
1122 1457 1235 1525 agros,
1263 1436 1354 1526 quod
1373 1436 1478 1507 solvit
1504 1456 1568 1527 pra
1586 1455 1702 1507 ceusu
1718 1440 1796 1507 tres

235 1577 378 1646 marcas,
405 1562 467 1627 aut
492 1562 676 1644 metretas,
713 1556 805 1647 quod
830 1555 1008 1627 lohannes
1035 1556 1271 1646 Dlugosch
1298 1557 1476 1646 reperiens
1502 1556 1796 1647 haereditarium,

148 1710 156 1729 ι
235 1677 360 1768 viginti
386 1677 510 1747 marcis
537 1676 684 1747 redemit
702 1682 739 1747 et
757 1677 793 1747 in
811 1676 1009 1748 libertatem
1037 1677 1244 1766 vendicavit,
1270 1676 1353 1747 item
1371 1676 1590 1748 hortulauiaa
1607 1677 1649 1747 iu
1668 1676 1796 1749 eadem

236 1798 320 1869 villa
345 1819 414 1868 non
441 1802 530 1867 sunt.
573 1797 663 1867 Item
690 1801 744 1867 est
769 1797 818 1867 ibi
845 1797 991 1868 ecclesia
1026 1796 1252 1888 parochialis,
1288 1797 1385 1867 cuius
1421 1801 1539 1868 custos
1564 1794 1797 1869 Visliciensis

239 1939 301 2009 pro
329 1916 484 2008 tempore
511 1922 565 1988 est
591 1918 710 1988 unicus
745 1924 931 2010 patronus,
967 1938 1068 2007 quam
1095 1917 1272 1989 lohannes
1298 1917 1535 2008 Dlugosch
1569 1916 1728 2009 ligneam
1758 1924 1798 1989 et

237 2038 412 2129 putridam
438 2039 624 2128 reperiens,
650 2059 749 2111 muro
776 2039 920 2130 pulchro
946 2039 1083 2128 lapideo
1110 2038 1304 2129 fabricavit,
1331 2039 1432 2110 vitris
1450 2044 1487 2110 et
1504 2038 1631 2111 casulis
1651 2044 1692 2110 et
1709 2040 1796 2111 cali-

238 2160 334 2231 cibus
369 2165 405 2229 et
431 2160 657 2249 imaginibus,
694 2159 840 2250 aliisque
876 2159 1042 2231 clenodiis
1077 2158 1274 2249 adornavit,
1311 2164 1347 2229 et
1380 2160 1415 2229 in
1442 2159 1588 2249 singulis
1623 2160 1795 2250 partibus

236 2280 494 2351 testitudinavit
520 2286 625 2370 atque
653 2286 749 2350 cocto
776 2279 887 2350 latere
913 2280 1023 2368 texit3
1060 2280 1143 2350 item
1171 2286 1224 2350 est
1252 2280 1300 2351 ibi
1327 2280 1506 2369 praedium
1533 2278 1693 2351 custodis
1712 2300 1793 2352 cum

237 2401 377 2491 optimis
403 2402 524 2489 pratis
552 2421 593 2470 ex
621 2401 717 2471 cuius
745 2401 839 2491 agris
857 2407 893 2471 et
910 2400 1195 2471 molendinatoris
1223 2400 1371 2472 solvitur
1398 2400 1531 2472 decima
1556 2400 1794 2492 manipularis

238 2520 401 2592 ecclesiae
429 2527 465 2591 et
490 2520 638 2610 plebano
667 2521 702 2591 in
729 2520 916 2609 Ohotel;
951 2521 1035 2591 item
1061 2522 1159 2593 curia
1193 2541 1270 2592 cum
1305 2521 1478 2612 pomerio,
1513 2521 1598 2593 item
1624 2528 1714 2594 suut
1741 2522 1794 2595 ibt

238 2641 306 2712 duo
332 2640 423 2711 lanei
449 2640 678 2731 episcopales,
707 2641 867 2732 episcopo
895 2639 1116 2719 cracoviensi
1142 2662 1205 2731 pro
1232 2646 1389 2731 tempore
1417 2661 1556 2714 censum
1583 2647 1622 2713 et
1647 2642 1793 2717 labores

237 2760 420 2850 solventes,
447 2768 484 2832 et
510 2769 649 2851 pratum
676 2762 872 2857 episcopale
890 2763 1056 2852 optimum
1076 2769 1112 2833 et
1130 2763 1282 2853 amplum
1299 2769 1458 2834 vocatum
1484 2763 1792 2854 Dobrovrodlra3

237 2882 320 2952 item
347 2902 465 2953 omues
490 2881 582 2952 lanei
609 2882 851 2975 cmethonales,
876 2888 949 2954 tarn
968 2882 1180 2973 episcopales
1208 2904 1311 2973 quam
1339 2884 1501 2975 custodie,
1519 2889 1556 2955 et
1573 2884 1650 2975 agri
1668 2886 1792 2957 taber·

237 3003 371 3074 nataris
398 3003 537 3074 solvunt
562 3002 728 3074 decimam
753 3004 1003 3094 manipularem
1031 3004 1166 3075 custodi
1193 3011 1229 3075 et
1256 3024 1399 3077 acervos
1426 3004 1470 3077 ad
1496 3004 1682 3077 locandum
1711 3026 1793 3079 eam

237 3123 425 3213 dIsponunt
450 3128 487 3194 et
511 3122 663 3212 propriis
691 3124 849 3195 curribus
876 3145 952 3194 eam
979 3124 1015 3194 in
1041 3124 1237 3195 huiusmodi
1264 3144 1408 3197 acervos
1434 3124 1612 3216 inducunt,
1637 3131 1678 3199 et
1691 3126 1794 3213 ¹deci-

235 3264 327 3314 mam
354 3243 476 3333 canapi
503 3243 641 3315 solvunt
667 3262 730 3334 per
756 3251 907 3334 quatuor
931 3245 1073 3335 ierugas
1100 3252 1136 3316 et
1162 3244 1260 3317 valor
1285 3246 1360 3316 eius
1396 3245 1600 3317 aestimatur
1625 3246 1673 3318 ad
1702 3247 1793 3321 duo·

235 3364 345 3435 decim
373 3384 525 3455 marcas;
561 3365 644 3461 item
671 3371 725 3435 est
751 3365 885 3454 piscina
911 3366 1042 3455 optima
1077 3385 1142 3455 per
1167 3363 1360 3437 Jobaunem
1387 3365 1624 3456 Dlugosch
1658 3368 1793 3441 marcis

235 3486 401 3557 trecentis
428 3484 594 3575 laborata,
622 3485 718 3556 cuius
745 3490 895 3556 meatum
923 3486 1186 3557 subterraneum
1214 3485 1301 3557 alias
1322 3483 1459 3581 ponpis,
1485 3486 1578 3557 idem
1603 3484 1792 3563 Iohannes

234 3606 472 3697 Dlugosch
499 3627 624 3695 magno
652 3610 790 3695 sumptu
817 3612 854 3676 et
879 3605 999 3677 labore
1027 3606 1161 3679 clausit
1186 3606 1276 3677 Item
1289 3606 1458 3696 plebanus
1485 3606 1590 3678 habet
1616 3608 1793 3697 speclales

234 3748 337 3818 agros
365 3735 400 3798 et
426 3732 528 3818 prata
555 3732 591 3797 et
616 3727 756 3814 hortos,
791 3726 874 3797 item
901 3725 984 3796 villa
1010 3726 1167 3815 praelata
1191 3726 1300 3797 habet
1325 3728 1417 3798 bona
1442 3747 1542 3818 gaya,
1569 3733 1605 3798 et
1632 3728 1793 3802 confluat

235 3869 312 3919 cum
340 3848 506 3920 suburbio
532 3846 732 3919 Visliciensi
759 3850 795 3916 et
821 3846 913 3917 villis
940 3843 1178 3936 Gluszice,
1205 3845 1428 3937 Holucza,
1460 3846 1677 3938 Byelcza,
1706 3848 1791 3922 Da·

233 3970 467 4059 brovoda,
508 3966 733 4058 Ppaszelr,
774 3966 1233 4058 Byedrzichovicze,
1272 3988 1294 4036 a
1329 3968 1453 4058 quibus
1490 3968 1653 4041 omnibus
1687 3968 1791 4042 illam

234 4088 413 4178 praelatus
431 4086 607 4159 Iohannes
634 4086 873 4177 Dlugosch
900 4108 963 4177 per
981 4087 1139 4176 scopulos
1158 4087 1422 4178 disterminavit,
1448 4090 1532 4161 item
1553 4090 1790 4181 praepositus,

235 4214 357 4281 cantor
383 4216 419 4280 et
444 4208 715 4298 praebendarius
743 4206 862 4278 Sancti
888 4206 1035 4279 Martini
1062 4208 1104 4279 de
1128 4207 1333 4279 Vislicia
1358 4210 1490 4283 habent
1508 4208 1544 4281 in
1562 4208 1684 4281 eadem
1701 4210 1790 4283 hae-

234 4330 381 4402 reditate
409 4350 472 4401 sua
497 4334 619 4419 prata3
655 4328 740 4400 item
767 4327 803 4398 in
830 4328 950 4399 eadem
977 4328 1060 4400 villa
1096 4331 1194 4400 iuxta
1228 4350 1355 4420 gayum
1391 4330 1544 4402 custodis
1570 4328 1637 4402 luit
1667 4336 1705 4403 ct
1733 4340 1790 4405 ast

231 4456 370 4542 pratum
396 4452 585 4541 litigiosum
620 4450 707 4520 alias
733 4446 916 4537 sawadna,
944 4451 1035 4541 quod
1062 4457 1206 4540 propter
1236 4448 1338 4521 funus
1365 4451 1521 4523 mulieris
1547 4451 1596 4522 ibi
1622 4460 1789 4543 repertae

232 4572 432 4664 litigiosum,
459 4572 550 4662 quod
577 4571 621 4642 ad
647 4569 765 4641 villam
792 4570 1033 4661 Byelczow
1060 4571 1268 4661 pertinebat,
1296 4571 1356 4642 sed
1384 4572 1469 4643 illud
1482 4570 1661 4645 lohannes
1679 4572 1789 4646 Dlu·

231 4692 373 4784 gorch
400 4693 526 4781 senior,
552 4696 670 4763 custos
696 4690 914 4763 Visliciensis
934 4691 977 4763 ab
996 4692 1070 4762 eius
1097 4691 1246 4763 haerede
1272 4690 1432 4764 Jobaune
1460 4691 1693 4785 Obulyccz
1709 4694 1789 4766 tri-

230 4814 330 4904 ginta
355 4814 482 4885 marcis
519 4812 666 4884 redemit
692 4817 728 4884 et
756 4812 934 4885 custodiae
960 4811 1159 4883 Visliciensi
1194 4812 1441 4903 reintegravit,
1468 4814 1511 4885 de
1540 4834 1609 4904 quo
1633 4812 1790 4887 habetur

231 4934 354 5007 littera
379 4934 551 5006 iudicialis
578 4933 615 5003 in
640 4932 789 5004 ecclesia
814 4932 1023 5005 Visliciensi.
1141 5006 1144 5011 .

336 5056 601 5145 Dounovvonn,
636 5054 720 5127 villa
746 5054 790 5126 de
814 5055 1030 5144 proprietate
1057 5053 1211 5144 episcopi
1239 5053 1496 5143 cracoviensis,
1523 5052 1655 5125 habens
1681 5053 1719 5125 iu
1748 5072 1789 5127 se

232 5177 412 5248 ecclesiam
446 5175 697 5266 parochialem,
733 5174 873 5247 filialem
909 5176 1074 5246 ecclesiae
1109 5176 1263 5246 matricis
1300 5175 1343 5246 de
1378 5173 1563 5264 (lhotel,
1598 5172 1643 5245 ad
1680 5194 1789 5265 quam

232 5297 470 5386 superioribus
488 5295 1035 5386 annisvillaeDobrowoda,
1053 5294 1269 5387 Lganow,
1288 5296 1512 5367 Baranovv
1539 5300 1575 5365 et
1601 5290 1791 5369 Gadavva

233 5415 311 5487 iure
343 5417 535 5506 parochiali
571 5418 812 5509 pertinebant,
850 5438 937 5508 quae
976 5436 1041 5506 per
1075 5415 1245 5489 loannem
1281 5414 1541 5489 Grothouis
1574 5420 1694 5488 erecta
1720 5422 1790 5511 cst,
