4050 6054
1673 450 1748 523 827

198 654 366 730 fabricam
393 656 489 747 ferri,
517 658 703 730 habentem
731 677 847 747 agros,
875 662 911 727 et
929 657 1022 729 circa
1040 657 1135 729 illam
1154 662 1208 729 est
1225 677 1295 729 una
1307 657 1455 729 taberna
1480 658 1613 730 babens
1640 679 1751 749 agros,

197 777 241 851 de
269 778 394 869 quibus
421 780 578 851 omnibus
605 779 752 850 solvitur
788 778 921 851 decima
946 779 1173 868 manipularis
1200 779 1377 850 cantoriae
1404 777 1688 870 Sandomiriensi‚
1715 786 1751 851 et

197 899 296 971 valor
322 900 396 973 eius
423 901 627 972 aestimatur
654 900 699 972 ad
725 920 830 973 unam
857 919 1017 970 marcam

301 1020 426 1111 Boon,
453 1022 538 1093 villa
555 1023 619 1093 sub
638 1022 803 1111 parocbia
821 1021 987 1092 ecclesiae
1015 1020 1057 1092 de
1075 1019 1263 1091 Konske
1290 1021 1375 1111 sita,
1403 1022 1500 1093 cuius
1518 1023 1642 1093 haeres
1659 1022 1751 1094 idem

197 1140 357 1213 Andreas
384 1141 786 1233 Dpzibalthowslry,
813 1142 937 1233 inqua
963 1147 1045 1212 sunt
1071 1161 1131 1212 sex
1157 1141 1249 1212 lanei
1275 1141 1528 1232 cmetbonales,
1556 1142 1598 1214 de
1626 1143 1750 1233 quibus

196 1260 345 1333 solvitur
370 1254 596 1351 manipularis
624 1263 756 1333 decima
783 1268 818 1333 et
836 1282 899 1351 per
923 1267 1070 1352 quatuor
1096 1261 1234 1351 ierugas
1262 1262 1436 1351 canapalis
1464 1264 1640 1334 cantoriae
1666 1262 1753 1334 San-

198 1380 416 1472 domiriensi‚
443 1388 479 1455 et
498 1384 632 1455 ducunt
647 1404 724 1455 eam
742 1384 942 1455 cmethones
961 1383 998 1453 in
1016 1384 1181 1454 horreum
1198 1402 1221 1453 a
1238 1388 1380 1453 cantore
1398 1383 1578 1455 locandum
1601 1390 1638 1455 et
1655 1384 1753 1456 valor

197 1503 271 1575 eius
289 1505 495 1575 aestimatur
511 1505 556 1575 ad
573 1510 644 1577 tres
663 1525 808 1594 marcas,
831 1504 915 1574 item
932 1504 1100 1574 tabernae
1127 1503 1232 1592 duae,
1260 1508 1296 1574 et
1314 1504 1489 1594 quaelibet
1514 1504 1621 1576 habet
1646 1526 1751 1576 unum
1782 1498 1784 1503 ’

197 1605 354 1714 laneum,
379 1625 464 1696 item
482 1626 701 1697 hortulaniae
727 1647 796 1696 non
824 1630 923 1713 sunt,
951 1624 994 1694 de
1012 1629 1160 1714 utroque
1187 1623 1286 1694 laneo
1304 1625 1478 1695 tabernali
1497 1625 1601 1696 datur
1619 1624 1752 1697 decima

196 1745 423 1836 manipularis
449 1766 513 1836 pro
532 1747 689 1818 cantoria
715 1745 1001 1834 Sandomiriensi‚
1028 1750 1064 1816 et
1082 1764 1152 1816 una
1177 1745 1323 1815 taberna
1349 1764 1392 1815 ex
1409 1746 1460 1816 eis
1485 1752 1750 1836 transpontem

198 1867 283 1956 sita,
315 1867 468 1956 pertinet
492 1865 538 1939 ad
564 1866 681 1936 villam
707 1865 941 1955 Kazanow,
976 1865 1148 1936 Dominici
1174 1865 1429 1956 Lithwosz,
1455 1866 1542 1938 item
1567 1867 1749 1957 praedium
1793 1957 1796 1965 ‚

55 2048 66 2058 .
198 2007 267 2058 non
295 1992 350 2058 est
376 1987 426 2058 ibi
452 1987 592 2077 aliquod
619 1972 780 2057 militare.

301 2106 503 2196 Sonosow,
539 2107 623 2178 villa
641 2107 705 2177 sub
724 2106 889 2196 parocbia
915 2106 1080 2178 ecclesiae
1099 2107 1142 2177 de
1168 2105 1355 2179 Konske
1382 2107 1468 2197 sita,
1504 2109 1601 2179 cuius
1627 2109 1750 2181 haeres

199 2227 290 2299 idem
317 2227 478 2299 Andreas
503 2226 862 2298 D'zibalthowsk
871 2249 907 2317 y,
944 2227 980 2297 in
1007 2247 1076 2316 qua
1103 2231 1184 2298 sunt
1210 2248 1271 2298 sen
1298 2247 1375 2299 cum
1401 2226 1515 2298 medio
1542 2229 1634 2299 lanei
1660 2249 1751 2300 cmc-

81 2332 84 2339 ’
197 2347 372 2438 thonales‚
401 2346 587 2438 dequibus
614 2346 762 2418 solvitur
779 2347 1005 2436 manipularis
1023 2347 1156 2418 decima
1182 2352 1218 2418 et
1235 2367 1298 2436 per
1318 2354 1467 2438 quatuor
1490 2349 1629 2438 ierugas
1647 2369 1750 2421 cana·
1868 2382 1871 2397 ·

198 2468 304 2558 palis,
341 2473 377 2539 et
402 2468 533 2539 ducunt
559 2487 634 2539 eam
661 2467 860 2539 cmethones
897 2468 932 2538 in
960 2470 1122 2539 borreum
1157 2473 1348 2539 acantore
1375 2468 1557 2541 locandum
1591 2473 1628 2540 et
1654 2470 1751 2541 valor

201 2589 274 2660 eius
302 2588 508 2660 aestimatur
533 2587 578 2659 ad
596 2594 669 2660 tres
687 2608 831 2659 marcas.
875 2588 964 2659 item
991 2589 1139 2660 taberna
1164 2609 1235 2660 una
1260 2588 1392 2660 habens
1419 2586 1536 2679 agros,
1562 2590 1644 2660 item
1671 2590 1753 2661 bor-

199 2701 352 2780 tulaniac
383 2710 471 2780 duae
497 2709 666 2781 habentes
694 2730 815 2799 agroS,
852 2709 894 2780 de
922 2710 1047 2799 quibus
1075 2709 1233 2781 omnibus
1260 2709 1408 2781 solvitur
1435 2710 1568 2780 decima
1593 2711 1752 2801 manipu-

197 2831 282 2902 laris
309 2831 484 2901 cantoriae
519 2828 808 2920 Sandomiriensi‚
835 2830 919 2901 item
954 2829 1135 2919 praedium
1166 2830 1215 2902 ibi
1241 2830 1380 2901 unicum
1405 2830 1574 2931 militare,
1611 2830 1654 2902 de
1682 2852 1750 2923 quo

114 2998 124 3004 -
197 2950 422 3041 manipularis
449 2949 583 3022 decima
610 2951 758 3022 solvitur
785 2951 950 3023 ecclesiae
976 2950 1167 3040 parochiali
1194 2950 1230 3021 in
1256 2950 1517 3023 Mokrzsko.

302 3070 501 3161 Kaznuoa
528 3071 612 3143 villa
638 3072 702 3142 sub
720 3072 886 3161 parochia
904 3072 1070 3142 ecclesiae
1097 3072 1133 3142 in
1150 3070 1368 3161 Konslrye
1396 3073 1483 3161 sita,
1510 3072 1608 3144 cuius
1626 3071 1750 3145 haeres

196 3191 397 3263 Doininicus
423 3190 660 3264 Lithwosz
687 3191 729 3262 de
756 3192 867 3264 armis·
888 3189 1140 3280 Grzimala‚
1176 3192 1213 3263 in
1240 3212 1309 3282 qua
1335 3197 1416 3263 sunt
1453 3210 1515 3263 sex
1541 3192 1633 3263 lanei
1659 3212 1749 3264 cmc·

196 3312 369 3402 thonales‚
396 3311 439 3383 de
458 3313 583 3403 quibus
610 3312 756 3384 solvitur
775 3312 908 3383 decima
925 3312 1151 3401 manipularis
1178 3317 1214 3382 et
1232 3332 1295 3401 per
1313 3317 1461 3402 quatuor
1486 3312 1626 3403 ierugas
1644 3332 1747 3385 cana·

196 3433 287 3523 palis
296 3419 480 3505 'cantoriae
499 3433 787 3522 Sandomiriensi‚
814 3437 850 3502 et
869 3431 999 3515 ducunt
1017 3453 1093 3503 eam
1111 3431 1311 3510 cmetbones
1328 3429 1365 3502 in
1383 3432 1546 3503 borreum
1565 3454 1588 3504 a
1605 3440 1748 3505 cantore

195 3553 378 3627 locandum
404 3560 439 3625 et
456 3554 555 3627 valor
581 3553 655 3625 eius
682 3553 886 3624 aestimatur
912 3553 957 3623 ad
975 3552 1060 3624 duas
1083 3572 1226 3623 marcas.
1261 3552 1350 3623 Item
1376 3553 1543 3625 tabernae
1569 3574 1639 3625 non
1666 3561 1748 3626 sunt

97 3742 101 3749 .
196 3676 233 3747 in
251 3675 335 3764 villa
360 3675 454 3766 ipsa,
482 3676 563 3746 item
590 3674 809 3747 hortulaniae
836 3680 909 3746 tres
936 3673 1105 3746 habentes
1132 3694 1246 3764 agros,
1274 3673 1459 3764 dequibus
1487 3673 1620 3746 decima
1637 3676 1748 3747 mani·

77 3794 79 3798 ’
196 3795 328 3886 pularis
354 3795 502 3868 solvitur
528 3795 705 3866 cantoriae
732 3793 1022 3884 Sandomiriensi3
1048 3795 1132 3865 item
1149 3793 1330 3884 praedium
1356 3793 1405 3866 ibi
1422 3794 1561 3865 unicum
1587 3794 1748 3887 militare,
1863 3780 1869 3801 ⁶

198 3915 242 3988 de
270 3937 338 4008 quo
364 3916 589 4007 manipularis
617 3917 750 3988 decima
781 3915 928 3988 solvitur
955 3915 1120 3987 ecclesiae
1147 3913 1337 4005 parochiali
1364 3914 1400 3985 in
1422 3913 1638 4019 “Kanaka
1664 3916 1748 3989 item

196 4038 356 4110 cantoria
381 4037 670 4110 Sandomiriensis
696 4037 803 4109 habet
821 4035 959 4109 domum
986 4037 1152 4127 optimam
1169 4041 1206 4107 et
1224 4055 1341 4107 aream
1368 4034 1405 4107 in
1423 4036 1550 4128 oppido
1578 4036 1746 4110 Sando-
1856 4030 1860 4039 '

193 4159 333 4231 miria
366 4158 576 4249 applicatam
609 4178 709 4230 muro
736 4158 907 4248 civitatis,
943 4157 1059 4229 domui
1093 4156 1284 4248 praepositi
1319 4156 1608 4232 Sandomiriensis
1635 4159 1745 4231 conti·

195 4300 317 4372 guam,
342 4280 445 4370 lignis
480 4285 596 4352 tamen
630 4278 844 4352 fabricatam.
891 4278 979 4350 item
1016 4278 1172 4353 cantoria
1206 4276 1496 4353 Sandomiriensis
1532 4285 1655 4353 taxata
1692 4286 1748 4352 est

196 4401 297 4475 iuxta
321 4421 413 4481 nora
437 4407 475 4474 ct
500 4401 643 4494 antiqua
668 4404 827 4491 rogestra
851 4399 898 4473 ad
923 4399 1069 4490 triginta
1094 4418 1238 4476 marcas.

626 4664 929 4748 vicecantoria-
952 4596 1321 4773 &sudomiriensis

300 4883 465 4959 (lanterio
482 4883 770 4958 Sandomiriensis
796 4885 902 4958 habet
923 4885 1121 4977 habereque
1148 4885 1327 4957 consuerit
1353 4883 1517 4957 vicariam
1543 4888 1747 4976 perpetuam

194 5028 256 5082 seu
282 5007 548 5083 vicecantoriam
565 5007 601 5079 in
621 5007 767 5079 ecclesia
784 5006 1066 5096 Sandomiriensi‚
1093 5006 1191 5078 cuius
1209 5007 1284 5098 ipse
1312 5010 1432 5078 cantur
1458 5004 1746 5079 Sandomiriensis

123 5098 133 5120 x
195 5149 260 5219 pro
285 5134 441 5220 tempore
467 5128 589 5200 unicus
616 5132 670 5199 est
696 5126 842 5210 collator
868 5132 904 5198 et
920 5132 1106 5218 patronus,
1144 5145 1247 5215 quam
1272 5146 1363 5199 nunc
1389 5131 1487 5198 tenet
1511 5123 1677 5199 Nicolaus
1702 5124 1747 5203 de

90 5332 94 5339 ¹
195 5248 410 5341 Strykow
435 5249 634 5343 presbyter,
661 5268 750 5339 quae
776 5267 840 5339 pro
869 5268 933 5319 sua
950 5247 1164 5338 proprietate
1190 5252 1227 5317 et
1245 5245 1326 5318 dote
1352 5246 1458 5319 habet
1481 5246 1568 5319 duas
1593 5245 1745 5321 decimes
1826 5286 1831 5293 ·
1894 5326 1903 5341 ‚

100 5383 112 5407 ·
193 5368 427 5471 manipulares
444 5368 536 5443 intra
553 5367 806 5443 describendas.
