4050 6054
236 446 305 514 172

232 652 382 742 pertinet
416 649 459 719 ad
486 650 722 719 canonicatum
758 654 793 718 et
818 648 1049 737 praebendam
1084 648 1346 721 Gracovienseur
1373 650 1501 721 dictam
1535 649 1790 724 Naaszoav-

233 773 313 842 ska
340 790 399 840 seu
425 767 812 858 Glambinowska,
840 775 876 838 et
900 774 1063 841 tenentur
1088 790 1164 840 eam
1190 770 1315 841 ducere
1342 771 1377 841 in
1404 771 1567 842 borreum
1592 791 1657 861 per
1679 773 1790 844 vica·
1828 854 1832 860 ,

232 892 320 962 rium
346 888 555 977 eligendum,
583 869 628 958 ad
641 889 849 959 solutionem
877 895 992 959 autern
1018 891 1139 979 canapi
1166 890 1318 962 decimae
1344 911 1412 962 nou
1439 895 1608 980 tenentur,
1635 892 1789 982 privile-

231 1013 287 1100 gio
314 1009 493 1099 capitulari
510 1009 554 1079 ab
572 1029 614 1078 ea
631 1008 803 1098 libertati,
830 1015 866 1079 et
883 1010 1087 1081 aestimatur
1105 1010 1203 1093 valor
1220 1010 1372 1083 decimae
1388 1010 1567 1101 praefatae
1592 1009 1639 1083 ad
1656 1011 1785 1085 decem

232 1151 374 1202 marcas.

336 1251 422 1320 Item
448 1249 532 1320 villa
558 1248 715 1338 praefata
740 1249 891 1321 confinat
917 1271 993 1321 cum
1020 1249 1111 1322 villis
1130 1305 1356 1325 .........

337 1370 423 1440 Item
449 1389 572 1458 regens
599 1369 715 1440 villam
733 1369 922 1459 praefatam
949 1369 978 1441 Z
987 1371 1318 1445 acbarzowska
1337 1371 1495 1462 Wolya
1521 1373 1645 1462 babet,
1670 1375 1786 1447 babe-

236 1513 341 1582 reque
368 1490 544 1560 conaverit
569 1488 734 1559 decimam
761 1490 1005 1579 manipularem
1033 1511 1096 1580 pro
1115 1512 1177 1562 suo
1204 1513 1270 1563 usu
1295 1497 1400 1582 atque
1426 1493 1611 1564 utilitate
1601 1514 1637 1564 ιιι
1663 1493 1786 1566 Scae·

236 1613 395 1703 glicze,
421 1609 503 1680 villa
521 1609 583 1679 sub
601 1609 766 1698 parocbia
783 1610 947 1680 ecclesiae
973 1610 1017 1681 de
1033 1610 1325 1701 Moravvicza,
1352 1613 1449 1682 cuius
1476 1611 1599 1684 baares
1616 1611 1783 1686 Andreas

237 1729 522 1818 Ossolinsky,
549 1727 674 1799 nobilis
699 1729 868 1801 dedomo.
887 1730 1202 1819 Bippennium.
1247 1732 1287 1802 ln
1306 1732 1785 1821 quasuntlaneitrescme-

235 1851 408 1938 tbonales,
434 1849 477 1919 de
495 1848 619 1937 quibus
637 1848 783 1920 solvitur
808 1849 940 1920 decima
957 1851 1180 1941 manipularis
1198 1852 1355 1940 praelato
1382 1856 1443 1922 aut
1460 1852 1624 1925 mnonico
1650 1853 1783 1925 dictam

236 1972 350 2042 villam
384 1991 447 2059 pro
478 1974 632 2057 tempore
663 1970 814 2059 regenti,
849 1977 886 2041 et
917 1971 1120 2042 aestimetur
1149 1972 1247 2042 valor
1277 1972 1352 2043 eius
1383 1972 1428 2042 ad
1455 1977 1604 2062 quatuor
1634 1993 1782 2065 marcas,

236 2096 463 2194 teneaturque
489 2089 582 2159 illam
600 2090 795 2161 cmethones
821 2091 946 2161 ducere
973 2091 1008 2162 in
1026 2091 1189 2162 borreum
1215 2112 1279 2182 per
1296 2093 1498 2164 canonicum
1525 2092 1717 2182 locandum,
1744 2100 1782 2166 et

237 2212 400 2282 decimam
428 2209 550 2299 canapi
577 2209 714 2280 solvunt
740 2231 803 2299 per
826 2215 974 2300 quatuor
1000 2211 1185 2282 iuncturas.
1230 2212 1311 2281 Fuit
1336 2218 1451 2283 autern
1477 2213 1561 2282 villa
1585 2213 1785 2286 huiusmodi

240 2331 502 2420 Sczeglicze
528 2302 612 2400 villa
637 2330 777 2419 capituli
795 2330 1041 2419 cracoviensis,
1068 2331 1130 2402 sed
1147 2352 1236 2403 anno
1262 2332 1401 2403 Domini
1423 2333 1531 2404 1382.
1557 2352 1635 2404 cum
1651 2331 1785 2408 omne

241 2451 336 2522 Petri
363 2452 405 2520 de
431 2448 722 2540 Gnyewczyn
748 2473 812 2541 pro
839 2451 1024 2523 medietate
1050 2451 1152 2523 villae
1178 2451 1329 2523 Boreu
1356 2452 1514 2524 cambita.

341 2570 428 2643 Item
454 2570 536 2640 villa
562 2571 739 2659 praedicta
772 2573 876 2645 solvit
910 2593 973 2662 pro
1002 2571 1150 2661 capitulo
1186 2573 1427 2644 incommune
1462 2572 1548 2644 duas
1583 2558 1719 2646 marcas
1747 2580 1787 2647 et

241 2691 386 2762 sedecim
414 2695 551 2761 scottos.
845 2776 848 2781 ¹

341 2796 514 2900 Bonuovv,
541 2811 624 2881 villa
640 2812 929 2900 praestimonialis
948 2813 1091 2904 capituli
1109 2811 1348 2884 cracoviensis
1374 2813 1469 2886 ultra
1486 2813 1648 2885 Nidam
1674 2813 1787 2886 unde

239 2933 304 3002 cim
330 2932 522 3003 miliaribus
566 2953 588 3003 a
613 2914 838 3004 cracovia
865 2935 928 3005 sub
954 2934 1119 3023 parochia
1154 2933 1319 3004 ecclesiae
1345 2933 1388 3004 de
1419 2933 1575 3025 Kygye
1611 2939 1649 3006 et
1673 2954 1788 3026 prope

240 3053 401 3143 oppidum
426 3052 756 3143 Pyandziczow
783 3054 860 3142 sita,
889 3074 991 3143 qnam
1018 3074 1108 3125 nunc
1133 3053 1227 3144 regit
1251 3053 1415 3126 Nicolaus
1442 3053 1624 3127 Xanszk
1632 3074 1656 3146 y
1681 3075 1790 3128 cano·

150 3226 156 3236 ,
239 3175 335 3246 nicus
361 3173 608 3264 ccacoviensis,
635 3174 760 3246 nobilis
778 3174 820 3245 de
838 3174 939 3245 domo
958 3174 1117 3246 Lodza.
1157 3173 1198 3244 ln
1216 3193 1284 3263 qua
1300 3180 1383 3245 sunt
1409 3180 1558 3264 quatuor
1575 3175 1666 3247 lanei
1692 3195 1790 3247 ome·

238 3295 403 3384 thonales,
430 3280 574 3385 quorum
600 3295 745 3384 quilibet
771 3295 875 3366 solvit
901 3295 1051 3386 capitulo
1079 3293 1298 3367 cracoviensi
1324 3313 1388 3384 pro
1406 3315 1519 3367 annuo
1546 3316 1651 3368 censu
1677 3314 1788 3368 unam

237 3438 395 3503 marcam.
438 3416 526 3486 Item
553 3416 589 3485 in
615 3415 698 3487 villa
724 3416 901 3506 praedicta
926 3437 994 3487 non
1021 3421 1076 3486 est
1103 3414 1242 3504 aliquod
1268 3415 1447 3505 praedium
1475 3415 1672 3506 capitulare,
1699 3416 1789 3488 item

235 3559 305 3611 non
321 3542 402 3610 sunt
427 3537 477 3609 ibi
502 3536 637 3628 aliquae
663 3536 838 3626 tabernae,
864 3537 947 3607 item
965 3555 1034 3606 non
1061 3540 1142 3605 sunt
1168 3534 1303 3625 aliquae
1329 3535 1562 3624 hortulaniae;
1588 3536 1786 3608 item‘cme·

235 3661 360 3732 tbones
391 3658 492 3729 villae
509 3655 685 3746 praelatae
712 3656 755 3728 de
773 3661 921 3748 quatuor
938 3656 1047 3726 laneis
1075 3655 1214 3726 solvunt
1240 3654 1417 3726 decimam.
1460 3655 1549 3729 Item
1575 3655 1659 3728 villa
1683 3677 1789 3746 prae-

146 3835 151 3842 ,
235 3779 307 3850 fata
342 3779 536 3851 Borkow
572 3776 721 3848 continet
764 3796 842 3848 cum
876 3775 969 3846 villis
971 3828 1421 3845 ..................

343 3898 488 3969 Solvunt
472 3897 672 3968 tecclesiae
698 3895 919 3967 Gracoviensi
945 3915 1008 3984 pro
1027 3894 1185 3985 lampade
1211 3894 1297 3967 duas
1315 3914 1455 3984 marcas,
1482 3896 1627 3985 quilibet
1652 3835 1793 3987 praala-

238 4026 294 4089 tus
320 4024 382 4088 aut
399 4017 582 4088 canonicus
609 4023 731 4087 tenens
758 4016 875 4087 villam
902 4014 1103 4104 praefatam,
1130 4015 1286 4085 residuas
1312 4020 1427 4086 autem
1453 4015 1540 4086 duaa
1565 4036 1630 4106 pro
1648 4036 1687 4087 se
1703 4017 1791 4088 reti-

242 4142 311 4207 net.
351 4135 489 4207 Summa
515 4135 676 4224 antiquae
693 4140 795 4208 taxae
813 4135 856 4205 de
873 4135 966 4207 villis
991 4133 1076 4205 facit
1060 4138 1265 4205 ttrecentas
1291 4133 1416 4224 viginti
1442 4141 1520 4206 octo
1537 4154 1679 4223 marcas,
1705 4156 1792 4225 qua-

238 4263 319 4328 tuor
345 4260 495 4342 scottos3
531 4274 663 4325 summa
697 4274 805 4326 novae
831 4260 933 4326 tanae
960 4253 1003 4325 de
1029 4253 1120 4323 vibis
1155 4252 1238 4325 facit
1275 4258 1412 4327 centum
1447 4254 1632 4345 octaginta·
1653 4259 1789 4344 septem

238 4397 380 4464 marcas,
408 4379 556 4465 quatuor
573 4378 717 4462 scottos3
744 4395 884 4464 summa,
911 4396 999 4467 quae
1024 4375 1186 4463 adempta
1212 4378 1326 4445 estex
1343 4375 1455 4447 veteri
1473 4381 1570 4464 taxa,
1597 4373 1681 4446 facit
1706 4393 1789 4447 cen·

238 4503 312 4570 tum
340 4495 571 4586 quadraginta
596 4515 699 4565 unam
725 4516 873 4567 marcam
900 4502 937 4567 et
963 4517 1068 4566 ιιιιιιιιι
1096 4499 1253 4566 scottum.

352 4617 509 4704 anvou,
542 4614 625 4685 villa
658 4616 950 4703 praestimonialis
985 4614 1128 4705 capituli
1165 4613 1404 4687 Gracoviensis
1440 4614 1504 4687 sub
1541 4614 1707 4706 parocbia
1741 4615 1790 4688 de

239 4736 480 4827 Runrpella
507 4735 584 4808 sita.
611 4733 819 4824 Notandum,
847 4734 939 4827 quod
964 4735 1047 4806 villa
1073 4734 1224 4806 Bavol
1249 4735 1349 4806 iuxta
1375 4734 1554 4806 civitatem
1577 4732 1787 4831 cracovienf
1839 4826 1842 4831 Ι

240 4879 312 4929 sem
340 4864 375 4928 et
402 4858 501 4928 iuxta
525 4855 666 4927 fluvium
692 4854 827 4928 Visla
852 4875 974 4927 versus
991 4859 1142 4927 montem
1169 4854 1466 4926 Lassotinum
1492 4855 1570 4945 sita,
1588 4852 1792 4945 empta·fult

239 4998 303 5067 pro
335 4977 486 5067 capitulo
516 4975 735 5048 cracoviensi
761 4996 825 5067 per
850 4973 1057 5065 Procopium
1084 4974 1323 5046 cancellarium
1351 4973 1622 5064 Gracoviensem‚
1649 4993 1671 5044 a
1695 4971 1790 5047 Lau-

240 5097 363 5186 rentio,
391 5097 516 5168 comite
542 5096 585 5167 de
611 5095 765 5168 Bawol
791 5094 945 5167 eiusdem
971 5093 1138 5185 haerede,
1164 5115 1229 5184 pro
1253 5094 1401 5186 triginta
1426 5094 1552 5167 marcis
1579 5094 1728 5186 argenti,
1752 5101 1793 5169 et

241 5217 305 5287 snb
332 5217 528 5306 praesentia
555 5223 591 5288 et
609 5235 777 5291 consensu
803 5214 966 5302 Boleslai,
992 5212 1233 5286 cracoviensis
1259 5221 1297 5286 et
1322 5213 1611 5286 Sandomiriensia
1637 5213 1733 5286 ducis
1750 5212 1790 5286 in

242 5334 469 5409 cracovia
503 5335 662 5428 civitate,
688 5355 779 5418 anno
814 5333 955 5407 Domini
993 5334 1100 5407 1278.
1126 5334 1233 5408 tertio
1268 5333 1345 5407 idus
1370 5333 1477 5425 Maii,
1502 5333 1586 5407 luna
1620 5333 1789 5425 vigesima
