4050 6054
1704 447 1821 539 4513

233 680 335 735 areas
361 662 396 734 in
425 661 552 753 oppido
578 661 801 754 Vislioia,
829 664 866 735 in
893 664 1019 755 quibus
1045 662 1216 755 qnondam
1236 662 1400 753 pulchrae
1426 660 1523 735 luere
1551 660 1689 755 domus,
1716 687 1786 737 nna

233 783 270 854 in
288 784 514 874 coemeterio,
542 783 656 856 ultera
672 785 709 855 in
726 784 843 874 platea
869 783 1147 874 Sidlouslra,
1175 781 1291 855 domui
1317 783 1476 854 advocati
1493 781 1713 855 Vislioiensis
1741 784 1786 857 ab

231 920 310 993 una,
336 908 373 974 et
390 901 415 975 J
423 903 611 994 agelone
637 904 796 994 partibus
822 905 867 977 ab
885 905 997 976 altera
1021 905 1202 995 contigua,
1228 903 1313 975 item
1330 903 1438 975 habet
1455 902 1612 975 cantoria
1628 902 1785 993 praefata

231 1040 338 1094 unum
355 1029 495 1113 pratum
512 1024 641 1097 bonum
659 1025 696 1095 in
713 1023 930 1096 haereditate
948 1024 1052 1097 villae
1069 1023 1130 1096 ch
1142 1024 1250 1114 otel,
1276 1028 1438 1097 vocatum
1462 1021 1667 1095 Oantoro
1678 1024 1786 1115 uka,

232 1143 324 1234 quod
351 1144 541 1215 arendatur
567 1164 631 1234 pro
658 1166 728 1216 una
754 1164 936 1234 sexagena

334 1264 424 1335 Item
460 1265 617 1337 cantoria
652 1263 811 1354 praefata
844 1266 942 1337 iuxta
976 1270 1096 1338 vetera
1130 1269 1168 1337 et
1193 1286 1284 1363 nora
1318 1268 1475 1354 regestra
1508 1268 1629 1337 taxata
1661 1269 1715 1335 est
1741 1264 1786 1336 ad

232 1384 357 1474 viginti
383 1402 527 1457 marces.

726 1648 958 1731 scolastrie
990 1647 1291 1730 Wlsllclensls.
1406 1744 1410 1749 ¹

336 1868 522 1941 Scolastria
539 1867 758 1941 Vislioiensis
775 1870 883 1942 tertia
899 1869 1066 1962 dignitas,
1093 1890 1155 1942 sen
1172 1873 1380 1959 personatus
1403 1869 1439 1940 in
1458 1869 1604 1941 ecclesia
1620 1867 1778 1960 praefatu

232 2010 334 2080 quam
368 2010 460 2062 nunc
495 1989 631 2062 obtinet
665 1988 829 2063 Nicolaus
865 1990 908 2062 de
934 1989 1300 2081 Boleslauyecz,
1336 1990 1390 2061 vir
1424 1988 1657 2081 honorabilis,
1693 2009 1781 2080 quae

231 2129 295 2199 pro
322 2130 387 2181 sua
413 2110 495 2182 dote
521 2115 626 2202 atque
652 2109 758 2182 londo
784 2110 892 2183 habet
917 2111 1097 2200 praedium
1124 2111 1291 2200 optimum
1318 2110 1355 2181 in
1381 2108 1603 2202 Onchary.

334 2229 537 2322 Kucnnar,
572 2229 655 2302 villa
681 2236 762 2303 ante
788 2237 929 2321 pontem
956 2212 994 2302 et
1027 2250 1189 2321 aggerem
1223 2228 1475 2320 Vislioiensem,
1514 2230 1558 2301 ad
1585 2230 1780 2303 illustrissi-

230 2371 322 2421 mum
349 2349 514 2423 Poloniae
540 2372 657 2442 regem
683 2351 880 2442 pertinens,
907 2352 970 2424 sub
997 2351 1162 2441 parochia
1189 2351 1356 2422 ecclesiae
1391 2349 1609 2423 Vislioiensis
1635 2352 1720 2441 sita,
1748 2351 1784 2422 in

232 2470 329 2541 cuius
364 2470 432 2542 fine
468 2477 522 2543 est
556 2471 736 2562 praedium
771 2472 948 2562 optimum,
988 2471 1081 2563 qood
1113 2475 1168 2543 est
1193 2470 1321 2542 fundus
1358 2470 1531 2543 scolastici
1558 2469 1784 2562 Vislioiensis,

233 2591 269 2661 in
287 2596 437 2681 quatuor
463 2611 601 2682 campos
628 2591 844 2682 distinctum,
872 2591 965 2682 qnod
991 2591 1194 2664 scolasticus
1220 2589 1437 2663 Vislioiensis
1464 2611 1526 2662 suo
1553 2591 1638 2662 colit
1663 2598 1783 2663 aratro

232 2718 267 2782 et
293 2716 450 2803 sumptu,
486 2713 619 2784 habens
653 2711 725 2784 illic
750 2713 881 2784 curiam
906 2713 995 2785 bene
1021 2711 1238 2784 aedificatam
1265 2716 1301 2783 et
1327 2716 1449 2801 prata3
1477 2712 1520 2783 de
1546 2712 1640 2802 agris
1666 2718 1783 2785 antem

230 2830 463 2920 praedialibus
490 2832 595 2904 solvit
621 2832 821 2905 scolasticus
856 2832 1024 2904 decimam
1048 2831 1299 2922 manipularem
1325 2850 1388 2904 suo
1415 2831 1545 2905 vicario
1571 2829 1782 2922 Vislioiensi,

231 2971 318 3040 quae
346 2953 429 3025 villa
455 2952 520 3025 snb
545 2952 711 3043 parochia
736 2953 902 3025 ecclesiae
927 2951 1143 3025 Vislioiensis
1170 2953 1239 3024 sita
1265 2957 1328 3024 est

333 3071 648 3163 aneowrczn,
673 3072 757 3146 villa
783 3074 848 3146 sub
874 3073 1040 3163 parochia
1075 3072 1240 3144 ecclesiae
1275 3071 1479 3163 collegiatae
1507 3072 1550 3144 de
1576 3070 1786 3144 Vislioia

231 3192 308 3283 situ
335 3193 433 3264 cuius
459 3193 584 3264 haeres
610 3192 736 3266 Petrus
762 3192 1051 3286 Stauyszky,
1078 3194 1205 3266 nobilis
1223 3192 1267 3265 de
1285 3193 1386 3264 domo
1410 3193 1720 3283 Accipitrum,
1747 3193 1783 3263 in

231 3332 301 3402 qna
327 3318 409 3384 sunt
434 3313 592 3385 undecim
618 3312 712 3385 lanei
738 3313 981 3403 emethonules,
1008 3314 1090 3385 item
1117 3313 1265 3385 taberna
1290 3313 1423 3385 habens
1449 3333 1562 3403 agros,
1589 3312 1632 3384 de
1659 3313 1783 3403 quibus

231 3428 394 3529 omnibui-
416 3433 566 3506 solvitur
592 3433 726 3505 decima
752 3434 976 3524 manipularis
1003 3433 1204 3505 scolastriae
1230 3431 1448 3523 Vislioiensi,
1484 3438 1521 3504 et
1547 3432 1678 3504 ducunt
1705 3432 1784 3504 illas

232 3536 450 3629 ometlrone'd‘
459 3532 618 3645 ‘propriis
655 3555 813 3627 cmribus
843 3554 881 3625 in
908 3555 1072 3625 horreum
1099 3573 1121 3624 a
1146 3552 1329 3626 scolastico
1364 3552 1547 3624 locandum
1582 3556 1620 3624 et
1645 3553 1784 3625 solvunt

231 3670 400 3747 decimam
426 3666 549 3765 canapi
576 3693 639 3765 per
666 3679 814 3766 quatuor
840 3673 987 3765 ierugas,
1015 3678 1052 3746 et
1076 3674 1176 3746 valor
1203 3672 1356 3745 decimae
1383 3672 1588 3744 aestimatur
1614 3672 1659 3745 ad

231 3792 320 3869 Item
345 3794 429 3867 sunt
454 3795 490 3867 in
518 3794 637 3867 eadem
672 3794 756 3868 villa
789 3800 864 3867 tres
891 3795 982 3867 lanei
1013 3795 1127 3867 vocati
1161 3793 1424 3885 Zaduszny,
1463 3793 1507 3864 ad
1534 3794 1782 3883 proprietatem

232 3896 738 3999 decanatusSandomiriensis
764 3915 997 4005 pertinentes,
1032 3914 1127 3986 ultra
1153 3913 1240 3985 ulios
1267 3913 1386 3985 laneos
1412 3912 1582 3985 militares
1618 3913 1783 4005 distincti,

231 4030 274 4104 de
302 4034 429 4126 quibus
455 4055 578 4108 census
605 4035 735 4106 decano
761 4034 1041 4126 Sandomiriensi,
1068 4033 1202 4107 decima
1228 4054 1312 4107 rero
1330 4033 1556 4124 manipularis
1583 4033 1676 4106 cedit
1692 4034 1784 4107 vice·

232 4156 366 4228 cantori
392 4154 601 4249 Vislioiensi,
628 4156 812 4227 aestimata
838 4155 883 4227 ad
910 4161 1060 4246 quatuor
1086 4174 1240 4244 marcas3
1274 4174 1344 4227 non
1371 4158 1453 4227 sunt
1479 4154 1528 4227 ibi
1554 4155 1783 4247 hortulaniae,

163 4303 166 4307 ·
231 4274 315 4351 item
341 4274 521 4367 praedium
546 4276 698 4349 militare
724 4277 864 4368 ibidem,
891 4277 983 4368 quod
1009 4276 1176 4349 decimam
1202 4275 1453 4368 manipularem
1486 4276 1594 4348 solvit
1618 4275 1783 4349 ecclesiae

232 4398 425 4486 parochiali
449 4399 486 4469 in
512 4397 774 4489 Slyanczin.

265 4610 270 4621 Ι
333 4516 620 4609 Pnucaunrczn,
656 4518 741 4589 villa
775 4517 838 4590 sub
873 4517 1042 4608 parochia
1091 4515 1258 4591 ecclesiae
1291 4515 1335 4619 de
1370 4515 1684 4591 Sczeuorzisz
1718 4515 1788 4589 sita

231 4639 328 4711 cuius
354 4640 477 4710 haeres
503 4636 657 4711 Joannes
683 4636 1071 4729 Panczeliczslry,
1099 4637 1225 4710 nobilis
1251 4637 1295 4709 de
1317 4638 1423 4710 armis
1450 4635 1719 4730 Grzymala,
1745 4637 1781 4709 in

230 4780 298 4850 qua
324 4760 527 4833 scolasticus
553 4757 769 4836 Vislioiensis
795 4759 903 4831 habet
920 4780 1025 4831 unum
1052 4758 1190 4831 laneum
1216 4758 1374 4849 liberum,
1391 4778 1414 4830 a
1430 4757 1539 4830 laneis
1566 4755 1777 4829 militaribus

230 4881 441 4973 distinctum,
468 4881 528 4973 qui
545 4901 609 4971 pro
628 4900 742 4953 annuo
770 4900 875 4952 censu
900 4880 1006 4953 solvit
1032 4879 1214 4953 scolastico
1235 4879 1321 4951 duas
1339 4899 1486 4968 marcae,
1512 4884 1549 4950 et
1573 4877 1661 4950 nihil
1678 4876 1777 4950 labo·

118 5000 120 5007 '
229 5009 295 5095 rat,
323 5003 490 5077 decimam
516 5006 633 5074 antem
658 5000 907 5091 manipularem
933 5000 1038 5073 solvit
1064 4999 1107 5072 de
1134 5019 1220 5092 agro
1247 5020 1319 5072 suo.

332 5122 536 5214 Kauronn,
562 5121 646 5194 villa
671 5121 735 5193 sub
762 5121 927 5211 parochia
952 5120 1117 5193 ecclesiae
1144 5119 1187 5190 de
1214 5119 1440 5196 Sokolina
1466 5118 1544 5210 sita,
1571 5118 1668 5191 cuins
1694 5138 1777 5210 pro·

228 5243 360 5334 prietas
387 5249 423 5316 et
449 5242 637 5317 dominium
673 5241 719 5313 ad
746 5242 944 5332 episcopum
971 5247 1008 5312 et
1033 5240 1270 5330 episcopatum
1306 5238 1570 5311 Oracoviensem
1606 5245 1775 5329 perpetuo

142 5445 147 5454 ,
227 5366 388 5458 pertinet,
415 5366 451 5437 in
478 5384 547 5456 qua
571 5366 654 5469 gunt
678 5362 844 5435 tredecim
870 5362 963 5434 lanei
989 5361 1231 5453 emethonales,
1258 5361 1341 5432 item
1363 5359 1542 5451 praedium
1569 5359 1773 5457 episcopale,
