4050 6054
233 436 308 505 494

233 642 476 729 emethonales‚
502 642 546 713 de
572 644 698 732 quibus
724 643 871 713 soluitur
897 643 1031 713 deeima
1057 645 1284 732 manipularis
1302 646 1467 716 canonico
1485 645 1518 716 S.
1536 646 1694 717 Floriani
1710 654 1788 718 ter-

233 763 303 833 tiae
330 763 559 851 praebendae,
586 770 621 833 et
648 763 778 834 ducunt
803 785 880 834 eam
907 764 1107 834 emethones
1133 765 1169 834 in
1197 765 1359 835 borreum
1377 786 1399 836 a
1416 768 1581 838 canonico
1599 767 1788 838 locandum

231 894 266 953 et
294 884 499 954 aestimatur
527 884 623 954 valor
649 885 723 955 eius
750 884 794 954 ad
821 885 969 955 mediam
994 905 1154 956 marcam.
1189 887 1277 956 Item
1303 888 1487 977 tabernae,
1513 889 1596 959 item
1622 889 1786 960 bortula-

233 1004 321 1093 nIae,
349 1005 430 1073 item
459 1005 646 1099 praedium.

326 1273 526 1353 Decimae
562 1271 796 1352 tertonalee
827 1275 981 1353 tertIae
1010 1274 1279 1376 praebendae
1311 1275 1350 1352 in
1390 1272 1483 1352 latis
1514 1277 1689 1377 pressis.

336 1493 567 1581 Koeurown,
594 1494 677 1563 uilla
703 1494 767 1565 sub
795 1494 959 1582 parochia
985 1493 1149 1564 eeclesiae
1176 1494 1219 1564 de
1247 1493 1544 1584 Szrzaezyny
1570 1495 1657 1582 sita,
1683 1495 1788 1565 cuius

232 1615 428 1703 proprietas
464 1622 500 1684 et
536 1614 723 1684 domimum
759 1614 803 1684 ad
835 1615 983 1684 nobilem
1012 1614 1188 1685 Barutb
1217 1615 1260 1684 de
1287 1616 1393 1686 armis
1420 1669 1428 1683 .
1455 1669 1463 1683 .
1487 1669 1513 1702 .,
1540 1615 1576 1683 in
1603 1635 1672 1704 qna
1698 1623 1789 1686 sunt

232 1734 324 1804 lanei
360 1735 609 1823 emethonaleS,
637 1734 680 1805 de
708 1756 853 1824 quorum
880 1735 1033 1825 quolibet
1060 1735 1207 1806 soluitur
1233 1758 1322 1807 nnus
1347 1736 1438 1807 ferto
1466 1736 1614 1805 latorum
1641 1755 1788 1824 grosso·

232 1876 307 1925 rum
344 1854 591 1946 Pragensiun,
619 1857 782 1926 eanonieo
810 1857 936 1926 tertiae
963 1856 1179 1944 praebendae
1206 1878 1270 1945 pro
1298 1857 1439 1927 decima.
1478 1856 1565 1926 Item
1592 1856 1789 1945 praedium,

232 1976 314 2046 item
343 1984 396 2046 est
423 1976 472 2047 ibi
499 1962 657 2046 scoltetio
683 1977 816 2047 babens
842 1977 929 2047 duos
956 1978 1092 2064 laneos,
1120 1998 1206 2066 quae
1233 1997 1298 2066 pro
1314 1978 1457 2048 decima
1484 1976 1709 2065 manipulari,
1737 1976 1789 2048 ad

232 2118 337 2185 quam
364 2095 550 2185 obligatur,
577 2097 682 2167 soluit
710 2098 923 2187 peennialem
950 2097 1115 2168 ecelesiae
1142 2099 1177 2166 in
1196 2098 1427 2187 Srzaczin,
1446 2098 1489 2169 de
1507 2098 1663 2188 quolibet
1679 2097 1788 2169 laneo

232 2239 337 2287 unum
364 2218 533 2288 fertonem
560 2218 709 2289 latorum
736 2240 945 2308 grossorum.

338 2338 598 2427 Prounnon'n,
627 2339 709 2409 uilla
744 2340 807 2411 sub
834 2341 1000 2429 parocbia
1026 2340 1191 2410 ecelesiae
1218 2339 1261 2410 de
1287 2339 1541 2430 Lubyenko
1568 2339 1654 2428 sita,
1681 2340 1787 2411 euius

237 2460 434 2549 proprietas
462 2468 497 2529 et
524 2459 711 2530 dominium
739 2460 784 2530 ad
810 2461 943 2531 nobiles
969 2459 1170 2549 blartinum,
1197 2459 1352 2550 Paulum,
1379 2460 1422 2530 de
1448 2461 1555 2530 armis
1577 2459 1790 2549 Begoria

233 2582 403 2671 pertinet,
431 2581 466 2650 in
495 2602 562 2669 qua
590 2587 671 2651 sunt
697 2581 789 2651 lanei
815 2582 1067 2671 emethonales‚
1095 2582 1137 2651 de
1165 2603 1309 2670 quorum
1337 2581 1491 2670 quolibet
1519 2580 1667 2651 solvitur
1693 2602 1789 2652 unns

231 2702 321 2772 ferto
350 2702 500 2773 latorum
526 2723 726 2791 grossorum
753 2702 979 2792 Pragensium
1007 2705 1170 2774 canonico
1198 2704 1323 2773 tertiae
1349 2702 1568 2791 praebendae
1596 2722 1660 2791 pro
1687 2700 1788 2772 deei-

231 2843 296 2892 ma.
323 2823 410 2893 Item
436 2823 626 2913 praedium.

335 2943 508 3033 liusrnu,
537 2945 619 3015 uilla
646 2946 710 3016 sub
736 2946 903 3034 parocbia
929 2946 1093 3016 eeclesiae
1121 2945 1165 3015 de
1193 3000 1200 3014 .
1228 3000 1235 3013 .
1263 3000 1270 3013 .
1298 2946 1376 3033 sita,
1403 2944 1501 3014 cuins
1528 2945 1725 3033 proprietas
1748 2950 1790 3015 et

230 3064 418 3136 dominium
444 3066 490 3135 ad
517 3066 666 3135 nobilem
694 3120 701 3134 .
729 3121 736 3134 .
765 3120 772 3135 .
800 3066 842 3136 de
868 3067 974 3136 armis
1002 3121 1009 3135 .
1037 3121 1044 3134 .
1072 3121 1079 3135 .
1107 3067 1277 3156 pertinet,
1303 3066 1339 3135 in
1368 3086 1436 3155 qua
1463 3071 1545 3135 stunt
1570 3063 1662 3134 lanei
1689 3085 1785 3136 eme-

231 3186 400 3274 tbonaleS,
427 3187 470 3257 de
498 3186 622 3275 quibus
650 3186 795 3258 solvitur
822 3207 884 3275 per
910 3209 1015 3258 unum
1041 3187 1210 3257 fertonem
1237 3186 1386 3257 latorum
1404 3205 1605 3275 grossorum
1625 3184 1786 3275 Progen-

233 3306 331 3395 sium,
359 3307 524 3378 canonico
551 3308 676 3378 tertiae
704 3307 921 3397 praebendae
948 3329 1012 3396 pro
1039 3307 1180 3378 deeIma.
1207 3307 1296 3377 Item
1322 3306 1510 3396 praedium.

335 3428 513 3519 Snnumn,
539 3429 623 3498 villa
648 3428 882 3518 parochialem
908 3429 1088 3499 eeclesiam
1114 3428 1245 3499 habens
1273 3428 1308 3497 in
1334 3443 1382 3517 se,
1409 3428 1507 3498 euius
1534 3427 1730 3516 proprietas
1749 3433 1789 3499 et

232 3550 420 3620 dominium
456 3550 501 3620 ad
528 3549 662 3620 nobiles
688 3549 884 3620 Iohannem
911 3549 1193 3621 Stadniezsk
1202 3571 1225 3639 y
1252 3548 1294 3618 de
1321 3549 1426 3618 armis
1453 3548 1718 3638 Druszyna,
1746 3554 1786 3620 et

231 3670 426 3741 Iohannem
461 3675 499 3741 et
533 3671 730 3742 Crzeslaum
766 3671 809 3741 de
845 3671 950 3740 armis
977 3670 1194 3761 Powalya
1219 3670 1391 3758 pertinet,
1418 3670 1453 3738 in
1481 3690 1551 3759 quia
1579 3673 1661 3740 sunt
1688 3668 1785 3740 lanei

231 3791 473 3881 emethonales‚
492 3791 536 3861 de
564 3813 708 3881 quornm
737 3790 892 3881 quolibet
919 3791 1065 3862 solvitur
1091 3812 1180 3861 unus
1198 3790 1288 3861 serto
1307 3791 1457 3861 latorum
1476 3810 1676 3879 grossorum
1695 3788 1786 3861 Pra-

230 3913 386 4002 gensium
406 3913 570 3984 canonico
597 3912 724 3982 tertiae
752 3911 969 4001 praebendae
994 3932 1058 4001 pro
1087 3910 1228 3981 decima.
1256 3911 1346 3981 Item
1372 3910 1562 4000 praedium.

336 4032 506 4120 Caecum,
533 4031 616 4103 uilla
641 4032 874 4122 parochialem
900 4032 1080 4103 eeclesiam
1107 4032 1238 4103 babens
1265 4033 1301 4101 in
1328 4053 1376 4120 se,
1403 4033 1501 4102 euius
1528 4031 1725 4121 proprietas
1747 4038 1786 4103 et

232 4152 421 4225 domiuium
448 4153 493 4223 ad
519 4152 669 4223 nobilem
696 4152 1009 4223 Skarbkoneni
1036 4152 1079 4222 de
1107 4152 1212 4222 armis
1239 4151 1454 4243 Powalya
1479 4153 1640 4241 pertinet,
1659 4152 1695 4222 in
1712 4172 1785 4241 qua

232 4281 315 4345 sunt
341 4273 432 4344 lanei
459 4272 701 4360 emetlronales3
729 4274 771 4344 de
799 4294 943 4363 quorum
967 4271 1121 4362 quolibet
1139 4272 1286 4343 solvitur
1304 4293 1392 4343 unus
1410 4272 1499 4343 serto
1517 4273 1666 4344 latorum
1683 4292 1785 4362 gros·

232 4416 348 4467 eornm
375 4394 602 4484 Progensium
629 4395 794 4466 canonico
821 4394 945 4464 tertiae
972 4393 1190 4482 praebendae
1217 4414 1280 4482 pro
1308 4392 1449 4463 deeima.
1476 4393 1564 4464 Item
1591 4393 1783 4482 praedium.

335 4516 542 4605 anownn,
569 4517 652 4588 villa
687 4517 752 4587 sub
788 4515 953 4605 parocbia
979 4515 1145 4585 eeclesiae
1173 4514 1215 4584 de
1243 4569 1250 4582 .
1278 4569 1285 4582 .
1313 4568 1320 4582 .
1349 4514 1435 4603 sita,
1463 4514 1560 4584 euius
1586 4514 1785 4604 proprietas

232 4645 268 4709 et
294 4638 483 4709 dominium
510 4637 554 4708 ad
581 4636 731 4708 nobilem
758 4692 766 4707 .
793 4690 801 4706 .
829 4691 836 4705 .
864 4691 871 4705 .
898 4637 941 4707 de
970 4636 1102 4706 armis.
1130 4690 1137 4704 .
1165 4690 1172 4704 .
1201 4690 1208 4705 .
1235 4635 1397 4724 pertinet,
1426 4635 1461 4704 in
1489 4654 1558 4725 qua
1583 4639 1665 4706 sunt
1689 4635 1785 4707 lanei

232 4758 477 4849 emethonales‚
504 4758 547 4829 de
574 4779 720 4848 quorum
748 4756 902 4848 quolibet
925 4757 1072 4829 solvitur
1090 4754 1179 4827 unus
1197 4755 1287 4827 ferto
1307 4755 1457 4826 latorum
1474 4776 1677 4845 grossorum
1695 4754 1784 4828 Pru-

230 4881 386 4971 gensium
422 4880 586 4951 canonico
622 4880 750 4951 tertiae
784 4879 1020 4969 praebendae,
1049 4878 1162 4950 dietae
1188 4876 1397 4966 Jaszietska
1424 4898 1488 4966 pro
1515 4877 1655 4949 decima.
1694 4860 1784 4950 Iteui

233 5001 426 5093 praedium.

335 5122 576 5213 Mandonion,
602 5121 686 5193 villa
712 5124 777 5195 sub
803 5121 970 5213 parocbia
997 5120 1162 5192 eeclesiae
1190 5120 1232 5191 de
1260 5175 1268 5190 .
1295 5154 1303 5189 ι
1330 5174 1338 5189 .
1365 5120 1444 5210 sita,
1471 5121 1567 5192 euius
1584 5119 1785 5211 proprietas

232 5249 268 5317 et
293 5244 481 5315 dominium
507 5243 552 5315 ad
579 5243 729 5314 nobilem
757 5298 764 5313 .
792 5298 799 5312 .
827 5297 835 5313 .
863 5296 870 5312 .
898 5243 940 5313 de
967 5242 1101 5312 armis.
1129 5295 1136 5311 .
1164 5296 1171 5310 .
1199 5241 1395 5331 pertinet,
1423 5242 1458 5312 in
1486 5262 1554 5333 qua
1581 5246 1664 5313 suot
1688 5241 1783 5314 lanei

235 5365 486 5456 emethonales‚
512 5365 556 5436 de
593 5384 738 5455 quorum
775 5364 930 5459 quolibet
965 5363 1113 5437 solvitur
1148 5362 1281 5436 decima
1306 5363 1507 5455 fertonaIiS,
1534 5362 1694 5438 videlieet
1717 5382 1785 5457 per
