4050 6054
229 434 303 501 516

229 637 375 728 praelati
401 635 697 707 Scarbimiriensis
732 644 803 704 tam
838 633 1038 703 felicitatem
1073 652 1177 722 qnam
1203 631 1483 722 amplitudinem,
1519 632 1616 722 quod
1641 653 1689 704 ex
1714 630 1784 741 [η-

230 759 349 849 qnenti
373 757 440 827 tori
466 757 670 827 commercio
688 754 843 825 notabile
861 754 1007 843 percipit
1035 753 1296 841 incrementum,
1322 751 1585 825 Gasimirus
1611 751 1784 827 nolonte

230 900 291 949 rex
319 879 422 949 huius
448 877 598 948 nominis
624 874 802 946 Secundus
829 895 974 964 perosus
1010 894 1041 943 a.
1067 873 1109 942 D.
1139 874 1250 961 1342,
1284 872 1402 944 ablata
1426 874 1586 963 pervim
1615 873 1785 966 episcopo

90 1078 100 1091 ,
229 998 450 1071 cracoviensi
475 995 604 1067 loanni
631 993 782 1067 Grotb
816 994 1004 1084 episcopali
1038 993 1122 1064 villa
1151 993 1290 1065 nomine
1323 992 1616 1085 Sokolnyky,
1651 1016 1786 1067 novun

230 1118 394 1209 oppidum
428 1119 463 1186 in
490 1117 618 1187 vicinio
654 1115 803 1205 praelati
837 1114 1135 1187 Scarbimiriensis
1169 1114 1205 1183 in
1232 1112 1293 1183 illa
1326 1114 1449 1203 erigit,
1484 1120 1582 1185 meat
1615 1120 1656 1187 et
1678 1114 1786 1207 locat,

230 1239 435 1310 vccabulum
471 1238 503 1307 ei
530 1237 709 1325 imponens
744 1235 975 1324 Sokolovv,
1010 1244 1046 1305 et
1072 1233 1184 1305 lorum
1211 1234 1364 1305 innovo
1400 1234 1528 1324 oppido
1553 1214 1785 1325 Soko'lovv,

230 1359 425 1445 Sabbatha,
464 1377 532 1446 quo
559 1356 656 1426 etin
683 1355 996 1432 Scarbimiria
1028 1355 1087 1444 agi
1113 1354 1253 1424 solitum
1279 1362 1374 1443 erat,
1411 1354 1583 1444 institnit,
1617 1355 1787 1429 imbibens

232 1479 391 1550 omnibus
417 1477 540 1547 vicinis
566 1475 678 1565 villis,
705 1497 748 1546 ne
773 1477 876 1565 alibi,
913 1497 1015 1565 quam
1042 1474 1087 1545 ad
1113 1474 1277 1564 oppidum
1311 1496 1440 1546 novum
1466 1482 1560 1546 'suae
1593 1475 1787 1549 locationis

232 1598 441 1669 Sokolovv
469 1597 638 1668 auderent
665 1595 898 1686 frequentare,
925 1617 994 1686 qno
1020 1594 1180 1666 ellectum
1206 1602 1276 1683 est,
1301 1601 1342 1666 ut
1367 1595 1656 1667 Scarbimiriense
1681 1596 1786 1688 oppi-

233 1718 314 1789 dum
341 1719 377 1789 in
403 1724 606 1808 perpetuam
631 1718 768 1788 veniret
794 1716 1051 1787 desolationem.
1085 1716 1126 1786 ld
1152 1716 1212 1786 nbi
1239 1714 1414 1805 praefatus
1440 1714 1684 1789 Gracoviensis
1699 1720 1787 1809 epi·

234 1860 359 1929 scopus
384 1838 407 1909 J
417 1839 624 1910 ohannes
651 1838 709 1927 pia
734 1843 771 1908 et
796 1837 961 1926 religiosa
986 1837 1222 1907 admonitione
1248 1857 1318 1907 non
1344 1842 1485 1925 poterat
1508 1836 1723 1929 rescindere,
1749 1839 1787 1911 in

234 1960 456 2030 lszlszam
484 1957 665 2047 secedens,
701 1956 975 2028 Gasimirum
1009 1978 1128 2047 regem
1155 1957 1310 2027 censuris
1345 1957 1589 2028 ecclesiasticis
1613 1958 1788 2049 percellit,

233 2086 269 2150 et
295 2081 417 2169 ipsum,
444 2079 531 2149 nihil
558 2080 632 2149 eius
659 2079 757 2168 regia
783 2079 992 2150 auctoritate
1009 2087 1045 2149 et
1062 2077 1220 2167 potentia
1245 2077 1443 2166 deterritus,
1468 2078 1514 2175 ab
1539 2078 1680 2169 incepto
1696 2081 1788 2151 resi·

237 2200 302 2271 lire
330 2201 452 2290 coegit,
480 2206 615 2303 rqatum
634 2219 782 2289 namque
801 2219 900 2269 snum
927 2197 1104 2288 praelatus
1131 2195 1387 2268 Gasimirns
1413 2197 1579 2269 Poloniae
1604 2219 1670 2270 nex
1687 2220 1787 2272 racc

232 2341 410 2411 gnoscens,
436 2327 472 2389 et
498 2320 616 2409 oppidi
642 2320 724 2390 novi
751 2320 961 2389 creationem
988 2318 1182 2408 abrogavit,
1208 2322 1244 2388 et
1270 2318 1381 2388 veteri
1409 2318 1537 2408 oppido
1563 2318 1788 2392 Scarbimiri-

232 2441 308 2512 ensi
327 2443 380 2510 ius
399 2461 500 2535 suum
519 2447 554 2510 et
572 2440 823 2528 proprietatem
840 2438 908 2509 lori
926 2439 1089 2527 instituit,
1107 2458 1358 2528 recognoscens
1376 2459 1440 2528 per
1456 2438 1595 2510 litteras
1611 2446 1789 2531 patentes,

233 2562 348 2650 sigillo
376 2581 459 2630 suae
487 2561 680 2630 maiestatis
708 2561 876 2648 munitas,
904 2560 1055 2650 quaein
1082 2550 1218 2630 aerario
1245 2558 1485 2648 Cracoviensi,
1514 2564 1551 2631 et
1576 2580 1666 2650 quas
1692 2562 1788 2652 apud

234 2679 531 2750 Vladislaum
558 2680 813 2752 Secundum
839 2680 1005 2751 Poloniac
1031 2700 1158 2769 regem,
1185 2679 1418 2769 Sbigneus
1444 2678 1789 2754 Graccdmaistunc

234 2802 416 2890 episcopus
451 2802 609 2871 innovari
645 2802 815 2891 obtinuit,
841 2801 1039 2891 episcopum
1066 2801 1329 2873 Oracoviensem
1356 2800 1650 2875 Scarbimiriensia
1676 2803 1790 2875 ecele-

236 2922 308 2991 siae
338 2942 415 2991 esse
450 2928 644 3011 patronum.
687 2920 821 2993 Habuit
855 2929 970 2994 autem
1006 2921 1165 3012 praelata
1199 2921 1494 2993 Scarbimiriensis
1530 2922 1678 3013 eeclesia
1711 2930 1790 2996 tres

236 3042 472 3131 praelaturas,
510 3041 672 3113 videlicet
697 3043 992 3132 praeposituram,
1028 3041 1243 3113 scolastriam
1271 3048 1308 3113 et
1335 3042 1543 3131 custodiam,
1567 3049 1606 3114 et
1631 3044 1791 3135 quinque

235 3162 459 3233 canonicatus
485 3167 521 3233 et
549 3163 764 3252 praebendas
800 3163 845 3234 ad
872 3163 1091 3235 collationem
1124 3170 1159 3233 et
1184 3164 1445 3252 iuspatronatus
1479 3163 1633 3254 episcopi
1657 3163 1791 3237 Gracu-

236 3283 364 3353 viensis
391 3304 454 3372 pro
481 3288 637 3372 tempore
663 3286 887 3374 pertinentes,
913 3290 951 3355 ct
968 3291 1048 3356 octo
1075 3285 1223 3355 vicarias
1239 3285 1284 3354 ad
1302 3284 1520 3355 collationem
1547 3284 1791 3375 praelatorum

234 3410 272 3474 et
299 3404 541 3475 canonicorum
568 3405 792 3495 pertinentes,
819 3404 862 3476 de
890 3425 1035 3495 quarum
1063 3405 1273 3495 introitibus,
1299 3405 1526 3495 proventibus
1542 3411 1581 3476 et
1597 3403 1692 3495 dote,
1708 3426 1794 3498 spc-

235 3524 332 3595 cifice
360 3525 511 3597 scribere
538 3544 731 3615 pergemus.

665 3787 961 3891 Praepositum
993 3786 1371 3867 Scarbimiriensts.

340 4004 649 4075 Scarbimiria
676 4005 840 4096 oppidum
867 4007 959 4077 circa
984 4006 1126 4077 fluvium
1152 4005 1407 4098 Nydzycza.

340 4125 456 4197 Habet
483 4127 728 4215 praepositura
749 4126 1054 4217 Scarbimiriensis,
1082 4147 1169 4217 quae
1188 4132 1243 4198 est
1259 4126 1426 4216 primaria
1454 4126 1606 4217 dignitas
1624 4127 1661 4199 in
1678 4129 1795 4203 ecclc·

239 4250 292 4318 sia
320 4247 608 4337 Scarbimiriensi,
634 4268 699 4340 pro
726 4269 789 4319 sno
816 4246 921 4320 lunda
947 4248 1129 4338 principali
1157 4248 1320 4338 oppidum
1355 4228 1710 4320 Scarbimiriam
1745 4251 1796 4323 ad

235 4370 360 4439 flumen
389 4367 421 4438 N
430 4367 633 4459 ydzycza
668 4368 791 4458 situm,
827 4369 919 4461 quod
946 4376 1076 4440 terram
1103 4367 1365 4440 Gracovn’ensem
1392 4368 1580 4440 suoalveo
1607 4390 1630 4439 a
1654 4367 1793 4443 Sando-

236 4490 390 4560 miriensi
418 4488 654 4579 disterminat,
690 4490 726 4559 in
754 4511 821 4580 qno
848 4497 930 4562 sunt
956 4491 1158 4580 octuaginta
1185 4489 1306 4561 domus
1336 4489 1381 4560 ad
1408 4490 1658 4579 proprietatem
1683 4510 1792 4581 prae-

235 4610 339 4700 positi
366 4610 596 4699 pertinentes,
621 4615 761 4700 practer
787 4610 874 4683 alias
901 4612 1023 4683 domus
1050 4610 1283 4701 praelatorum
1302 4616 1338 4680 et
1356 4610 1610 4701 eanoniccmm,
1627 4616 1665 4681 et
1680 4605 1791 4701 qnae-

235 4731 322 4804 libet
349 4730 470 4801 domus
497 4731 533 4801 iu
560 4730 689 4802 circulo
716 4731 848 4803 habens
874 4732 989 4821 situm,
1016 4736 1052 4802 et
1078 4730 1229 4802 braxans
1256 4731 1448 4820 cervisiam,
1474 4730 1579 4802 solvit
1603 4751 1669 4823 pra
1684 4752 1792 4823 prae·

236 4852 352 4941 posito
378 4872 443 4942 pro
470 4871 574 4924 censu
602 4872 705 4924 unam
731 4873 891 4942 marcam;
918 4855 954 4924 in
972 4852 1098 4944 plateis
1124 4858 1240 4924 autem
1266 4853 1399 4923 babens
1425 4853 1532 4923 situm
1548 4859 1585 4923 et
1602 4853 1788 4927 tamisim

234 4975 395 5063 braxans,
422 4972 526 5045 solvit
550 4973 699 5046 mediam
727 4994 888 5047 marcam.
914 4975 1002 5045 Sunt
1027 4975 1170 5065 insuper
1187 4960 1326 5064 aliquae
1343 4972 1464 5045 domus
1482 4973 1518 5044 in
1536 4973 1676 5065 cuculo,
1693 4994 1786 5065 quaa

236 5093 377 5165 solvunt
402 5114 465 5183 per
491 5094 640 5168 mediam
667 5115 819 5169 marcam
846 5094 889 5167 de
916 5116 1032 5185 censu,
1058 5102 1095 5167 et
1120 5094 1256 5184 aliquae
1282 5094 1318 5165 in
1346 5093 1484 5184 plateis,
1520 5113 1609 5183 qnae
1634 5093 1787 5186 solvunt

234 5214 265 5287 si
291 5222 407 5287 tamen
433 5216 585 5287 braxant
611 5215 801 5306 cervisiam,
828 5237 891 5306 per
917 5237 1020 5288 unam
1047 5236 1209 5306 marcam,
1236 5215 1267 5286 si
1292 5214 1472 5299 veronon
1497 5215 1649 5286 braxant
1673 5216 1789 5289 cervi·

236 5335 341 5426 siam,
376 5341 505 5410 extunc
540 5336 716 5435 quaelibet
751 5336 787 5415 in
813 5336 943 5410 circulo
971 5357 1073 5435 quam
1099 5336 1135 5408 in
1153 5334 1279 5434 plateis
1306 5356 1367 5409 sex
1385 5355 1525 5429 grossos
1542 5335 1785 5413 tantummodo
