4050 6054
236 480 311 555 sle

233 693 271 759 et
296 686 505 777 proveniunt
530 684 574 758 cle
599 685 797 758 huiusmodi
824 706 928 758 censu
956 685 1107 777 quinque
1133 704 1280 757 marcae.
1306 684 1395 758 Item
1421 684 1552 759 habent
1569 704 1690 761 omnes
1708 706 1793 759 cen-

233 828 293 877 sus
319 806 441 879 altaris
467 806 500 879 S.
525 807 698 879 lobannis
723 808 905 897 Baptistae
936 807 988 879 eis
1014 808 1254 899 incorporatos
1280 813 1316 879 et
1343 809 1479 897 unitos,
1515 808 1680 881 videlicet
1709 813 1792 879 octo

231 947 375 1018 marcas,
402 948 548 1019 quornm
576 932 726 1020 quatuor
752 947 889 1001 marcae
906 927 1077 1000 arendato
1102 927 1255 1021 praedio,
1283 928 1376 1018 quod
1393 927 1527 1001 dictum
1544 929 1659 1002 altare
1674 920 1791 1001 liabe-

231 1049 309 1139 bat,
345 1048 415 1121 illis
448 1049 678 1140 proveniunt,
704 1056 741 1121 et
768 1054 917 1141 quatuor
951 1068 1088 1121 marcae
1114 1068 1157 1120 ex
1184 1051 1332 1121 cameris
1367 1048 1650 1141 pannicitlarum3
1685 1050 1790 1122 cuins

232 1168 370 1260 quidem
398 1170 538 1261 altaris,
574 1171 656 1262 qnia
681 1170 807 1242 haeres
841 1173 1102 1261 inspatronatns
1129 1174 1166 1241 et
1191 1170 1413 1243 collationem
1439 1171 1554 1263 cessit,
1580 1176 1618 1244 et
1642 1170 1790 1244 titulum

232 1291 307 1361 eins
334 1291 490 1381 extingvi
516 1293 702 1383 consensit,
730 1291 871 1362 collatio
894 1292 1147 1364 vicecantoriae
1173 1291 1240 1363 sibi
1268 1292 1442 1364 attributa
1466 1298 1504 1365 et
1530 1310 1696 1365 concessa
1722 1296 1789 1364 est

231 1410 321 1483 Item
356 1412 513 1483 cantoria
549 1411 794 1483 Tarnoviensis
826 1419 863 1483 et
889 1413 963 1483 eins
985 1419 1123 1483 cantor
1157 1434 1221 1503 pro
1247 1417 1404 1502 tempore
1438 1413 1545 1486 solvit
1579 1414 1790 1505 solvereque

232 1537 373 1602 tenetur
399 1533 618 1604 universitati
644 1533 852 1603 vicariorum
880 1552 941 1603 sex
968 1552 1103 1603 marcas
1138 1534 1239 1604 annis
1265 1532 1412 1623 singulis
1438 1535 1482 1604 de
1508 1534 1581 1605 suis
1605 1518 1791 1625 proventi-

232 1653 308 1741 bus,
335 1673 422 1743 quas
449 1673 511 1725 suo
537 1653 668 1725 vicario
695 1653 880 1743 temporali
906 1658 944 1726 et
968 1651 1130 1745 manuali,
1157 1659 1343 1745 antequam
1369 1654 1406 1726 in
1431 1658 1621 1746 perpetuos
1647 1652 1791 1747 radige-

232 1777 363 1864 rentur,
390 1773 527 1846 solvere
553 1780 789 1846 consveverat.

376 2020 488 2100 Bona
521 2020 735 2102 eeclesiae
768 2019 1049 2122 (toarnensis,
1083 2023 1122 2101 in
1145 1994 1347 2104 'dioecesi
1380 2020 1661 2103 Oraoovisnai

864 2160 1153 2241 consistentia.

336 2378 551 2454 Gneznensis
570 2381 888 2473 archiepiscopatus
906 2382 1192 2472 quemadmodum
1209 2383 1286 2454 loco
1304 2388 1341 2454 et
1359 2382 1481 2455 ordine
1504 2382 1652 2455 caeteris
1669 2384 1789 2457 archi-

234 2503 491 2593 episcopatibus
510 2508 545 2574 et
564 2503 821 2594 episcopatibus
839 2505 875 2573 in
893 2503 1058 2574 Poloniae
1078 2524 1186 2595 regno
1205 2504 1330 2575 celsior
1348 2509 1383 2574 et
1400 2505 1498 2594 prior
1516 2511 1579 2595 est,
1596 2504 1788 2596 primatum

234 2642 342 2712 supra
358 2642 477 2694 omnes
494 2628 633 2713 tenens3
651 2623 755 2697 itaet
772 2622 957 2695 latitudine
975 2622 1153 2712 dioecesis,
1175 2630 1212 2695 et
1228 2624 1454 2713 amplitudine
1482 2630 1714 2715 proventuum
1732 2630 1788 2697 est

234 2740 400 2813 diffusior.
417 2740 467 2814 Et
493 2743 584 2814 sicut
611 2744 762 2815 omnium
789 2744 1146 2834 archiepiscopatunm
1165 2750 1201 2816 et
1220 2745 1481 2834 episcopatuum
1506 2743 1673 2818 Poloniae
1690 2742 1787 2819 Gne·

233 2863 352 2933 anensi
371 2863 631 2954 archiepiscopo
649 2884 714 2954 pro
731 2870 889 2954 tempore
907 2863 1121 2954 dispensatio
1140 2870 1195 2937 est
1212 2864 1354 2955 credita,
1381 2886 1532 2957 curaque
1558 2866 1697 2939 illorum
1716 2866 1786 2939 sabi

234 2982 420 3074 immineat,
447 2983 701 3075 primarinsque
719 2983 937 3056 consiliarius
954 2986 1055 3075 regni
1080 2985 1246 3058 Poloniae
1264 2992 1455 3076 censeatur,
1482 2988 1534 3058 ita
1550 2985 1596 3057 ed
1611 2986 1787 3079 respubli-

235 3123 293 3174 cas
310 3109 382 3174 tam
409 3104 574 3176 ecclesiae
592 3103 787 3196 Polonicae,
815 3125 917 3195 qnam
936 3107 1035 3195 regni
1053 3105 1219 3178 Poloniae
1236 3107 1326 3178 bene
1343 3107 1524 3198 gerendas,
1551 3106 1786 3199 expediendus

235 3224 482 3315 curandosque,
508 3224 709 3316 frequenter
735 3226 872 3318 cogitur
897 3225 1162 3299 cracoviensem
1188 3229 1319 3318 urbem,
1346 3228 1441 3300 velut
1467 3230 1599 3320 regiam
1625 3234 1663 3302 et
1679 3226 1785 3301 Polo·
1844 3289 1854 3297 .

234 3366 356 3418 norum
383 3347 602 3439 metropolim
627 3348 850 3438 praeeipuam
877 3347 1029 3420 visitare.
1056 3348 1155 3437 Quod
1172 3354 1213 3421 ut
1230 3348 1366 3421 facilins
1392 3348 1517 3440 exequi
1536 3350 1658 3441 possit,
1674 3348 1785 3423 habet

233 3482 341 3557 prope
368 3464 640 3540 Grecoviam
674 3473 749 3539 tres
778 3468 880 3540 villas
907 3468 953 3541 od
979 3489 1075 3540 snam
1112 3470 1364 3560 proprietatem
1390 3475 1427 3542 et
1452 3470 1641 3542 dominium
1672 3471 1785 3563 perti·

232 3591 364 3677 nentes,
390 3588 611 3678 antiquorum
642 3609 763 3678 regum
790 3595 827 3661 et
852 3589 1048 3680 principum
1074 3588 1240 3662 Poloniae
1267 3590 1334 3662 sibi
1360 3590 1581 3681 providentia
1606 3596 1644 3664 et
1667 3592 1784 3665 muni·

233 3705 374 3778 lieentia
398 3715 568 3799 perpetuo
594 3706 751 3799 donatam,
776 3709 885 3781 habet
910 3716 947 3781 et
973 3709 1112 3781 domum
1137 3715 1310 3782 muratam
1337 3712 1402 3784 snb
1428 3716 1542 3783 castro
1559 3708 1784 3785 (luceriensi

233 3833 270 3898 et
294 3849 401 3921 supra
425 3828 566 3901 humum
593 3828 792 3902 Rudava
817 3830 931 3922 sitam,
957 3831 994 3902 in
1012 3850 1082 3922 qna
1100 3850 1137 3902 se
1154 3831 1267 3922 possit
1292 3832 1356 3903 snb
1383 3830 1539 3923 qnoh'bet
1562 3832 1784 3905 necessitatis

233 3952 270 4018 et
295 3948 350 4017 sui
376 3946 546 4020 adventus
573 3949 609 4020 in
635 3947 907 4022 cracoviam
942 3949 1089 4021 articulo
1125 3970 1203 4022 curn
1237 3951 1332 4022 omni
1355 3948 1489 4023 familia
1513 3956 1552 4023 et
1576 3948 1784 4043 supellectili

233 4087 317 4139 snae
343 4069 461 4140 cumae
486 4069 700 4161 recolligere,
728 4076 764 4141 et
781 4069 921 4161 &mam
939 4075 1044 4161 atque
1061 4070 1243 4143 honestam
1269 4071 1396 4145 ducere
1414 4070 1637 4144 mansionem.
1663 4068 1783 4145 Habet

233 4194 270 4259 et
296 4189 332 4259 in
358 4190 456 4280 znpis
482 4188 760 4263 Wieliciensibus
786 4196 890 4282 atque
908 4190 1170 4264 Bocbnensibns
1197 4196 1336 4263 centnm
1351 4210 1488 4265 marcas
1513 4190 1665 4265 latorum
1681 4210 1783 4283 gros·

233 4330 349 4380 sorum
383 4308 610 4401 Pragensinm
645 4310 752 4383 annui
786 4330 910 4383 census
937 4330 958 4381 a
984 4308 1215 4384 Oasimiro
1259 4311 1465 4385 Secundo
1498 4311 1665 4385 Poloniae
1697 4330 1783 4403 rege

233 4430 429 4521 inscriptas.
455 4430 596 4503 flabant
614 4438 651 4502 et
668 4431 789 4503 vicarii
808 4428 1030 4503 Gneznenses
1057 4432 1162 4502 etiarn
1189 4432 1439 4524 qninquaginta
1455 4452 1591 4504 marcas
1615 4430 1782 4505 similium
1896 4412 1903 4424 ⁶

231 4571 432 4641 grossorum
458 4551 607 4624 latorum
632 4551 869 4642 Pragensinm,
896 4572 1016 4624 eornm
1041 4552 1262 4623 universitati
1287 4572 1352 4643 per
1372 4550 1567 4642 praelatum
1593 4549 1783 4624 Oasimi·

232 4692 327 4743 rum
354 4671 610 4745 Secundum
636 4670 803 4744 Poloniae
828 4692 947 4763 regern
973 4672 1169 4763 inscriptas.
1199 4672 1318 4745 Habet
1343 4679 1380 4744 et
1405 4670 1621 4745 Gneznensis
1646 4672 1783 4746 schola·

231 4792 321 4863 stria
345 4792 487 4865 institas
503 4793 540 4863 in
558 4792 688 4865 circulo
705 4790 928 4865 Gracoviensi
954 4793 1022 4864 sibi
1047 4788 1218 4883 perpetuo
1240 4793 1428 4884 censuales,
1455 4812 1602 4885 qnorum
1627 4793 1783 4865 omnium

231 4912 269 4985 in
294 4918 453 5005 regestro
479 4914 656 5004 praesenti
674 4912 719 4985 ati
737 4917 940 5003 perpetuam
965 4914 1018 4984 rei
1039 4914 1252 5005 memoriam,
1278 4933 1322 4985 ne
1339 4913 1476 5006 possint
1501 4913 1594 5004 apmi
1619 4917 1782 5005 posteros

232 5036 323 5107 verti
347 5036 385 5107 in
412 5034 564 5125 dubium,
591 5034 774 5127 specialem
800 5032 965 5105 iaciemus
992 5034 1269 5124 descriptionem.

334 5154 518 5247 Psusszv,
555 5156 639 5228 villa
664 5156 729 5227 snb
756 5155 922 5245 parochia
947 5155 1113 5226 eeclesiae
1148 5155 1191 5228 dc
1222 5153 1522 5247 Lnborzycza
1556 5155 1644 5246 sita,
1680 5152 1781 5229 cuius

230 5278 428 5367 proprietas
454 5283 490 5348 et
515 5276 703 5348 dominium
731 5275 775 5346 ad
802 5276 1098 5366 archiepiscopum
1124 5272 1363 5348 Gneanensem
1397 5297 1462 5366 pro
1487 5280 1645 5367 tempore
1669 5276 1782 5367 perti·

232 5402 302 5488 net,
327 5398 364 5468 in
390 5416 460 5487 qua
485 5404 568 5469 sunt
593 5402 726 5489 septem
761 5416 839 5468 cum
864 5396 978 5468 metlio
1012 5396 1106 5467 lanei
1132 5396 1384 5487 cmethonales,
1419 5402 1456 5468 et
1481 5397 1629 5486 quilibet
1658 5396 1782 5470 laneus
