4050 6054
1620 449 1628 458 ¹
1705 455 1781 532 loa

217 662 416 757 ‘aliquando
452 663 620 755 plebanus
647 664 684 737 in
710 664 918 753 Manina3
953 665 1038 737 item
1064 664 1245 754 praedium
1281 684 1350 734 non
1378 668 1432 735 est
1459 663 1600 753 aliquod
1634 664 1782 737 invilla

230 773 407 877 praefata;
442 787 526 857 item
552 787 788 858 molendinum
812 807 929 857 nnum-
945 787 1076 858 hahens
1102 807 1224 876 agros,
1252 785 1295 856 de
1322 805 1391 875 quo
1417 783 1584 857 decimam
1612 785 1717 860 soluit
1743 786 1780 856 in

227 903 435 1000 pontiliacum
461 907 626 978 canonico
652 906 870 978 Kelcziensi.·
1349 902 1353 909 ’
1455 916 1462 931 ’
1572 925 1574 929 ’

335 1025 570 1097 &murrona
598 1025 725 1115 Gonu,
760 1027 845 1098 villa
879 1027 944 1098 suh
969 1027 1136 1116 parochia
1171 1026 1336 1097 ecclesiae
1372 1025 1416 1097 de
1441 1025 1507 1097 Ru
1520 1027 1669 1098 szkow
1704 1027 1781 1118 sita,

141 1165 151 1174 ·
232 1147 328 1218 onius
354 1148 551 1237 proprietas
579 1154 616 1218 et
642 1148 831 1219 dominium
858 1146 904 1219 ad
930 1148 1165 1236 episcopatum
1183 1146 1443 1218 Lnbuczensem
1469 1148 1630 1236 pertinet,
1657 1148 1693 1218 in
1713 1168 1781 1237 qna

231 1272 312 1338 sunt
339 1273 417 1338 octo
435 1266 528 1338 lanei
546 1269 786 1357 emethonales,
813 1269 897 1339 item
915 1273 988 1338 tres
1005 1267 1223 1338 hortulaniae
1248 1268 1419 1338 habentes
1447 1287 1560 1356 agros,
1586 1267 1672 1338 item
1691 1266 1781 1339 duae

230 1387 397 1458 tabernae
422 1389 591 1459 hahentes
619 1409 740 1478 agros,
768 1389 851 1459 item
878 1388 1111 1459 molendinum
1137 1407 1242 1457 unum
1269 1388 1402 1458 hahens
1428 1407 1549 1476 agros,
1586 1387 1630 1458 de
1657 1364 1781 1476 quihus

230 1508 389 1581 omnihus
416 1507 564 1583 solvitur
590 1509 723 1580 decima
748 1509 973 1597 manipularis
992 1513 1028 1579 et
1045 1528 1109 1597 per
1135 1512 1283 1597 quatuor
1309 1507 1448 1596 ierugcs
1475 1507 1652 1596 canapalis
1679 1527 1782 1596 prce·

138 1613 139 1621 ἵ
230 1628 364 1700 hendae
391 1627 689 1720 Schyewyenskey
717 1635 753 1700 et
777 1650 841 1719 per
867 1629 1065 1699 emethones
1101 1628 1252 1719 propriis
1280 1629 1439 1699 curribus
1470 1627 1607 1699 ducitur
1634 1628 1672 1698 in
1696 1628 1782 1699 hor·
1837 1683 1841 1687 .

231 1768 328 1820 reum
347 1770 368 1819 a
386 1751 550 1821 canonico
568 1750 760 1840 locandum,
776 1754 814 1821 et
831 1750 930 1820 valor
951 1749 1025 1820 eius
1052 1749 1255 1819 aestimatur
1273 1747 1317 1819 ad
1336 1754 1414 1819 octo
1442 1769 1587 1820 marcas.
1614 1746 1783 1820 Variatur

231 1875 348 1941 autem
374 1868 550 1959 praefatae
578 1869 731 1941 decimae
757 1870 955 1960 perceptio;
994 1874 1077 1939 sunt
1104 1869 1195 1939 enim
1222 1868 1378 1958 plerique
1404 1869 1481 1958 agri
1507 1869 1544 1938 in
1570 1869 1653 1940 villa
1678 1889 1782 1957 prae-

232 1987 315 2079 fata,
340 2009 385 2061 ex
412 1990 536 2080 quihus
564 1990 731 2060 decimam
753 1989 1006 2078 maniprdarem
1033 1990 1214 2080 episcopus
1241 1989 1475 2060 Lubuczensis
1501 1989 1669 2079 percipit,
1705 1988 1782 2079 agri

229 2108 392 2180 videlicet
416 2111 476 2179 siti
503 2128 622 2200 versus
645 2110 762 2180 villam
788 2109 1089 2198 Biskupicze,
1116 2109 1159 2180 de
1177 2110 1271 2199 agris
1289 2114 1405 2180 autem
1424 2130 1546 2180 versus
1566 2109 1777 2198 septentrio·
1861 2196 1864 2203 Ι

232 2248 311 2300 nem
337 2230 487 2318 percipit
514 2250 589 2299 eam
616 2230 762 2300 ecclesia
788 2231 825 2301 in
850 2229 1059 2317 Manina3
1095 2229 1137 2299 de
1164 2229 1323 2301 omnibns
1350 2229 1498 2301 residuis
1525 2230 1674 2321 percipit
1700 2249 1779 2300 eam

231 2369 395 2438 praesens
422 2348 621 2437 praehenda
648 2348 909 2440 Schewyenska.
952 2349 1039 2420 Item
1066 2348 1248 2437 praedium
1284 2370 1354 2420 non
1381 2356 1436 2421 est
1463 2349 1603 2439 aliquod
1634 2349 1790 2421 invilla·

231 2467 397 2558 praelata.
1111 2455 1114 2458 ⁴

335 2589 528 2679 RusznoW,
556 2590 648 2690 villa,
666 2590 797 2661 habens
815 2590 852 2660 in
870 2611 907 2660 se
926 2589 1104 2662 eeclesiam
1127 2590 1360 2680 parochialem
1387 2591 1420 2668 S.
1439 2589 1603 2661 stanislai
1621 2590 1780 2681 ligneam,
1805 2681 1807 2690 k

232 2730 296 2798 per
328 2709 513 2780 haeredem
548 2710 652 2781 villae
685 2710 992 2782 Zawisohium
1027 2709 1070 2780 de
1106 2707 1388 2781 Oleschnica
1424 2709 1568 2781 militem
1604 2708 1647 2781 de
1673 2711 1780 2781 armis

230 2830 450 2919 Damhno,
478 2831 690 2901 subindicem
718 2829 1039 2919 Sandomiriensem‚
1068 2835 1208 2900 sanotae
1235 2831 1420 2901 memoriae
1448 2829 1641 2920 Sbignei
1668 2831 1781 2901 cardi-

229 2947 318 3020 nalis
344 2954 382 3019 et
406 2949 559 3041 episcopi
586 2949 825 3021 cracoviensis
851 2951 966 3040 patrui
988 2952 1159 3040 germani,
1186 2949 1366 3022 fundatam
1392 2956 1429 3021 et
1455 2949 1620 3039 dotatam,
1647 2951 1682 3020 in
1710 2972 1780 3041 qua

230 3075 313 3139 sunt
339 3068 491 3160 quinque
516 3069 608 3141 lanei
635 3070 885 3160 emethonaleS,
921 3069 964 3141 de
991 3071 1115 3159 quihus
1141 3071 1289 3142 solvitur
1325 3069 1459 3142 decima
1484 3071 1711 3161 manipularis
1739 3077 1777 3142 et

229 3209 293 3278 per
320 3194 469 3279 quatuor
485 3190 634 3280 ierugas
669 3191 844 3280 canapalis
879 3189 1099 3281 praebendae
1126 3189 1400 3281 Schewyenskey
1427 3196 1463 3261 et
1489 3202 1553 3280 per
1580 3191 1779 3261 emethones
1909 3225 1913 3233 ν

229 3310 381 3400 propriis
406 3310 566 3380 curribus
602 3309 741 3381 ducitur
767 3312 804 3380 in
831 3310 994 3381 horreum
1021 3332 1042 3380 a
1069 3311 1232 3381 canonico
1259 3310 1458 3400 locandum,
1486 3317 1522 3381 et
1548 3310 1647 3382 valor
1672 3310 1781 3382 oesti-

230 3435 347 3501 matur
373 3431 447 3502 eius
479 3429 668 3502 addacem
695 3449 837 3500 mareas.
881 3429 970 3500 Item
1005 3430 1171 3502 tabernae
1207 3451 1276 3501 non
1304 3437 1385 3501 sunt
1420 3430 1558 3519 aliquae
1594 3431 1630 3501 in
1658 3429 1779 3501 eadem

230 3538 444 3639 villa-item·
460 3549 679 3621 hortulaniae
705 3555 787 3620 snut
814 3549 964 3639 quinque
991 3551 1027 3619 in
1054 3550 1174 3620 eadem
1201 3550 1298 3640 villa,
1325 3549 1482 3622 sednon
1509 3551 1640 3621 hahent
1666 3570 1779 3640 agros,

229 3669 313 3740 item
338 3671 519 3760 praedium
544 3670 594 3741 ihi
620 3669 758 3740 unicum
784 3669 944 3759 militare,
972 3669 1015 3741 de
1042 3671 1139 3741 ouius
1166 3671 1260 3760 agris
1287 3670 1435 3741 solvitur
1462 3670 1595 3741 decima
1620 3671 1778 3760 manipu-

231 3789 315 3863 laris
343 3791 507 3862 ecclesiae
533 3790 723 3879 parochiali
749 3789 785 3859 in
811 3788 1045 3861 Ruszhow.
1535 3868 1539 3874 ,

333 3910 531 4001 Sanowrn,
558 3910 641 3981 villa
667 3910 731 3980 sub
758 3909 924 3999 parochia
950 3910 1115 3982 ecclesiae
1142 3911 1184 3982 de
1210 3910 1435 3999 Ruszkow
1463 3912 1540 4002 sita,
1567 3913 1664 3984 cuius
1696 3913 1778 3984 hae·

230 4051 287 4102 res
304 4030 515 4102 Eustachius
532 4030 780 4120 Sprowsky
808 4030 1015 4101 castellanus
1033 4030 1275 4102 Radomiensis
1295 4031 1337 4103 de
1357 4033 1461 4104 armis
1481 4031 1775 4122 Odrowansch,

228 4150 265 4221 in
292 4171 361 4240 qna
387 4157 469 4222 sunt
495 4172 618 4223 novem
644 4150 736 4221 lanei
763 4151 1015 4239 cmethonales,
1052 4152 1094 4222 de
1122 4152 1247 4241 quibus
1275 4154 1434 4251 omnibus
1470 4153 1618 4225 solvitur
1645 4154 1778 4226 decima

229 4271 454 4359 manipularis
481 4277 517 4342 et
542 4292 606 4360 per
633 4278 782 4361 quatuor
808 4272 947 4362 ierugas
975 4272 1151 4361 canapalis
1177 4274 1397 4362 praebendae
1424 4273 1723 4365 Schyewyenskey
1742 4278 1778 4345 et

228 4412 291 4482 per
318 4393 515 4463 emethones
550 4393 701 4482 propriis
728 4393 887 4464 curribus
923 4393 1063 4464 ducitur
1088 4393 1125 4462 in
1150 4394 1316 4465 horreum
1342 4414 1364 4464 a
1391 4395 1556 4465 canonico
1583 4393 1775 4483 locandum,

229 4519 265 4583 et
292 4512 389 4583 valor
415 4513 620 4583 aestimatur
646 4513 720 4583 eius
747 4512 792 4583 ad
820 4512 936 4583 decem
963 4534 1107 4603 marcas.
1134 4513 1222 4583 Item
1248 4515 1395 4585 taberna
1412 4535 1482 4586 una
1507 4514 1639 4585 hahens
1665 4534 1778 4605 agros,

229 4632 271 4704 de
300 4633 423 4724 quibus
451 4632 555 4704 solvit
582 4632 747 4704 decimam
775 4634 938 4704 canonico
965 4634 1001 4703 in
1026 4631 1241 4728 qooddwom,
1268 4634 1352 4705 item
1379 4635 1600 4707 hortrdaniae
1628 4641 1778 4726 quatuor

227 4754 394 4836 habentes
420 4775 532 4844 agros,
559 4754 601 4824 do
630 4755 753 4844 quibus
780 4753 921 4827 solvunt
938 4753 1104 4825 decimam
1124 4755 1161 4825 in
1175 4751 1392 4850 qoaitlwam3
1416 4756 1502 4826 item
1519 4756 1699 4845 praedium
1724 4755 1775 4826 ihi

210 4864 365 4961 'unicum
383 4875 542 4963 militare,
570 4873 612 4944 de
639 4874 737 4944 ouius
764 4875 858 4964 agris
886 4874 1033 4945 solvitur
1069 4875 1203 4946 decima
1229 4875 1455 4965 manipularis
1483 4876 1648 4947 ecclesiae
1674 4896 1777 4965 paro-

230 4995 335 5065 chiali
360 4995 398 5065 in
423 4994 655 5065 Ruszkow.

332 5112 629 5206 Gnomanzrczn,
656 5115 739 5185 villa
766 5115 829 5187 suh
856 5116 1022 5204 parochia
1049 5116 1214 5188 eeclesiae
1241 5116 1284 5188 de
1311 5117 1532 5187 Schewna
1558 5117 1643 5207 sita,
1679 5116 1777 5188 cuius

228 5235 398 5307 haeredes
429 5234 674 5326 Nicolaus,
709 5235 966 5327 lohannes,
1001 5236 1223 5328 Michael,
1258 5236 1511 5327 Martinus,
1547 5236 1776 5309 Alher'tus

227 5343 406 5446 Strasz,
435 5356 645 5429 Urbanus
674 5363 710 5426 et
737 5355 986 5430 Silwester
1021 5358 1063 5428 de
1090 5359 1195 5429 armis
1222 5357 1510 5449 Wyenyawa,
1537 5360 1573 5428 in
1600 5364 1776 5449 quaeunt
1837 5398 1839 5402 <
