4050 6054
288 452 359 522 196

607 570 638 613 p*
1357 590 1361 600 .

284 658 328 726 de
354 655 480 746 quihus
506 656 665 724 omnihus
693 654 840 724 solvitur
857 653 991 722 decima
1017 651 1245 740 manipularis
1271 657 1309 720 ιι
1335 650 1509 739 canapalis
1536 600 1891 741 mendicum?

285 775 441 867 praefato
468 784 504 844 ιι
531 774 630 844 valor
656 775 731 843 eius
766 773 972 843 aestimatur
1006 771 1051 842 od
1079 777 1157 840 octo
1185 790 1337 857 marcas,
1372 768 1559 860 aliquando
1584 769 1630 840 ad
1655 770 1841 858 tredecim,

282 914 527 983 nonnunquam
554 894 600 963 ad
625 893 785 980 sedecim,
810 899 847 962 ιι
874 890 1049 979 canapalis
1085 890 1233 959 solvitur
1267 910 1419 979 persen
1453 890 1602 978 ierugas
1635 889 1724 960 Item
1750 896 1842 960 emit

283 1016 331 1085 ihi
358 1015 510 1104 quinque
527 1013 617 1082 lanei
636 1010 908 1097 cmethoualcs,
899 1033 934 1080 in
953 1011 1047 1099 agris
1065 1009 1212 1079 militum
1230 1009 1344 1096 locati,
1371 1030 1430 1098 qui
1420 1008 1648 1082 ecclesiae
1637 1030 1673 1079 ιι
1690 1008 1842 1099 Scyth

282 1135 492 1205 czechow
517 1132 700 1218 ιιιίιιιιι,
728 1132 810 1201 itein
838 1132 985 1200 taberna
1010 1150 1080 1200 uua
1106 1130 1239 1199 habens
1266 1150 1369 1218 agros
1396 1129 1573 1217 speciales,
1599 1129 1684 1199 item
1707 1128 1840 1199 hortu·

281 1254 397 1325 laniae
421 1274 483 1323 scr
507 1251 676 1323 habentes
703 1272 826 1339 agros,
853 1249 896 1319 de
923 1249 1047 1338 quibus
1074 1248 1203 1337 partim
1229 1248 1362 1318 decima
1387 1247 1492 1318 datur
1518 1247 1839 1337 archidiaconatui,
1913 1310 1918 1317 .

283 1374 411 1463 partini
436 1371 602 1442 ecclesiae
628 1371 664 1439 in
691 1369 786 1459 Suy
797 1369 1045 1454 eczcchow3
1071 1369 1155 1439 item
1171 1367 1316 1457 praedia
1336 1368 1410 1437 dno
1435 1367 1611 1455 militaria,
1636 1367 1686 1438 dc
1704 1368 1839 1457 quihus

285 1493 453 1563 amhohus
480 1491 612 1560 decima
638 1489 803 1559 ecclesiae
830 1490 866 1558 in
893 1488 1236 1578 Supcczechorr
1258 1488 1417 1559 solvitur.

388 1611 573 1697 Carenis,
600 1610 683 1679 uilla
708 1610 773 1679 suh
800 1609 964 1698 parochia
990 1609 1155 1679 ecclesiae
1181 1609 1225 1678 dc
1243 1605 1366 1698 Gory
1393 1608 1470 1694 sita,
1497 1609 1595 1679 cuius
1620 1608 1744 1678 haeres
1759 1607 1837 1679 Lu-

286 1753 344 1802 cas
371 1731 415 1800 de
441 1730 657 1819 Slupcza,
683 1729 809 1799 nobilis
835 1729 879 1799 de
905 1728 1007 1799 douio
1034 1728 1168 1799 Rawa
1193 1750 1258 1817 pro
1283 1749 1353 1798 una
1378 1734 1480 1817 parte
1504 1728 1641 1815 minori,
1665 1735 1704 1799 ιι
1728 1749 1834 1799 sauc-

285 1851 482 1922 timonialcs
508 1850 625 1920 Sancti
652 1848 814 1919 Andreae
840 1869 904 1938 pro
931 1849 1065 1919 maiori
1100 1849 1140 1918 hi
1167 1869 1236 1937 qua
1262 1856 1344 1918 sunt
1369 1869 1432 1917 sen
1457 1847 1550 1918 lanei
1576 1848 1835 1937 cmcthonales,

283 1972 326 2041 dc
353 1970 479 2059 quihus
505 1969 652 2040 soluitur
678 1968 812 2039 decima
835 1967 1061 2057 manipularis
1087 1974 1125 2038 et
1149 1968 1325 2061 canapalis
1352 1966 1648 2039 archidiaconatui
1673 1966 1835 2056 praelato

284 2100 322 2161 et
347 2089 446 2159 valor
470 2090 547 2159 eins
572 2090 780 2158 aestimatur
795 2087 842 2161 ad
859 2096 992 2177 septem
1018 2108 1163 2174 marcas,
1181 2095 1218 2158 ιι
1234 2109 1297 2176 per
1323 2088 1523 2157 cmethones
1538 2086 1679 2157 ducitur
1695 2086 1732 2156 in
1748 2087 1836 2158 hor-

283 2231 380 2280 reuni
408 2210 452 2278 ab
479 2208 723 2278 archidiacono
748 2206 930 2277 locandum
958 2208 1109 2296 propriis
1132 2208 1301 2277 curribus.
1327 2207 1416 2276 Item
1433 2207 1547 2276 Lucas
1572 2206 1616 2276 dc
1633 2206 1837 2295 Slupcza
1910 2264 1915 2269 .

284 2330 391 2401 hahet
416 2329 465 2398 ihi
517 2338 644 2399 uatuor
670 2328 807 2414 laneos
833 2327 876 2399 de
904 2328 1029 2415 quibus
1055 2327 1160 2396 etlam
1186 2327 1334 2398 soluitur
1360 2327 1496 2396 decima
1518 2325 1747 2453 qanipularis
1773 2348 1835 2397 ar·

287 2448 503 2519 chidiacouat
567 2447 848 2520 Zuuichostensi
875 2448 956 2516 item
985 2449 1150 2518 tabernae
1177 2447 1275 2533 duae,
1302 2447 1363 2516 sed
1380 2468 1450 2516 uon
1468 2447 1599 2517 hahent
1623 2438 1739 2537 agria,
1761 2447 1836 2518 uisi

288 2567 482 2656 praediales
499 2587 543 2635 ex
566 2565 755 2636 Garbou
781 2568 832 2636 eis
850 2566 971 2651 datos3
998 2569 1081 2637 iterii
1099 2567 1318 2636 hortulauiac
1336 2571 1486 2655 quatuor
1503 2565 1618 2637 Lucae
1644 2566 1689 2636 dc
1703 2565 1836 2656 Slup-
1978 2579 1982 2582 ’

286 2708 383 2759 ιιι
414 2685 498 2754 item
523 2685 702 2773 praedium
729 2686 778 2755 ihi
804 2688 942 2756 unicuui
969 2687 1184 2772 coenobiale,
1219 2686 1263 2756 de
1289 2687 1386 2756 cuins
1413 2687 1508 2774 agris
1534 2685 1622 2807 uehi
1645 2686 1836 2758 sanctino-

286 2805 396 2877 niales
423 2804 563 2899 solvunt
579 2805 690 2875 decim
783 2807 939 2876 sedeam
957 2828 1021 2895 pro
1039 2827 1076 2876 se
1095 2806 1222 2877 tollunt
1239 2814 1277 2876 et
1294 2807 1330 2875 in
1348 2828 1448 2876 suum
1474 2807 1638 2881 horreum
1654 2805 1836 2877 inducunt

390 2924 568 3011 Suuuczn,
595 2924 678 2994 silla
691 2826 765 2995 :stu
777 2927 942 3014 parochia
968 2926 1131 2995 ecclesiae
1158 2926 1201 2995 dc
1228 2924 1349 2996 Gori
1376 2927 1455 3001 sita
1482 2925 1580 2996 cuius
1597 2926 1723 2996 haeres
1738 2925 1835 2997 idem

287 3045 401 3115 Lucas
427 3043 472 3115 dc
497 3042 714 3133 Slupcza,
740 3046 865 3116 nobilis
892 3046 935 3115 de
953 3046 1056 3116 domo
1082 3045 1224 3115 Rara.
1250 3046 1291 3114 lu
1317 3067 1386 3134 qua
1412 3053 1495 3115 sunt
1520 3045 1714 3134 quindecim
1737 3045 1835 3117 lanei

286 3163 527 3250 cniethonales,
553 3162 596 3233 dc
623 3164 748 3252 quihus
773 3166 933 3235 omuibus
960 3165 1108 3235 solvitur
1126 3164 1259 3235 decima
1284 3165 1510 3254 manipularis
1535 3165 1836 3239 murciam

286 3283 458 3374 praelato,
484 3293 518 3382 et
546 3305 610 3374 per
636 3285 834 3357 curculiones
859 3287 1012 3374 propriis
1037 3286 1198 3356 curribus
1228 3285 1367 3356 ducitur
1394 3286 1429 3354 in
1456 3286 1621 3355 horreum
1647 3287 1692 3356 ah
1716 3285 1835 3357 archi-

285 3404 431 3476 diacono
456 3402 639 3476 locandum
665 3415 702 3475 ιι
728 3405 827 3475 ιιΙιι
853 3407 928 3476 eius
954 3408 1160 3476 aestimatur
1185 3407 1230 3475 ad
1257 3406 1451 3495 quindecim
1479 3427 1623 3476 marcas
1662 3405 1751 3476 Ιιιιι
1775 3415 1834 3476 ta·

285 3527 412 3596 hernae
439 3536 535 3613 octo,
563 3548 632 3596 uoii
659 3527 827 3596 hahentes
854 3548 976 3615 agros,
1011 3527 1093 3596 item
1122 3526 1354 3596 molendinum
1382 3547 1505 3607 uuum,
1542 3526 1604 3596 sed
1630 3548 1699 3596 uon
1725 3527 1834 3598 hahet

286 3666 399 3734 agros
426 3646 509 3714 iteiu
535 3644 752 3715 hortulariiae
779 3654 853 3716 tres
879 3667 948 3714 nou
975 3644 1144 3715 hahentes
1170 3666 1284 3734 agros
1311 3646 1395 3715 item
1412 3644 1669 3757 praedicam
1693 3645 1832 3716 uicum

286 3765 446 3849 militare,
472 3764 516 3834 de
542 3787 612 3853 quo
638 3764 771 3835 decima
797 3766 1024 3854 manipularis
1050 3766 1198 3836 solvitur
1223 3765 1391 3836 ecclesiae
1415 3763 1609 3856 paroch‘nli
1631 3765 1671 3837 iu
1694 3764 1834 3839 Chre-

286 3885 470 3954 brzaui‘.
1848 3916 1864 3931 ··

343 4032 356 4049 =
389 4002 535 4089 haim,
570 4004 652 4072 rilla
679 4006 744 4075 suh
770 4006 936 4094 parochia
961 4005 1128 4075 ecclesiae
1153 4004 1198 4074 de
1225 4003 1347 4095 Gory
1372 4006 1460 4092 sita,
1495 4006 1594 4076 cuius
1620 4007 1744 4078 haeres
1768 4005 1832 4078 Jo-

289 4122 422 4191 hannes
455 4120 764 4212 Mihulowskp·
799 4137 834 4194 ιι
871 4124 997 4196 Petrus
1032 4126 1076 4196 de
1111 4124 1452 4212 llihnlovicze‚
1488 4125 1621 4196 nobiles
1655 4125 1830 4197 dedomo

287 4240 427 4310 Rana
462 4240 502 4310 ln
527 4263 599 4331 qua
623 4254 703 4312 suut
731 4243 922 4315 indistincti
949 4245 1040 4315 lanei
1067 4245 1322 4333 emethouales‚
1357 4246 1401 4315 de
1427 4246 1552 4334 quihus
1577 4246 1736 4316 omnihus
1761 4246 1832 4316 sol·

285 4360 381 4431 ritur
406 4360 540 4431 decima
566 4362 790 4450 manipularis
815 4365 1111 4436 archidiaconatui
1138 4364 1302 4453 praedito
1320 4378 1355 4435 et
1374 4385 1437 4453 per
1454 4366 1654 4436 emethoucs
1679 4366 1832 4455 propriis

285 4482 446 4551 curribus
471 4480 611 4552 ducitur
638 4483 674 4551 iu
700 4483 863 4554 horreum
888 4486 933 4555 ab
959 4484 1202 4555 archidiacono
1229 4485 1411 4556 locandum
1436 4496 1473 4555 et
1499 4485 1598 4556 ralor
1623 4486 1700 4556 eius
1725 4487 1832 4557 aesti-

288 4615 404 4673 matur
429 4603 475 4672 ad
501 4603 589 4673 duas
615 4624 759 4674 marcas
801 4603 871 4676 Pio
895 4607 1021 4677 uiaiori
1046 4616 1163 4676 auteni
1190 4616 1291 4694 parte
1316 4606 1441 4677 liumus
1472 4605 1604 4676 l'isla
1638 4595 1831 4695 praelata·

285 4722 404 4793 villain
431 4726 623 4795 absorbuit
666 4724 754 4795 Item
779 4726 948 4797 tabernae
974 4728 1024 4797 ihi
1052 4749 1120 4798 nou
1147 4734 1246 4814 suut,
1281 4728 1364 4797 itcui
1391 4726 1612 4798 hortulaniac
1637 4748 1708 4797 non
1732 4735 1832 4815 ιιιι,

286 4845 368 4914 item
395 4845 575 4934 praedium
601 4847 651 4915 ihi
677 4848 813 4916 nnicuui
840 4847 1010 4919 militare
1045 4848 1241 4937 dequibus
1266 4849 1415 4919 solvitur
1440 4846 1572 4919 decima
1606 4847 1832 4937 manipularis

285 4965 450 5036 ecclesiae
476 4967 669 5056 parochiali
692 4966 842 5040 Sanctae
867 4967 1038 5038 Maiae
1028 4990 1064 5038 in
1090 4969 1405 5059 Zawschosth.

388 5085 528 5157 lmow
548 5089 630 5158 silla
648 5088 714 5160 suh
729 5089 897 5178 parochia
912 5089 1079 5159 eeclesiae
1097 5088 1245 5159 Salinae
1262 5089 1445 5161 Trinitatis
1463 5089 1507 5160 de
1523 5014 1832 5179 Zawpchostli

286 5204 363 5277 sita.
388 5207 486 5277 cuius
512 5207 637 5279 haeres
661 5207 841 5283 Johannes
865 5207 1121 5299 Linowskr‚
1145 5208 1273 5280 nobilis
1298 5210 1344 5281 de
1368 5210 1667 5301 domoetgenere
1691 5209 1832 5280 Rati-

287 5332 449 5394 tarum
474 5324 516 5395 hi
540 5348 610 5415 qua
635 5340 715 5399 sunt
740 5338 875 5418 septem
901 5329 994 5401 lanei
1018 5328 1262 5420 methurides,
1287 5330 1475 5422 dequibus
1498 5331 1658 5402 omnihus
1684 5331 1839 5409 solvitur¹
