4050 6054
1642 467 1716 539 491

167 665 372 736 aestimatur
398 664 496 735 valor
523 663 568 736 ad
595 662 680 735 duas
708 685 908 756 sexagenas.
944 665 1031 737 Item
1058 666 1235 756 tabernae,
1261 667 1347 738 item
1372 667 1607 761 hortulauiae,
1633 671 1718 743 item

166 786 356 876 praedium.
387 794 398 810 ’“
444 860 446 865 ,
1153 788 1157 798 “
1753 865 1756 870 ,

271 902 444 976 Girumu
469 905 732 996 Penerucnnm,
759 905 843 976 villa
868 908 932 979 sub
950 908 1115 997 parochia
1133 908 1298 979 eeclesiae
1316 907 1360 980 de
1377 909 1615 1000 Lyaszany
1642 912 1716 1002 sita,

167 1028 264 1100 euius
290 1026 488 1121 proprietas
515 1031 551 1098 et
579 1026 766 1097 dominium
794 1027 838 1097 ad
865 1028 1123 1099 serenissImum
1149 1027 1314 1100 PelenIae
1340 1049 1458 1120 regem
1484 1032 1654 1121 pertinet,
1681 1033 1717 1103 in

168 1169 235 1239 qua
262 1152 342 1220 sunt
367 1147 460 1218 lanei
486 1147 730 1236 emetbonales,
757 1147 800 1218 de
828 1148 952 1238 quibus
980 1149 1139 1219 omnibus
1167 1149 1314 1220 solvitur
1341 1147 1473 1220 deeIma
1490 1151 1726 1240 manipularis

167 1269 330 1340 canonico
358 1267 527 1339 secundae
555 1265 781 1358 praebendae,
809 1274 844 1338 et
871 1268 1039 1339 inducunt
1065 1289 1141 1339 eam
1168 1269 1366 1341 emetbones
1384 1271 1536 1361 propriis
1555 1272 1714 1343 curribus

167 1391 202 1459 in
229 1390 392 1460 horreum
419 1409 440 1458 a
466 1388 629 1459 eanonim
656 1387 856 1477 locandum,
883 1393 920 1460 et
945 1389 1045 1460 valer
1072 1389 1146 1459 eius
1172 1390 1377 1461 aestimatur
1403 1391 1447 1462 ad
1473 1387 1546 1461 tres
1572 1411 1715 1464 mareas.

166 1510 254 1581 Item
281 1510 455 1598 tabernae,
483 1510 567 1578 item
593 1508 821 1596 hortulaniae,
848 1508 932 1578 item
958 1508 1147 1598 praedium.

270 1629 466 1717 Limon,
493 1626 577 1699 villa
604 1628 667 1699 sub
694 1628 860 1718 parochia
887 1629 930 1699 de
956 1628 1252 1722 Slawyaezyn
1279 1631 1363 1719 sita,
1393 1631 1490 1701 euius
1516 1630 1714 1721 proprietas

166 1757 202 1821 et
228 1750 414 1820 dominium
451 1748 496 1819 ad
530 1748 724 1820 Iohannem
758 1747 1019 1840 Zagerslry,
1045 1751 1196 1823 nobilem
1223 1751 1266 1821 de
1293 1751 1399 1821 armis
1427 1750 1715 1840 heeipitrum

167 1871 328 1961 pertiuet,
355 1870 390 1939 in
419 1890 487 1960 qna
514 1875 595 1940 sunt
621 1868 713 1938 lanei
740 1868 983 1959 emetbonales,
1010 1870 1053 1941 de
1080 1872 1205 1961 quibus
1232 1871 1390 1942 omnibus
1417 1872 1565 1943 solvitur
1583 1871 1716 1943 decima

165 1988 578 2079 manipularis'eaneniee
606 1988 776 2059 secundae
803 1988 1030 2080 praebendae,
1057 1996 1094 2063 et
1119 1990 1287 2063 inducunt
1313 2011 1389 2061 eam
1417 1992 1615 2062 emethenes
1634 2012 1715 2081 pre-

165 2111 251 2199 priIs
278 2111 437 2181 curribus
464 2111 500 2180 in
527 2111 690 2181 horreum
718 2129 740 2178 a
766 2109 930 2201 canonico
957 2110 1148 2201 leuandum,
1176 2117 1211 2182 et
1235 2110 1336 2182 valer
1353 2112 1556 2183 aestimatur
1574 2111 1649 2182 eius
1669 2110 1713 2183 ad

167 2230 251 2300 duas
277 2251 422 2300 marcas.
448 2229 537 2300 Item
563 2208 739 2319 tabernae,
766 2230 849 2300 item
875 2229 1105 2321 hortulaniae,
1132 2233 1214 2301 item
1240 2231 1430 2320 praedium.

269 2350 463 2439 Sesnuow,
490 2349 574 2421 villa
599 2351 664 2421 sub
690 2350 856 2439 parochia
883 2349 1047 2421 eeclesiae
1074 2350 1117 2421 de
1143 2350 1166 2422 J
1175 2351 1301 2421 aszel
1328 2353 1404 2439 sita,
1432 2351 1528 2422 euius
1555 2352 1713 2441 proprie-

142 2478 224 2542 ·tas
251 2477 287 2541 et
312 2471 500 2542 dominium
527 2471 571 2541 ad
598 2471 748 2541 nobilem
774 2469 968 2541 Iohannem
986 2470 1289 2562 Pyenyaszek
1315 2470 1358 2541 de
1381 2469 1646 2542 Oruszlowa
1671 2471 1714 2542 de

167 2593 273 2662 armis
300 2590 612 2661 Odrowanseh
639 2591 805 2679 pertinet,
832 2590 867 2660 in
895 2611 963 2680 qua
989 2597 1071 2662 sunt
1097 2611 1185 2661 uuus
1212 2590 1450 2662 tantummodo
1477 2591 1596 2662 laneus
1623 2611 1715 2662 eme·

164 2712 333 2799 thenolio,
361 2711 404 2781 de
431 2732 498 2800 que
526 2711 672 2781 solvitur
699 2710 831 2780 deeIma
857 2710 1082 2816 manipularis
1109 2711 1272 2782 canonice
1300 2710 1470 2810 secandae
1496 2710 1714 2800 praebendae

164 2832 197 2902 S.
225 2831 400 2921 Floriani,
429 2835 464 2900 et
498 2830 667 2901 inducunt
702 2851 778 2901 eam
809 2831 1007 2902 emetbones
1034 2832 1070 2900 in
1096 2832 1261 2901 horreum
1287 2852 1308 2901 a
1335 2831 1499 2905 canonice
1527 2830 1711 2901 leuandum

164 2958 200 3023 et
226 2953 299 3022 eius
326 2951 532 3022 aestimatur
559 2951 656 3022 valer
682 2950 727 3021 ad
755 2951 842 3022 duas
867 2972 1022 3040 mareas;
1049 2951 1092 3022 de
1120 2952 1278 3022 omnibus
1305 2957 1420 3022 autem
1439 2950 1586 3022 residuis
1604 2951 1712 3021 laneis

163 3072 309 3143 solvitur
336 3071 499 3142 eeclesiae
527 3071 561 3140 in
588 3070 611 3142 J
621 3072 756 3141 asael.
783 3071 870 3141 Item
897 3071 1042 3161 praedia
1059 3071 1137 3160 tria,
1158 3071 1319 3142 videlicet
1337 3069 1497 3140 Andreae
1517 3069 1712 3161 Pyenya-

164 3193 282 3281 szek,
308 3191 533 3281 Paeoesii,
560 3191 727 3281 Wrosz,
755 3197 791 3262 et
816 3192 860 3262 de
887 3192 1046 3262 omuibus
1073 3189 1263 3261 decimatur
1280 3190 1446 3261 eeclesiae
1463 3190 1499 3259 in
1517 3188 1541 3260 J
1551 3189 1713 3280 aszyel.

132 3502 134 3506 ⁴
166 3505 366 3588 Decimae
407 3505 643 3586 lemonalee
686 3503 902 3586 secundae
936 3501 1207 3610 praebendae
1239 3502 1281 3581 8.
1315 3502 1494 3582 floriani
1529 3501 1720 3599 latorum,

810 3663 1070 3747 pressorum.

267 3920 518 4009 Gnrnmcznn,
544 3919 628 3990 villa
653 3918 718 3988 sub
744 3915 910 4006 parochia
936 3914 1100 3986 eeclesiae
1114 3913 1169 3991 ⁴de
1188 3912 1492 4000 Tarnewyeez
1520 3909 1596 3999 sita
1615 3910 1712 3980 euius

163 4044 360 4136 proprietas
395 4047 432 4111 et
467 4040 655 4111 dominium
691 4038 736 4108 ad
773 4035 981 4127 Gregorium
1008 4034 1290 4107 Chorasziez
1317 4031 1361 4101 de
1387 4029 1493 4100 armis
1519 4028 1714 4100 Poluko-

164 4185 272 4255 szya
297 4163 460 4253 pertinet,
486 4162 523 4231 in
550 4180 618 4251 qua
644 4164 725 4230 sunt
750 4157 841 4228 lanei
869 4153 1114 4244 emetbonales,
1141 4154 1184 4224 de
1211 4172 1358 4244 qnorum
1384 4150 1538 4240 quelibet
1565 4150 1713 4220 solvitur

162 4280 255 4357 unus'
286 4284 376 4356 ferte
413 4283 562 4353 laterum
598 4300 799 4371 grossorum
835 4276 1062 4367 Pragensinm
1098 4294 1163 4364 pro
1190 4268 1323 4345 decima
1349 4271 1512 4342 eanoniee
1541 4267 1713 4340 secundae

164 4405 390 4497 praebendae.
417 4403 505 4474 Item
532 4402 721 4493 praedium.

267 4526 470 4612 Zannnzm,
496 4522 588 4612 villa,
614 4522 745 4592 habens
772 4520 863 4590 inse
882 4518 1061 4589 ecelesiam
1079 4513 1310 4606 parochialem
1328 4511 1400 4608 sub
1411 4510 1515 4582 titulo
1534 4508 1567 4580 S.
1580 4508 1712 4580 Johan-

102 4669 104 4673 ·
164 4650 218 4720 uis
245 4646 436 4737 Baptistae,
465 4645 562 4715 euius
589 4641 784 4733 proprietas
804 4645 839 4710 et
857 4639 1045 4710 dominium
1063 4637 1108 4708 ad
1126 4634 1382 4706 serenissimum
1401 4631 1576 4702 domiuum
1595 4649 1712 4719 regem
1777 4702 1779 4707 ,

166 4768 330 4840 Peleniae
356 4765 518 4856 pertinet,
545 4765 581 4834 in
609 4784 677 4853 qua
703 4766 785 4834 sunt
810 4760 902 4831 lanei
929 4757 1171 4861 emetbonales,
1197 4756 1241 4826 de
1269 4773 1413 4844 querum
1437 4750 1591 4843 quelibet
1609 4749 1714 4820 solvi-

164 4897 223 4962 tur
250 4909 337 4959 nnus
363 4885 453 4957 ferto
480 4884 630 4956 laterum
656 4902 858 4981 grossorum
874 4860 1102 4970 Pragensium
1121 4875 1285 4949 eanenIee
1305 4870 1474 4944 secundae
1492 4868 1710 4960 praebendae

165 5031 229 5101 pre
257 5008 396 5081 decima
423 5007 512 5109 Item
538 5004 727 5096 praedium.

268 5128 575 5216 Mauruszewm,
602 5124 685 5197 villa
712 5125 777 5196 snb
804 5122 969 5213 parochia
995 5117 1161 5191 eeclesiae
1178 5114 1222 5186 de
1239 5113 1493 5202 Zalanszye
1519 5110 1597 5199 sita,
1614 5109 1716 5180 cuius

164 5250 359 5341 proprietas
395 5255 432 5319 et
466 5246 655 5319 dominium
691 5244 736 5316 ad
763 5242 1020 5316 serenissimum
1045 5236 1212 5311 Peleniae
1237 5252 1356 5324 regem
1380 5230 1553 5323 pertinet,
1580 5228 1617 5301 in
1644 5249 1714 5319 qua
1785 5246 1792 5255 ’

166 5376 247 5452 sunt
263 5455 264 5458 Ἴ
280 5370 371 5445 lanei
407 5367 659 5463 emetbonales,
692 5365 735 5450 de
770 5384 915 5472 puerum
952 5359 1107 5468 quelibet
1141 5355 1291 5443 solutus
1304 5370 1413 5453 ,uuus
1446 5348 1537 5447 hile
1561 5348 1714 5473 latum
1800 5432 1803 5441 ¹
