<?xml version="1.0" encoding="UTF-8"?>
<!DOCTYPE html PUBLIC "-//W3C//DTD XHTML 1.0 Transitional//EN"
    "http://www.w3.org/TR/xhtml1/DTD/xhtml1-transitional.dtd">
<html xmlns="http://www.w3.org/1999/xhtml" xml:lang="en" lang="en">
 <head>
  <title>
</title>
<meta http-equiv="Content-Type" content="text/html;charset=utf-8" />
  <meta name='ocr-system' content='tesseract 3.04.00' />
  <meta name='ocr-capabilities' content='ocr_page ocr_carea ocr_par ocr_line ocrx_word'/>
</head>
<body>
  <div class='ocr_page' id='page_1' title='image "./joannisdugoszse00dugoog_0226.png"; bbox 0 0 4050 6054; ppageno 0'>
   <div class='ocr_carea' id='block_1_1' title="bbox 1650 468 1721 541">
    <p class='ocr_par' dir='ltr' id='par_1_1' title="bbox 1650 468 1721 541">
     <span class='ocr_line' id='line_1_1' title="bbox 1650 468 1721 541; baseline 0 0"><span class='ocrx_word' id='word_1_1' title='bbox 1650 468 1721 541; x_wconf 80' lang='grc'><strong>199</strong></span> 
     </span>
    </p>
   </div>
   <div class='ocr_carea' id='block_1_2' title="bbox 118 666 1819 4966">
    <p class='ocr_par' dir='ltr' id='par_1_2' title="bbox 173 666 1727 1965">
     <span class='ocr_line' id='line_1_2' title="bbox 174 666 1727 783; baseline 0.001 -38"><span class='ocrx_word' id='word_1_2' title='bbox 174 670 301 745; x_wconf 88' lang='lat' dir='ltr'><strong>horreo</strong></span> <span class='ocrx_word' id='word_1_3' title='bbox 329 670 495 783; x_wconf 52' lang='lat' dir='ltr'><strong>quolibet,</strong></span> <span class='ocrx_word' id='word_1_4' title='bbox 520 677 583 773; x_wconf 82' lang='lat' dir='ltr'><strong>ant</strong></span> <span class='ocrx_word' id='word_1_5' title='bbox 607 670 741 745; x_wconf 92' lang='lat' dir='ltr'><strong>decima</strong></span> <span class='ocrx_word' id='word_1_6' title='bbox 766 671 817 745; x_wconf 86' lang='lat' dir='ltr'><strong>eis</strong></span> <span class='ocrx_word' id='word_1_7' title='bbox 843 693 906 764; x_wconf 89' lang='lat' dir='ltr'><strong>per</strong></span> <span class='ocrx_word' id='word_1_8' title='bbox 932 666 1212 747; x_wconf 83' lang='lat' dir='ltr'><strong>archidiaconum</strong></span> <span class='ocrx_word' id='word_1_9' title='bbox 1239 670 1528 763; x_wconf 89' lang='lat' dir='ltr'><strong>demonstrando,</strong></span> <span class='ocrx_word' id='word_1_10' title='bbox 1554 675 1727 777; x_wconf 77' lang='lat' dir='ltr'><strong>siliginem</strong></span> 
     </span>
     <span class='ocr_line' id='line_1_3' title="bbox 176 772 1724 884; baseline 0.003 -21"><span class='ocrx_word' id='word_1_11' title='bbox 176 793 218 864; x_wconf 93' lang='lat' dir='ltr'><strong>de</strong></span> <span class='ocrx_word' id='word_1_12' title='bbox 237 798 386 882; x_wconf 86' lang='lat' dir='ltr'><strong>quatuor</strong></span> <span class='ocrx_word' id='word_1_13' title='bbox 414 772 725 865; x_wconf 71' lang='lat' dir='ltr'><strong>choris²⁵tritnrare</strong></span> <span class='ocrx_word' id='word_1_14' title='bbox 753 799 789 864; x_wconf 92' lang='lat' dir='ltr'><strong>et</strong></span> <span class='ocrx_word' id='word_1_15' title='bbox 815 793 851 863; x_wconf 90' lang='lat' dir='ltr'><strong>in</strong></span> <span class='ocrx_word' id='word_1_16' title='bbox 875 793 1137 884; x_wconf 73' lang='lat' dir='ltr'><strong>Dzesnathe</strong></span> <span class='ocrx_word' id='word_1_17' title='bbox 1162 791 1342 864; x_wconf 87' lang='lat' dir='ltr'><strong>adducere.</strong></span> <span class='ocrx_word' id='word_1_18' title='bbox 1381 793 1469 864; x_wconf 92' lang='lat' dir='ltr'><strong>Item</strong></span> <span class='ocrx_word' id='word_1_19' title='bbox 1496 799 1552 865; x_wconf 86' lang='lat' dir='ltr'><strong>est</strong></span> <span class='ocrx_word' id='word_1_20' title='bbox 1576 782 1724 869; x_wconf 79' lang='lat' dir='ltr'><strong>taberna</strong></span> 
     </span>
     <span class='ocr_line' id='line_1_4' title="bbox 174 909 1725 1005; baseline 0.001 -23"><span class='ocrx_word' id='word_1_21' title='bbox 174 913 307 983; x_wconf 88' lang='lat' dir='ltr'><strong>habens</strong></span> <span class='ocrx_word' id='word_1_22' title='bbox 334 933 455 1005; x_wconf 79' lang='lat' dir='ltr'><strong>agros,</strong></span> <span class='ocrx_word' id='word_1_23' title='bbox 481 918 518 985; x_wconf 91' lang='lat' dir='ltr'><strong>et</strong></span> <span class='ocrx_word' id='word_1_24' title='bbox 535 911 640 987; x_wconf 83' lang='lat' dir='ltr'><strong>solvit</strong></span> <span class='ocrx_word' id='word_1_25' title='bbox 666 933 771 985; x_wconf 91' lang='lat' dir='ltr'><strong>unam</strong></span> <span class='ocrx_word' id='word_1_26' title='bbox 798 933 1018 1002; x_wconf 84' lang='lat' dir='ltr'><strong>sexagenum,</strong></span> <span class='ocrx_word' id='word_1_27' title='bbox 1046 920 1083 985; x_wconf 89' lang='lat' dir='ltr'><strong>et</strong></span> <span class='ocrx_word' id='word_1_28' title='bbox 1099 913 1144 985; x_wconf 87' lang='lat' dir='ltr'><strong>ad</strong></span> <span class='ocrx_word' id='word_1_29' title='bbox 1170 909 1449 985; x_wconf 79' lang='lat' dir='ltr'><strong>reformationem</strong></span> <span class='ocrx_word' id='word_1_30' title='bbox 1475 911 1662 985; x_wconf 82' lang='lat' dir='ltr'><strong>molendini</strong></span> <span class='ocrx_word' id='word_1_31' title='bbox 1688 920 1725 985; x_wconf 93' lang='lat' dir='ltr'><strong>et</strong></span> 
     </span>
     <span class='ocr_line' id='line_1_5' title="bbox 175 1032 1725 1122; baseline 0 -17"><span class='ocrx_word' id='word_1_32' title='bbox 175 1033 313 1122; x_wconf 74' lang='lat' dir='ltr'><strong>aggeris</strong></span> <span class='ocrx_word' id='word_1_33' title='bbox 339 1038 496 1122; x_wconf 89' lang='lat' dir='ltr'><strong>tenetur,</strong></span> <span class='ocrx_word' id='word_1_34' title='bbox 523 1035 607 1105; x_wconf 91' lang='lat' dir='ltr'><strong>item</strong></span> <span class='ocrx_word' id='word_1_35' title='bbox 634 1033 701 1104; x_wconf 91' lang='lat' dir='ltr'><strong>duo</strong></span> <span class='ocrx_word' id='word_1_36' title='bbox 728 1032 920 1122; x_wconf 88' lang='lat' dir='ltr'><strong>hortulani,</strong></span> <span class='ocrx_word' id='word_1_37' title='bbox 947 1055 1015 1105; x_wconf 93' lang='lat' dir='ltr'><strong>non</strong></span> <span class='ocrx_word' id='word_1_38' title='bbox 1041 1033 1209 1105; x_wconf 90' lang='lat' dir='ltr'><strong>habentes</strong></span> <span class='ocrx_word' id='word_1_39' title='bbox 1236 1053 1357 1121; x_wconf 75' lang='lat' dir='ltr'><strong>agros,</strong></span> <span class='ocrx_word' id='word_1_40' title='bbox 1384 1054 1454 1103; x_wconf 93' lang='lat' dir='ltr'><strong>non</strong></span> <span class='ocrx_word' id='word_1_41' title='bbox 1480 1033 1619 1108; x_wconf 85' lang='lat' dir='ltr'><strong>solvunt</strong></span> <span class='ocrx_word' id='word_1_42' title='bbox 1645 1054 1725 1105; x_wconf 86' lang='lat' dir='ltr'><strong>oen-</strong></span> 
     </span>
     <span class='ocr_line' id='line_1_6' title="bbox 174 1152 1726 1243; baseline 0.004 -22"><span class='ocrx_word' id='word_1_43' title='bbox 174 1173 260 1241; x_wconf 91' lang='lat' dir='ltr'><strong>sum,</strong></span> <span class='ocrx_word' id='word_1_44' title='bbox 287 1153 349 1227; x_wconf 92' lang='lat' dir='ltr'><strong>sed</strong></span> <span class='ocrx_word' id='word_1_45' title='bbox 373 1153 535 1225; x_wconf 89' lang='lat' dir='ltr'><strong>laborant</strong></span> <span class='ocrx_word' id='word_1_46' title='bbox 560 1154 698 1225; x_wconf 92' lang='lat' dir='ltr'><strong>labores</strong></span> <span class='ocrx_word' id='word_1_47' title='bbox 724 1153 877 1243; x_wconf 81' lang='lat' dir='ltr'><strong>singulos</strong></span> <span class='ocrx_word' id='word_1_48' title='bbox 904 1154 954 1224; x_wconf 87' lang='lat' dir='ltr'><strong>eis</strong></span> <span class='ocrx_word' id='word_1_49' title='bbox 981 1152 1228 1243; x_wconf 80' lang='lat' dir='ltr'><strong>iniungendos3</strong></span> <span class='ocrx_word' id='word_1_50' title='bbox 1254 1152 1338 1224; x_wconf 91' lang='lat' dir='ltr'><strong>item</strong></span> <span class='ocrx_word' id='word_1_51' title='bbox 1364 1158 1418 1227; x_wconf 91' lang='lat' dir='ltr'><strong>est</strong></span> <span class='ocrx_word' id='word_1_52' title='bbox 1443 1154 1584 1242; x_wconf 71' lang='lat' dir='ltr'><strong>piscina⁴</strong></span> <span class='ocrx_word' id='word_1_53' title='bbox 1595 1155 1726 1243; x_wconf 91' lang='lat' dir='ltr'><strong>optima</strong></span> 
     </span>
     <span class='ocr_line' id='line_1_7' title="bbox 175 1271 1725 1363; baseline 0.004 -22"><span class='ocrx_word' id='word_1_54' title='bbox 175 1272 211 1343; x_wconf 93' lang='lat' dir='ltr'><strong>in</strong></span> <span class='ocrx_word' id='word_1_55' title='bbox 236 1272 376 1345; x_wconf 90' lang='lat' dir='ltr'><strong>flumine</strong></span> <span class='ocrx_word' id='word_1_56' title='bbox 401 1271 424 1345; x_wconf 90' lang='lat' dir='ltr'>J</span> <span class='ocrx_word' id='word_1_57' title='bbox 433 1274 617 1362; x_wconf 88' lang='lat' dir='ltr'><strong>ablona,</strong></span> <span class='ocrx_word' id='word_1_58' title='bbox 644 1274 776 1345; x_wconf 86' lang='lat' dir='ltr'><strong>habene</strong></span> <span class='ocrx_word' id='word_1_59' title='bbox 802 1273 1036 1345; x_wconf 85' lang='lat' dir='ltr'><strong>molendinum</strong></span> <span class='ocrx_word' id='word_1_60' title='bbox 1063 1274 1249 1363; x_wconf 88' lang='lat' dir='ltr'><strong>optimum,</strong></span> <span class='ocrx_word' id='word_1_61' title='bbox 1281 1271 1324 1343; x_wconf 93' lang='lat' dir='ltr'><strong>de</strong></span> <span class='ocrx_word' id='word_1_62' title='bbox 1352 1293 1419 1362; x_wconf 91' lang='lat' dir='ltr'><strong>quo</strong></span> <span class='ocrx_word' id='word_1_63' title='bbox 1447 1273 1629 1345; x_wconf 82' lang='lat' dir='ltr'><strong>solvuntur</strong></span> <span class='ocrx_word' id='word_1_64' title='bbox 1654 1294 1725 1347; x_wconf 92' lang='lat' dir='ltr'><strong>me·</strong></span> 
     </span>
     <span class='ocr_line' id='line_1_8' title="bbox 174 1393 1727 1495; baseline 0.003 -34"><span class='ocrx_word' id='word_1_65' title='bbox 174 1398 287 1464; x_wconf 88' lang='lat' dir='ltr'><strong>tretae</strong></span> <span class='ocrx_word' id='word_1_66' title='bbox 318 1394 422 1465; x_wconf 90' lang='lat' dir='ltr'><strong>more</strong></span> <span class='ocrx_word' id='word_1_67' title='bbox 450 1395 589 1484; x_wconf 90' lang='lat' dir='ltr'><strong>proprie</strong></span> <span class='ocrx_word' id='word_1_68' title='bbox 616 1393 659 1464; x_wconf 90' lang='lat' dir='ltr'><strong>de</strong></span> <span class='ocrx_word' id='word_1_69' title='bbox 686 1393 848 1491; x_wconf 84' lang='lat' dir='ltr'><strong>universo</strong></span> <span class='ocrx_word' id='word_1_70' title='bbox 883 1414 1010 1485; x_wconf 79' lang='lat' dir='ltr'><strong>grano,</strong></span> <span class='ocrx_word' id='word_1_71' title='bbox 1045 1393 1148 1495; x_wconf 84' lang='lat' dir='ltr'><strong>huius</strong></span> <span class='ocrx_word' id='word_1_72' title='bbox 1183 1393 1335 1482; x_wconf 76' lang='lat' dir='ltr'><strong>piscinae</strong></span> <span class='ocrx_word' id='word_1_73' title='bbox 1368 1413 1530 1484; x_wconf 79' lang='lat' dir='ltr'><strong>aggerem</strong></span> <span class='ocrx_word' id='word_1_74' title='bbox 1563 1400 1727 1466; x_wconf 92' lang='lat' dir='ltr'><strong>tenentur</strong></span> 
     </span>
     <span class='ocr_line' id='line_1_9' title="bbox 175 1513 1727 1607; baseline 0.002 -25"><span class='ocrx_word' id='word_1_75' title='bbox 175 1513 372 1585; x_wconf 87' lang='lat' dir='ltr'><strong>emethones</strong></span> <span class='ocrx_word' id='word_1_76' title='bbox 399 1520 435 1584; x_wconf 91' lang='lat' dir='ltr'><strong>et</strong></span> <span class='ocrx_word' id='word_1_77' title='bbox 451 1515 651 1586; x_wconf 88' lang='lat' dir='ltr'><strong>tabernator</strong></span> <span class='ocrx_word' id='word_1_78' title='bbox 669 1535 691 1585; x_wconf 91' lang='lat' dir='ltr'><strong>a</strong></span> <span class='ocrx_word' id='word_1_79' title='bbox 709 1514 875 1586; x_wconf 86' lang='lat' dir='ltr'><strong>violentia</strong></span> <span class='ocrx_word' id='word_1_80' title='bbox 891 1534 1001 1605; x_wconf 87' lang='lat' dir='ltr'><strong>aquae</strong></span> <span class='ocrx_word' id='word_1_81' title='bbox 1028 1513 1217 1602; x_wconf 91' lang='lat' dir='ltr'><strong>custodire,</strong></span> <span class='ocrx_word' id='word_1_82' title='bbox 1240 1513 1581 1603; x_wconf 88' lang='lat' dir='ltr'><strong>quotiesinundatio</strong></span> <span class='ocrx_word' id='word_1_83' title='bbox 1608 1515 1727 1607; x_wconf 75' lang='lat' dir='ltr'><strong>ingru-</strong></span> 
     </span>
     <span class='ocr_line' id='line_1_10' title="bbox 175 1631 1726 1724; baseline 0.003 -22"><span class='ocrx_word' id='word_1_84' title='bbox 175 1633 259 1722; x_wconf 91' lang='lat' dir='ltr'><strong>erit,</strong></span> <span class='ocrx_word' id='word_1_85' title='bbox 295 1633 351 1706; x_wconf 91' lang='lat' dir='ltr'><strong>die</strong></span> <span class='ocrx_word' id='word_1_86' title='bbox 378 1655 418 1705; x_wconf 88' lang='lat' dir='ltr'><strong>ac</strong></span> <span class='ocrx_word' id='word_1_87' title='bbox 444 1639 545 1706; x_wconf 91' lang='lat' dir='ltr'><strong>nocte</strong></span> <span class='ocrx_word' id='word_1_88' title='bbox 580 1639 616 1706; x_wconf 93' lang='lat' dir='ltr'><strong>et</strong></span> <span class='ocrx_word' id='word_1_89' title='bbox 651 1634 687 1706; x_wconf 89' lang='lat' dir='ltr'><strong>in</strong></span> <span class='ocrx_word' id='word_1_90' title='bbox 718 1634 871 1724; x_wconf 91' lang='lat' dir='ltr'><strong>qualibet</strong></span> <span class='ocrx_word' id='word_1_91' title='bbox 903 1633 1109 1705; x_wconf 79' lang='lat' dir='ltr'><strong>necessitate</strong></span> <span class='ocrx_word' id='word_1_92' title='bbox 1146 1631 1190 1705; x_wconf 89' lang='lat' dir='ltr'><strong>ad</strong></span> <span class='ocrx_word' id='word_1_93' title='bbox 1221 1633 1470 1705; x_wconf 85' lang='lat' dir='ltr'><strong>aedificandum</strong></span> <span class='ocrx_word' id='word_1_94' title='bbox 1495 1634 1726 1707; x_wconf 85' lang='lat' dir='ltr'><strong>molendinum</strong></span> 
     </span>
     <span class='ocr_line' id='line_1_11' title="bbox 173 1752 1723 1865; baseline 0.001 -42"><span class='ocrx_word' id='word_1_95' title='bbox 173 1759 209 1825; x_wconf 89' lang='lat' dir='ltr'><strong>et</strong></span> <span class='ocrx_word' id='word_1_96' title='bbox 235 1753 310 1824; x_wconf 87' lang='lat' dir='ltr'><strong>eius</strong></span> <span class='ocrx_word' id='word_1_97' title='bbox 336 1758 431 1825; x_wconf 85' lang='lat' dir='ltr'><strong>rotas</strong></span> <span class='ocrx_word' id='word_1_98' title='bbox 458 1759 494 1824; x_wconf 91' lang='lat' dir='ltr'><strong>et</strong></span> <span class='ocrx_word' id='word_1_99' title='bbox 519 1753 655 1843; x_wconf 80' lang='lat' dir='ltr'><strong>singula</strong></span> <span class='ocrx_word' id='word_1_100' title='bbox 681 1753 886 1841; x_wconf 87' lang='lat' dir='ltr'><strong>necessaria,</strong></span> <span class='ocrx_word' id='word_1_101' title='bbox 913 1754 1040 1825; x_wconf 89' lang='lat' dir='ltr'><strong>robora</strong></span> <span class='ocrx_word' id='word_1_102' title='bbox 1066 1757 1102 1823; x_wconf 92' lang='lat' dir='ltr'><strong>et</strong></span> <span class='ocrx_word' id='word_1_103' title='bbox 1127 1752 1223 1842; x_wconf 87' lang='lat' dir='ltr'><strong>ligna</strong></span> <span class='ocrx_word' id='word_1_104' title='bbox 1247 1753 1364 1844; x_wconf 83' lang='lat' dir='ltr'><strong>toties,</strong></span> <span class='ocrx_word' id='word_1_105' title='bbox 1391 1755 1527 1845; x_wconf 85' lang='lat' dir='ltr'><strong>quoties</strong></span> <span class='ocrx_word' id='word_1_106' title='bbox 1543 1774 1652 1865; x_wconf 64' lang='lat' dir='ltr'><strong>Q,</strong></span> <span class='ocrx_word' id='word_1_107' title='bbox 1668 1760 1723 1825; x_wconf 87' lang='lat' dir='ltr'><strong>est</strong></span> 
     </span>
     <span class='ocr_line' id='line_1_12' title="bbox 174 1872 1631 1965; baseline 0.005 -23"><span class='ocrx_word' id='word_1_108' title='bbox 174 1872 362 1964; x_wconf 78' lang='lat' dir='ltr'><strong>adducere,</strong></span> <span class='ocrx_word' id='word_1_109' title='bbox 389 1892 551 1965; x_wconf 70' lang='lat' dir='ltr'><strong>sagenam</strong></span> <span class='ocrx_word' id='word_1_110' title='bbox 578 1873 614 1944; x_wconf 92' lang='lat' dir='ltr'><strong>in</strong></span> <span class='ocrx_word' id='word_1_111' title='bbox 639 1872 809 1963; x_wconf 88' lang='lat' dir='ltr'><strong>piscinam</strong></span> <span class='ocrx_word' id='word_1_112' title='bbox 834 1872 993 1962; x_wconf 89' lang='lat' dir='ltr'><strong>trahere,</strong></span> <span class='ocrx_word' id='word_1_113' title='bbox 1019 1873 1101 1944; x_wconf 88' lang='lat' dir='ltr'><strong>item</strong></span> <span class='ocrx_word' id='word_1_114' title='bbox 1127 1873 1235 1945; x_wconf 89' lang='lat' dir='ltr'><strong>habet</strong></span> <span class='ocrx_word' id='word_1_115' title='bbox 1261 1873 1421 1964; x_wconf 89' lang='lat' dir='ltr'><strong>proprias</strong></span> <span class='ocrx_word' id='word_1_116' title='bbox 1446 1872 1631 1949; x_wconf 53' lang='lat' dir='ltr'><strong>meritas?</strong></span> 
     </span>
    </p>

    <p class='ocr_par' dir='ltr' id='par_1_3' title="bbox 118 1991 1726 2581">
     <span class='ocr_line' id='line_1_13' title="bbox 275 1991 1723 2069; baseline 0.002 -5"><span class='ocrx_word' id='word_1_117' title='bbox 275 1993 364 2065; x_wconf 92' lang='lat' dir='ltr'><strong>Item</strong></span> <span class='ocrx_word' id='word_1_118' title='bbox 390 2014 509 2069; x_wconf 88' lang='lat' dir='ltr'><strong>omnes</strong></span> <span class='ocrx_word' id='word_1_119' title='bbox 535 1993 733 2065; x_wconf 89' lang='lat' dir='ltr'><strong>cmethoues</strong></span> <span class='ocrx_word' id='word_1_120' title='bbox 760 1997 796 2063; x_wconf 94' lang='lat' dir='ltr'><strong>et</strong></span> <span class='ocrx_word' id='word_1_121' title='bbox 812 1993 1016 2065; x_wconf 90' lang='lat' dir='ltr'><strong>tabernator</strong></span> <span class='ocrx_word' id='word_1_122' title='bbox 1042 1991 1084 2063; x_wconf 91' lang='lat' dir='ltr'><strong>de</strong></span> <span class='ocrx_word' id='word_1_123' title='bbox 1108 1993 1266 2065; x_wconf 90' lang='lat' dir='ltr'><strong>omnibus</strong></span> <span class='ocrx_word' id='word_1_124' title='bbox 1293 1992 1432 2065; x_wconf 85' lang='lat' dir='ltr'><strong>solvunt</strong></span> <span class='ocrx_word' id='word_1_125' title='bbox 1458 1994 1625 2067; x_wconf 88' lang='lat' dir='ltr'><strong>decimam</strong></span> <span class='ocrx_word' id='word_1_126' title='bbox 1649 2014 1723 2067; x_wconf 84' lang='lat' dir='ltr'><strong>ma·</strong></span> 
     </span>
     <span class='ocr_line' id='line_1_14' title="bbox 173 2112 1724 2203; baseline 0.002 -17"><span class='ocrx_word' id='word_1_127' title='bbox 173 2114 364 2203; x_wconf 90' lang='lat' dir='ltr'><strong>nipularem</strong></span> <span class='ocrx_word' id='word_1_128' title='bbox 400 2112 696 2187; x_wconf 87' lang='lat' dir='ltr'><strong>archidiaconatui</strong></span> <span class='ocrx_word' id='word_1_129' title='bbox 730 2116 767 2185; x_wconf 90' lang='lat' dir='ltr'><strong>et</strong></span> <span class='ocrx_word' id='word_1_130' title='bbox 792 2112 923 2185; x_wconf 91' lang='lat' dir='ltr'><strong>ducunt</strong></span> <span class='ocrx_word' id='word_1_131' title='bbox 958 2132 1034 2184; x_wconf 90' lang='lat' dir='ltr'><strong>eam</strong></span> <span class='ocrx_word' id='word_1_132' title='bbox 1060 2113 1212 2203; x_wconf 89' lang='lat' dir='ltr'><strong>propriis</strong></span> <span class='ocrx_word' id='word_1_133' title='bbox 1249 2114 1407 2185; x_wconf 90' lang='lat' dir='ltr'><strong>curribus</strong></span> <span class='ocrx_word' id='word_1_134' title='bbox 1433 2114 1471 2187; x_wconf 90' lang='lat' dir='ltr'><strong>in</strong></span> <span class='ocrx_word' id='word_1_135' title='bbox 1495 2114 1661 2191; x_wconf 82' lang='lat' dir='ltr'><strong>horreum</strong></span> <span class='ocrx_word' id='word_1_136' title='bbox 1686 2114 1724 2189; x_wconf 89' lang='lat' dir='ltr'><strong>in</strong></span> 
     </span>
     <span class='ocr_line' id='line_1_15' title="bbox 173 2230 1725 2327; baseline 0.003 -24"><span class='ocrx_word' id='word_1_137' title='bbox 173 2233 448 2324; x_wconf 77' lang='lat' dir='ltr'><strong>Daeszathe,</strong></span> <span class='ocrx_word' id='word_1_138' title='bbox 474 2240 512 2307; x_wconf 91' lang='lat' dir='ltr'><strong>et</strong></span> <span class='ocrx_word' id='word_1_139' title='bbox 529 2232 627 2306; x_wconf 86' lang='lat' dir='ltr'><strong>valor</strong></span> <span class='ocrx_word' id='word_1_140' title='bbox 652 2234 727 2305; x_wconf 89' lang='lat' dir='ltr'><strong>eius</strong></span> <span class='ocrx_word' id='word_1_141' title='bbox 753 2232 959 2306; x_wconf 90' lang='lat' dir='ltr'><strong>aestimatur</strong></span> <span class='ocrx_word' id='word_1_142' title='bbox 984 2232 1029 2303; x_wconf 91' lang='lat' dir='ltr'><strong>ad</strong></span> <span class='ocrx_word' id='word_1_143' title='bbox 1047 2230 1226 2305; x_wconf 82' lang='lat' dir='ltr'><strong>duodecim</strong></span> <span class='ocrx_word' id='word_1_144' title='bbox 1253 2253 1407 2323; x_wconf 89' lang='lat' dir='ltr'><strong>marcas;</strong></span> <span class='ocrx_word' id='word_1_145' title='bbox 1434 2233 1478 2306; x_wconf 94' lang='lat' dir='ltr'><strong>de</strong></span> <span class='ocrx_word' id='word_1_146' title='bbox 1495 2236 1590 2327; x_wconf 72' lang='lat' dir='ltr'><strong>agris</strong></span> <span class='ocrx_word' id='word_1_147' title='bbox 1615 2235 1725 2307; x_wconf 89' lang='lat' dir='ltr'><strong>etiam</strong></span> 
     </span>
     <span class='ocr_line' id='line_1_16' title="bbox 173 2352 1726 2445; baseline 0.001 -22"><span class='ocrx_word' id='word_1_148' title='bbox 173 2354 406 2441; x_wconf 86' lang='lat' dir='ltr'><strong>praedialibus</strong></span> <span class='ocrx_word' id='word_1_149' title='bbox 432 2353 520 2427; x_wconf 94' lang='lat' dir='ltr'><strong>nulli</strong></span> <span class='ocrx_word' id='word_1_150' title='bbox 545 2359 684 2427; x_wconf 86' lang='lat' dir='ltr'><strong>tenetur</strong></span> <span class='ocrx_word' id='word_1_151' title='bbox 710 2352 754 2424; x_wconf 88' lang='lat' dir='ltr'><strong>ad</strong></span> <span class='ocrx_word' id='word_1_152' title='bbox 772 2352 1021 2445; x_wconf 87' lang='lat' dir='ltr'><strong>decimandum,</strong></span> <span class='ocrx_word' id='word_1_153' title='bbox 1048 2352 1110 2425; x_wconf 85' lang='lat' dir='ltr'><strong>sed</strong></span> <span class='ocrx_word' id='word_1_154' title='bbox 1136 2373 1213 2425; x_wconf 85' lang='lat' dir='ltr'><strong>eam</strong></span> <span class='ocrx_word' id='word_1_155' title='bbox 1239 2353 1333 2426; x_wconf 86' lang='lat' dir='ltr'><strong>solus</strong></span> <span class='ocrx_word' id='word_1_156' title='bbox 1360 2354 1508 2445; x_wconf 81' lang='lat' dir='ltr'><strong>percipit</strong></span> <span class='ocrx_word' id='word_1_157' title='bbox 1535 2360 1571 2426; x_wconf 89' lang='lat' dir='ltr'><strong>et</strong></span> <span class='ocrx_word' id='word_1_158' title='bbox 1588 2354 1625 2427; x_wconf 92' lang='lat' dir='ltr'><strong>in</strong></span> <span class='ocrx_word' id='word_1_159' title='bbox 1643 2357 1726 2426; x_wconf 90' lang='lat' dir='ltr'><strong>hor·</strong></span> 
     </span>
     <span class='ocr_line' id='line_1_17' title="bbox 118 2472 1723 2581; baseline 0.001 -40"><span class='ocrx_word' id='word_1_160' title='bbox 118 2564 122 2571; x_wconf 25' lang='grc' dir='ltr'>Ι</span> <span class='ocrx_word' id='word_1_161' title='bbox 174 2492 272 2545; x_wconf 91' lang='lat' dir='ltr'><strong>renm</strong></span> <span class='ocrx_word' id='word_1_162' title='bbox 298 2495 397 2545; x_wconf 93' lang='lat' dir='ltr'><strong>suum</strong></span> <span class='ocrx_word' id='word_1_163' title='bbox 423 2473 575 2563; x_wconf 88' lang='lat' dir='ltr'><strong>inducit,</strong></span> <span class='ocrx_word' id='word_1_164' title='bbox 601 2495 672 2545; x_wconf 92' lang='lat' dir='ltr'><strong>non</strong></span> <span class='ocrx_word' id='word_1_165' title='bbox 699 2478 863 2546; x_wconf 88' lang='lat' dir='ltr'><strong>tenentur</strong></span> <span class='ocrx_word' id='word_1_166' title='bbox 888 2473 933 2545; x_wconf 91' lang='lat' dir='ltr'><strong>ad</strong></span> <span class='ocrx_word' id='word_1_167' title='bbox 960 2472 1127 2544; x_wconf 91' lang='lat' dir='ltr'><strong>decimam</strong></span> <span class='ocrx_word' id='word_1_168' title='bbox 1155 2474 1285 2563; x_wconf 89' lang='lat' dir='ltr'><strong>canapi.</strong></span> <span class='ocrx_word' id='word_1_169' title='bbox 1718 2568 1723 2581; x_wconf 37' lang='grc' dir='ltr'>Ι</span> 
     </span>
    </p>

    <p class='ocr_par' dir='ltr' id='par_1_4' title="bbox 172 2592 1725 3059">
     <span class='ocr_line' id='line_1_18' title="bbox 276 2592 1725 2687; baseline 0.002 -23"><span class='ocrx_word' id='word_1_170' title='bbox 276 2593 363 2666; x_wconf 88' lang='lat' dir='ltr'><strong>Item</strong></span> <span class='ocrx_word' id='word_1_171' title='bbox 389 2594 473 2665; x_wconf 86' lang='lat' dir='ltr'><strong>villa</strong></span> <span class='ocrx_word' id='word_1_172' title='bbox 498 2592 668 2684; x_wconf 84' lang='lat' dir='ltr'><strong>praelata&#39;</strong></span> <span class='ocrx_word' id='word_1_173' title='bbox 682 2593 833 2667; x_wconf 87' lang='lat' dir='ltr'><strong>confinat</strong></span> <span class='ocrx_word' id='word_1_174' title='bbox 859 2615 935 2665; x_wconf 92' lang='lat' dir='ltr'><strong>cum</strong></span> <span class='ocrx_word' id='word_1_175' title='bbox 953 2593 1044 2666; x_wconf 82' lang='lat' dir='ltr'><strong>rillio</strong></span> <span class='ocrx_word' id='word_1_176' title='bbox 1071 2593 1424 2683; x_wconf 86' lang='lat' dir='ltr'><strong>Abramowicze,</strong></span> <span class='ocrx_word' id='word_1_177' title='bbox 1451 2614 1529 2668; x_wconf 88' lang='lat' dir='ltr'><strong>cnm</strong></span> <span class='ocrx_word' id='word_1_178' title='bbox 1555 2614 1624 2687; x_wconf 86' lang='lat' dir='ltr'><strong>qua</strong></span> <span class='ocrx_word' id='word_1_179' title='bbox 1641 2600 1725 2669; x_wconf 87' lang='lat' dir='ltr'><strong>sunt</strong></span> 
     </span>
     <span class='ocr_line' id='line_1_19' title="bbox 173 2711 1725 2805; baseline 0.002 -20"><span class='ocrx_word' id='word_1_180' title='bbox 173 2711 298 2787; x_wconf 88' lang='lat' dir='ltr'><strong>limites</strong></span> <span class='ocrx_word' id='word_1_181' title='bbox 325 2719 361 2786; x_wconf 90' lang='lat' dir='ltr'><strong>et</strong></span> <span class='ocrx_word' id='word_1_182' title='bbox 378 2715 510 2804; x_wconf 92' lang='lat' dir='ltr'><strong>scopuli</strong></span> <span class='ocrx_word' id='word_1_183' title='bbox 536 2715 605 2787; x_wconf 91' lang='lat' dir='ltr'><strong>iam</strong></span> <span class='ocrx_word' id='word_1_184' title='bbox 632 2714 780 2805; x_wconf 82' lang='lat' dir='ltr'><strong>sippati3</strong></span> <span class='ocrx_word' id='word_1_185' title='bbox 800 2714 884 2785; x_wconf 92' lang='lat' dir='ltr'><strong>item</strong></span> <span class='ocrx_word' id='word_1_186' title='bbox 911 2734 987 2785; x_wconf 94' lang='lat' dir='ltr'><strong>cum</strong></span> <span class='ocrx_word' id='word_1_187' title='bbox 1005 2712 1378 2786; x_wconf 87' lang='lat' dir='ltr'><strong>Wrothkorricze</strong></span> <span class='ocrx_word' id='word_1_188' title='bbox 1404 2717 1510 2805; x_wconf 71' lang='lat' dir='ltr'><strong>regia</strong></span> <span class='ocrx_word' id='word_1_189' title='bbox 1537 2717 1620 2789; x_wconf 90' lang='lat' dir='ltr'><strong>item</strong></span> <span class='ocrx_word' id='word_1_190' title='bbox 1646 2736 1725 2788; x_wconf 90' lang='lat' dir='ltr'><strong>cnm</strong></span> 
     </span>
     <span class='ocr_line' id='line_1_20' title="bbox 172 2832 1724 2927; baseline 0.003 -24"><span class='ocrx_word' id='word_1_191' title='bbox 172 2833 313 2922; x_wconf 88' lang='lat' dir='ltr'><strong>praedio</strong></span> <span class='ocrx_word' id='word_1_192' title='bbox 339 2833 559 2909; x_wconf 89' lang='lat' dir='ltr'><strong>Lublinensis</strong></span> <span class='ocrx_word' id='word_1_193' title='bbox 595 2834 754 2906; x_wconf 88' lang='lat' dir='ltr'><strong>advocati</strong></span> <span class='ocrx_word' id='word_1_194' title='bbox 788 2833 1110 2922; x_wconf 86' lang='lat' dir='ltr'><strong>Brnnowicze,</strong></span> <span class='ocrx_word' id='word_1_195' title='bbox 1145 2834 1228 2905; x_wconf 94' lang='lat' dir='ltr'><strong>item</strong></span> <span class='ocrx_word' id='word_1_196' title='bbox 1256 2854 1333 2907; x_wconf 92' lang='lat' dir='ltr'><strong>cum</strong></span> <span class='ocrx_word' id='word_1_197' title='bbox 1368 2832 1590 2927; x_wconf 81' lang='lat' dir='ltr'><strong>Swydnyk</strong></span> <span class='ocrx_word' id='word_1_198' title='bbox 1617 2836 1724 2909; x_wconf 89' lang='lat' dir='ltr'><strong>etiam</strong></span> 
     </span>
     <span class='ocr_line' id='line_1_21' title="bbox 172 2953 1272 3059; baseline 0.001 -36"><span class='ocrx_word' id='word_1_199' title='bbox 172 2954 283 3044; x_wconf 78' lang='lat' dir='ltr'><strong>regia,</strong></span> <span class='ocrx_word' id='word_1_200' title='bbox 310 2953 403 3059; x_wconf 85' lang='lat' dir='ltr'><strong>inter</strong></span> <span class='ocrx_word' id='word_1_201' title='bbox 428 2975 513 3046; x_wconf 85' lang='lat' dir='ltr'><strong>quas</strong></span> <span class='ocrx_word' id='word_1_202' title='bbox 540 2976 610 3027; x_wconf 92' lang='lat' dir='ltr'><strong>non</strong></span> <span class='ocrx_word' id='word_1_203' title='bbox 636 2960 718 3027; x_wconf 90' lang='lat' dir='ltr'><strong>sunt</strong></span> <span class='ocrx_word' id='word_1_204' title='bbox 743 2955 875 3044; x_wconf 90' lang='lat' dir='ltr'><strong>scopuli</strong></span> <span class='ocrx_word' id='word_1_205' title='bbox 901 2973 1012 3044; x_wconf 91' lang='lat' dir='ltr'><strong>neque</strong></span> <span class='ocrx_word' id='word_1_206' title='bbox 1039 2953 1272 3027; x_wconf 87' lang='lat' dir='ltr'><strong>limitationes.</strong></span> 
     </span>
    </p>

    <p class='ocr_par' dir='ltr' id='par_1_5' title="bbox 172 3073 1819 4367">
     <span class='ocr_line' id='line_1_22' title="bbox 276 3073 1724 3166; baseline 0.003 -21"><span class='ocrx_word' id='word_1_207' title='bbox 276 3073 485 3149; x_wconf 86' lang='lat' dir='ltr'><strong>Suburbium</strong></span> <span class='ocrx_word' id='word_1_208' title='bbox 520 3079 705 3166; x_wconf 88' lang='lat' dir='ltr'><strong>utrumque</strong></span> <span class='ocrx_word' id='word_1_209' title='bbox 740 3074 952 3147; x_wconf 87' lang='lat' dir='ltr'><strong>Lublinense</strong></span> <span class='ocrx_word' id='word_1_210' title='bbox 987 3094 1108 3146; x_wconf 90' lang='lat' dir='ltr'><strong>versus</strong></span> <span class='ocrx_word' id='word_1_211' title='bbox 1143 3073 1412 3146; x_wconf 89' lang='lat' dir='ltr'><strong>Dlothlicze</strong></span> <span class='ocrx_word' id='word_1_212' title='bbox 1439 3083 1519 3166; x_wconf 92' lang='lat' dir='ltr'><strong>post</strong></span> <span class='ocrx_word' id='word_1_213' title='bbox 1545 3076 1724 3166; x_wconf 85' lang='lat' dir='ltr'><strong>piscinam,</strong></span> 
     </span>
     <span class='ocr_line' id='line_1_23' title="bbox 174 3194 1725 3286; baseline 0.003 -23"><span class='ocrx_word' id='word_1_214' title='bbox 174 3198 209 3264; x_wconf 92' lang='lat' dir='ltr'><strong>et</strong></span> <span class='ocrx_word' id='word_1_215' title='bbox 226 3213 349 3268; x_wconf 81' lang='lat' dir='ltr'><strong>versus</strong></span> <span class='ocrx_word' id='word_1_216' title='bbox 375 3194 553 3269; x_wconf 87' lang='lat' dir='ltr'><strong>ecclesiam</strong></span> <span class='ocrx_word' id='word_1_217' title='bbox 570 3195 703 3268; x_wconf 86' lang='lat' dir='ltr'><strong>Beatae</strong></span> <span class='ocrx_word' id='word_1_218' title='bbox 719 3195 876 3286; x_wconf 83' lang='lat' dir='ltr'><strong>Virginis</strong></span> <span class='ocrx_word' id='word_1_219' title='bbox 903 3197 966 3268; x_wconf 91' lang='lat' dir='ltr'><strong>sub</strong></span> <span class='ocrx_word' id='word_1_220' title='bbox 986 3194 1151 3285; x_wconf 88' lang='lat' dir='ltr'><strong>parochia</strong></span> <span class='ocrx_word' id='word_1_221' title='bbox 1167 3194 1387 3284; x_wconf 85' lang='lat' dir='ltr'><strong>Lublinensi,</strong></span> <span class='ocrx_word' id='word_1_222' title='bbox 1415 3195 1452 3266; x_wconf 92' lang='lat' dir='ltr'><strong>in</strong></span> <span class='ocrx_word' id='word_1_223' title='bbox 1470 3216 1540 3284; x_wconf 91' lang='lat' dir='ltr'><strong>qua</strong></span> <span class='ocrx_word' id='word_1_224' title='bbox 1557 3197 1624 3267; x_wconf 90' lang='lat' dir='ltr'><strong>etsi</strong></span> <span class='ocrx_word' id='word_1_225' title='bbox 1642 3200 1725 3267; x_wconf 86' lang='lat' dir='ltr'><strong>sunt</strong></span> 
     </span>
     <span class='ocr_line' id='line_1_24' title="bbox 175 3312 1723 3405; baseline 0 -20"><span class='ocrx_word' id='word_1_226' title='bbox 175 3313 292 3402; x_wconf 89' lang='lat' dir='ltr'><strong>plures</strong></span> <span class='ocrx_word' id='word_1_227' title='bbox 317 3312 422 3404; x_wconf 87' lang='lat' dir='ltr'><strong>lauei,</strong></span> <span class='ocrx_word' id='word_1_228' title='bbox 448 3314 492 3388; x_wconf 92' lang='lat' dir='ltr'><strong>de</strong></span> <span class='ocrx_word' id='word_1_229' title='bbox 509 3315 656 3405; x_wconf 80' lang='lat' dir='ltr'><strong>triginta</strong></span> <span class='ocrx_word' id='word_1_230' title='bbox 680 3321 796 3388; x_wconf 90' lang='lat' dir='ltr'><strong>tamen</strong></span> <span class='ocrx_word' id='word_1_231' title='bbox 822 3316 933 3388; x_wconf 89' lang='lat' dir='ltr'><strong>laneis</strong></span> <span class='ocrx_word' id='word_1_232' title='bbox 951 3320 987 3385; x_wconf 94' lang='lat' dir='ltr'><strong>et</strong></span> <span class='ocrx_word' id='word_1_233' title='bbox 1005 3336 1073 3385; x_wconf 92' lang='lat' dir='ltr'><strong>uno</strong></span> <span class='ocrx_word' id='word_1_234' title='bbox 1091 3314 1331 3386; x_wconf 89' lang='lat' dir='ltr'><strong>tantummodo</strong></span> <span class='ocrx_word' id='word_1_235' title='bbox 1358 3314 1619 3387; x_wconf 86' lang='lat' dir='ltr'><strong>archidiaconus</strong></span> <span class='ocrx_word' id='word_1_236' title='bbox 1646 3335 1723 3404; x_wconf 89' lang='lat' dir='ltr'><strong>per·</strong></span> 
     </span>
     <span class='ocr_line' id='line_1_25' title="bbox 174 3433 1819 3526; baseline 0.002 -25"><span class='ocrx_word' id='word_1_237' title='bbox 174 3433 259 3522; x_wconf 91' lang='lat' dir='ltr'><strong>cipit</strong></span> <span class='ocrx_word' id='word_1_238' title='bbox 284 3433 449 3509; x_wconf 90' lang='lat' dir='ltr'><strong>decimam</strong></span> <span class='ocrx_word' id='word_1_239' title='bbox 475 3435 742 3526; x_wconf 88' lang='lat' dir='ltr'><strong>manipularem,</strong></span> <span class='ocrx_word' id='word_1_240' title='bbox 778 3456 880 3525; x_wconf 89' lang='lat' dir='ltr'><strong>quam</strong></span> <span class='ocrx_word' id='word_1_241' title='bbox 908 3435 1049 3524; x_wconf 92' lang='lat' dir='ltr'><strong>proprio</strong></span> <span class='ocrx_word' id='word_1_242' title='bbox 1077 3455 1181 3507; x_wconf 90' lang='lat' dir='ltr'><strong>curru</strong></span> <span class='ocrx_word' id='word_1_243' title='bbox 1207 3433 1339 3511; x_wconf 90' lang='lat' dir='ltr'><strong>inducit</strong></span> <span class='ocrx_word' id='word_1_244' title='bbox 1366 3433 1402 3505; x_wconf 93' lang='lat' dir='ltr'><strong>in</strong></span> <span class='ocrx_word' id='word_1_245' title='bbox 1428 3435 1600 3522; x_wconf 90' lang='lat' dir='ltr'><strong>horreum,</strong></span> <span class='ocrx_word' id='word_1_246' title='bbox 1627 3434 1724 3505; x_wconf 87' lang='lat' dir='ltr'><strong>cuius</strong></span> <span class='ocrx_word' id='word_1_247' title='bbox 1815 3440 1819 3446; x_wconf 82' lang='grc'><strong>“</strong></span> 
     </span>
     <span class='ocr_line' id='line_1_26' title="bbox 174 3552 1724 3651; baseline 0.001 -28"><span class='ocrx_word' id='word_1_248' title='bbox 174 3553 272 3649; x_wconf 71' lang='lat' dir='ltr'><strong>valor</strong></span> <span class='ocrx_word' id='word_1_249' title='bbox 297 3554 453 3651; x_wconf 82' lang='lat' dir='ltr'><strong>extendit</strong></span> <span class='ocrx_word' id='word_1_250' title='bbox 478 3576 516 3628; x_wconf 90' lang='lat' dir='ltr'><strong>se</strong></span> <span class='ocrx_word' id='word_1_251' title='bbox 541 3554 586 3627; x_wconf 86' lang='lat' dir='ltr'><strong>ad</strong></span> <span class='ocrx_word' id='word_1_252' title='bbox 613 3554 730 3627; x_wconf 89' lang='lat' dir='ltr'><strong>decem</strong></span> <span class='ocrx_word' id='word_1_253' title='bbox 757 3575 901 3645; x_wconf 86' lang='lat' dir='ltr'><strong>marcas,</strong></span> <span class='ocrx_word' id='word_1_254' title='bbox 928 3576 997 3627; x_wconf 92' lang='lat' dir='ltr'><strong>non</strong></span> <span class='ocrx_word' id='word_1_255' title='bbox 1024 3560 1188 3626; x_wconf 91' lang='lat' dir='ltr'><strong>tenentur</strong></span> <span class='ocrx_word' id='word_1_256' title='bbox 1213 3552 1259 3625; x_wconf 92' lang='lat' dir='ltr'><strong>ad</strong></span> <span class='ocrx_word' id='word_1_257' title='bbox 1277 3552 1442 3625; x_wconf 89' lang='lat' dir='ltr'><strong>decimam</strong></span> <span class='ocrx_word' id='word_1_258' title='bbox 1469 3554 1600 3646; x_wconf 89' lang='lat' dir='ltr'><strong>canapi.</strong></span> <span class='ocrx_word' id='word_1_259' title='bbox 1635 3552 1724 3625; x_wconf 89' lang='lat' dir='ltr'><strong>Item</strong></span> 
     </span>
     <span class='ocr_line' id='line_1_27' title="bbox 175 3671 1725 3766; baseline 0.001 -23"><span class='ocrx_word' id='word_1_260' title='bbox 175 3694 218 3744; x_wconf 88' lang='lat' dir='ltr'><strong>ex</strong></span> <span class='ocrx_word' id='word_1_261' title='bbox 236 3673 313 3746; x_wconf 89' lang='lat' dir='ltr'><strong>aliis</strong></span> <span class='ocrx_word' id='word_1_262' title='bbox 339 3675 449 3749; x_wconf 87' lang='lat' dir='ltr'><strong>laneis</strong></span> <span class='ocrx_word' id='word_1_263' title='bbox 475 3676 629 3747; x_wconf 88' lang='lat' dir='ltr'><strong>eiusdem</strong></span> <span class='ocrx_word' id='word_1_264' title='bbox 654 3675 812 3748; x_wconf 89' lang='lat' dir='ltr'><strong>suburbii</strong></span> <span class='ocrx_word' id='word_1_265' title='bbox 839 3681 920 3765; x_wconf 90' lang='lat' dir='ltr'><strong>post</strong></span> <span class='ocrx_word' id='word_1_266' title='bbox 944 3676 1055 3764; x_wconf 86' lang='lat' dir='ltr'><strong>riam,</strong></span> <span class='ocrx_word' id='word_1_267' title='bbox 1094 3695 1182 3766; x_wconf 91' lang='lat' dir='ltr'><strong>quae</strong></span> <span class='ocrx_word' id='word_1_268' title='bbox 1212 3671 1308 3745; x_wconf 89' lang='lat' dir='ltr'><strong>ducit</strong></span> <span class='ocrx_word' id='word_1_269' title='bbox 1334 3673 1370 3745; x_wconf 91' lang='lat' dir='ltr'><strong>in</strong></span> <span class='ocrx_word' id='word_1_270' title='bbox 1403 3672 1426 3744; x_wconf 88' lang='lat' dir='ltr'><strong>J</strong></span> <span class='ocrx_word' id='word_1_271' title='bbox 1435 3673 1725 3746; x_wconf 82' lang='lat' dir='ltr'><strong>akubowicze</strong></span> 
     </span>
     <span class='ocr_line' id='line_1_28' title="bbox 172 3790 1722 3891; baseline -0.002 -27"><span class='ocrx_word' id='word_1_272' title='bbox 172 3792 426 3887; x_wconf 78' lang='lat' dir='ltr'><strong>Koninslry,</strong></span> <span class='ocrx_word' id='word_1_273' title='bbox 452 3796 602 3887; x_wconf 89' lang='lat' dir='ltr'><strong>percipit</strong></span> <span class='ocrx_word' id='word_1_274' title='bbox 627 3795 796 3867; x_wconf 88' lang='lat' dir='ltr'><strong>decimam</strong></span> <span class='ocrx_word' id='word_1_275' title='bbox 821 3794 1070 3884; x_wconf 84' lang='lat' dir='ltr'><strong>manipularem</strong></span> <span class='ocrx_word' id='word_1_276' title='bbox 1099 3792 1206 3867; x_wconf 87' lang='lat' dir='ltr'><strong>abbas</strong></span> <span class='ocrx_word' id='word_1_277' title='bbox 1237 3798 1274 3866; x_wconf 93' lang='lat' dir='ltr'><strong>et</strong></span> <span class='ocrx_word' id='word_1_278' title='bbox 1299 3794 1548 3866; x_wconf 84' lang='lat' dir='ltr'><strong>monasterium</strong></span> <span class='ocrx_word' id='word_1_279' title='bbox 1572 3790 1722 3891; x_wconf 74' lang='lat' dir='ltr'><strong>Sanctae</strong></span> 
     </span>
     <span class='ocr_line' id='line_1_29' title="bbox 172 3910 1723 4004; baseline -0.002 -15"><span class='ocrx_word' id='word_1_280' title='bbox 172 3911 293 3989; x_wconf 78' lang='lat' dir='ltr'><strong>Crucis</strong></span> <span class='ocrx_word' id='word_1_281' title='bbox 319 3914 452 3989; x_wconf 83' lang='lat' dir='ltr'><strong>Calvi</strong></span> <span class='ocrx_word' id='word_1_282' title='bbox 476 3915 671 4004; x_wconf 74' lang='lat' dir='ltr'><strong>Montis,</strong></span> <span class='ocrx_word' id='word_1_283' title='bbox 697 3917 780 3987; x_wconf 91' lang='lat' dir='ltr'><strong>item</strong></span> <span class='ocrx_word' id='word_1_284' title='bbox 798 3936 840 3987; x_wconf 85' lang='lat' dir='ltr'><strong>ex</strong></span> <span class='ocrx_word' id='word_1_285' title='bbox 859 3915 936 3986; x_wconf 86' lang='lat' dir='ltr'><strong>aliis</strong></span> <span class='ocrx_word' id='word_1_286' title='bbox 955 3915 1073 4004; x_wconf 87' lang='lat' dir='ltr'><strong>laneis,</strong></span> <span class='ocrx_word' id='word_1_287' title='bbox 1101 3914 1263 3987; x_wconf 90' lang='lat' dir='ltr'><strong>videlicet</strong></span> <span class='ocrx_word' id='word_1_288' title='bbox 1280 3912 1397 3985; x_wconf 90' lang='lat' dir='ltr'><strong>decern</strong></span> <span class='ocrx_word' id='word_1_289' title='bbox 1416 3919 1452 3984; x_wconf 91' lang='lat' dir='ltr'><strong>et</strong></span> <span class='ocrx_word' id='word_1_290' title='bbox 1473 3918 1549 3984; x_wconf 87' lang='lat' dir='ltr'><strong>octo</strong></span> <span class='ocrx_word' id='word_1_291' title='bbox 1568 3910 1723 3986; x_wconf 88' lang='lat' dir='ltr'><strong>eiusdem</strong></span> 
     </span>
     <span class='ocr_line' id='line_1_30' title="bbox 172 4032 1721 4126; baseline 0.002 -23"><span class='ocrx_word' id='word_1_292' title='bbox 172 4033 337 4125; x_wconf 88' lang='lat' dir='ltr'><strong>suburbii,</strong></span> <span class='ocrx_word' id='word_1_293' title='bbox 362 4035 513 4125; x_wconf 86' lang='lat' dir='ltr'><strong>percipit</strong></span> <span class='ocrx_word' id='word_1_294' title='bbox 537 4035 704 4107; x_wconf 90' lang='lat' dir='ltr'><strong>decimam</strong></span> <span class='ocrx_word' id='word_1_295' title='bbox 729 4035 978 4126; x_wconf 89' lang='lat' dir='ltr'><strong>manipularem</strong></span> <span class='ocrx_word' id='word_1_296' title='bbox 997 4035 1141 4106; x_wconf 88' lang='lat' dir='ltr'><strong>ecclesia</strong></span> <span class='ocrx_word' id='word_1_297' title='bbox 1167 4033 1376 4123; x_wconf 88' lang='lat' dir='ltr'><strong>parochialis</strong></span> <span class='ocrx_word' id='word_1_298' title='bbox 1404 4039 1440 4105; x_wconf 92' lang='lat' dir='ltr'><strong>et</strong></span> <span class='ocrx_word' id='word_1_299' title='bbox 1458 4032 1624 4122; x_wconf 88' lang='lat' dir='ltr'><strong>plebanus</strong></span> <span class='ocrx_word' id='word_1_300' title='bbox 1651 4032 1721 4107; x_wconf 86' lang='lat' dir='ltr'><strong>Lu-</strong></span> 
     </span>
     <span class='ocr_line' id='line_1_31' title="bbox 172 4153 1724 4246; baseline 0 -19"><span class='ocrx_word' id='word_1_301' title='bbox 172 4154 357 4246; x_wconf 87' lang='lat' dir='ltr'><strong>bliuensis,</strong></span> <span class='ocrx_word' id='word_1_302' title='bbox 383 4176 425 4231; x_wconf 83' lang='lat' dir='ltr'><strong>ex</strong></span> <span class='ocrx_word' id='word_1_303' title='bbox 452 4155 529 4227; x_wconf 87' lang='lat' dir='ltr'><strong>aliis</strong></span> <span class='ocrx_word' id='word_1_304' title='bbox 557 4161 672 4227; x_wconf 88' lang='lat' dir='ltr'><strong>autem</strong></span> <span class='ocrx_word' id='word_1_305' title='bbox 698 4157 856 4228; x_wconf 90' lang='lat' dir='ltr'><strong>undecim</strong></span> <span class='ocrx_word' id='word_1_306' title='bbox 891 4156 1002 4227; x_wconf 88' lang='lat' dir='ltr'><strong>laneis</strong></span> <span class='ocrx_word' id='word_1_307' title='bbox 1030 4176 1135 4245; x_wconf 90' lang='lat' dir='ltr'><strong>supra</strong></span> <span class='ocrx_word' id='word_1_308' title='bbox 1160 4154 1300 4227; x_wconf 90' lang='lat' dir='ltr'><strong>fluvium</strong></span> <span class='ocrx_word' id='word_1_309' title='bbox 1336 4153 1398 4244; x_wconf 90' lang='lat' dir='ltr'><strong>By</strong></span> <span class='ocrx_word' id='word_1_310' title='bbox 1411 4160 1603 4244; x_wconf 86' lang='lat' dir='ltr'><strong>strzyca</strong></span> <span class='ocrx_word' id='word_1_311' title='bbox 1638 4154 1724 4245; x_wconf 86' lang='lat' dir='ltr'><strong>sitis,</strong></span> 
     </span>
     <span class='ocr_line' id='line_1_32' title="bbox 173 4272 1697 4367; baseline -0.001 -23"><span class='ocrx_word' id='word_1_312' title='bbox 173 4272 338 4347; x_wconf 92' lang='lat' dir='ltr'><strong>decimam</strong></span> <span class='ocrx_word' id='word_1_313' title='bbox 364 4275 578 4366; x_wconf 79' lang='lat' dir='ltr'><strong>pecuniolam</strong></span> <span class='ocrx_word' id='word_1_314' title='bbox 605 4277 754 4367; x_wconf 92' lang='lat' dir='ltr'><strong>percipit</strong></span> <span class='ocrx_word' id='word_1_315' title='bbox 779 4277 960 4367; x_wconf 90' lang='lat' dir='ltr'><strong>episcopus</strong></span> <span class='ocrx_word' id='word_1_316' title='bbox 988 4274 1228 4347; x_wconf 80' lang='lat' dir='ltr'><strong>Gracoviensis</strong></span> <span class='ocrx_word' id='word_1_317' title='bbox 1254 4280 1290 4345; x_wconf 92' lang='lat' dir='ltr'><strong>et</strong></span> <span class='ocrx_word' id='word_1_318' title='bbox 1307 4294 1427 4346; x_wconf 91' lang='lat' dir='ltr'><strong>mensa</strong></span> <span class='ocrx_word' id='word_1_319' title='bbox 1453 4275 1527 4345; x_wconf 86' lang='lat' dir='ltr'><strong>eius</strong></span> <span class='ocrx_word' id='word_1_320' title='bbox 1554 4295 1616 4363; x_wconf 87' lang='lat' dir='ltr'><strong>por</strong></span> <span class='ocrx_word' id='word_1_321' title='bbox 1636 4328 1643 4344; x_wconf 92' lang='lat'><strong>.</strong></span> <span class='ocrx_word' id='word_1_322' title='bbox 1662 4327 1697 4342; x_wconf 90' lang='lat'><strong>..</strong></span> 
     </span>
    </p>

    <p class='ocr_par' dir='ltr' id='par_1_6' title="bbox 171 4392 1724 4966">
     <span class='ocr_line' id='line_1_33' title="bbox 276 4392 1723 4487; baseline -0.003 -19"><span class='ocrx_word' id='word_1_323' title='bbox 276 4392 536 4487; x_wconf 82' lang='lat' dir='ltr'><strong>Osznronrczn,</strong></span> <span class='ocrx_word' id='word_1_324' title='bbox 571 4395 654 4468; x_wconf 86' lang='lat' dir='ltr'><strong>villa</strong></span> <span class='ocrx_word' id='word_1_325' title='bbox 689 4396 752 4468; x_wconf 88' lang='lat' dir='ltr'><strong>sub</strong></span> <span class='ocrx_word' id='word_1_326' title='bbox 779 4396 943 4486; x_wconf 87' lang='lat' dir='ltr'><strong>parochia</strong></span> <span class='ocrx_word' id='word_1_327' title='bbox 978 4395 1142 4467; x_wconf 85' lang='lat' dir='ltr'><strong>ecclesiae</strong></span> <span class='ocrx_word' id='word_1_328' title='bbox 1173 4394 1217 4466; x_wconf 93' lang='lat' dir='ltr'><strong>de</strong></span> <span class='ocrx_word' id='word_1_329' title='bbox 1243 4392 1586 4484; x_wconf 75' lang='lat' dir='ltr'><strong>Krzasznycza,</strong></span> <span class='ocrx_word' id='word_1_330' title='bbox 1625 4393 1723 4467; x_wconf 87' lang='lat' dir='ltr'><strong>cuius</strong></span> 
     </span>
     <span class='ocr_line' id='line_1_34' title="bbox 171 4512 1723 4608; baseline -0.001 -23"><span class='ocrx_word' id='word_1_331' title='bbox 171 4514 295 4589; x_wconf 82' lang='lat' dir='ltr'><strong>haeres</strong></span> <span class='ocrx_word' id='word_1_332' title='bbox 328 4515 493 4589; x_wconf 86' lang='lat' dir='ltr'><strong>Nicolaus</strong></span> <span class='ocrx_word' id='word_1_333' title='bbox 526 4516 570 4589; x_wconf 92' lang='lat' dir='ltr'><strong>de</strong></span> <span class='ocrx_word' id='word_1_334' title='bbox 596 4514 942 4608; x_wconf 81' lang='lat' dir='ltr'><strong>Prawydlnyky</strong></span> <span class='ocrx_word' id='word_1_335' title='bbox 968 4514 1072 4588; x_wconf 85' lang='lat' dir='ltr'><strong>iudex</strong></span> <span class='ocrx_word' id='word_1_336' title='bbox 1101 4513 1343 4604; x_wconf 86' lang='lat' dir='ltr'><strong>Lublineneis,</strong></span> <span class='ocrx_word' id='word_1_337' title='bbox 1379 4515 1504 4586; x_wconf 93' lang='lat' dir='ltr'><strong>nobilis</strong></span> <span class='ocrx_word' id='word_1_338' title='bbox 1544 4513 1585 4583; x_wconf 91' lang='lat' dir='ltr'><strong>de</strong></span> <span class='ocrx_word' id='word_1_339' title='bbox 1616 4512 1723 4587; x_wconf 85' lang='lat' dir='ltr'><strong>armis</strong></span> 
     </span>
     <span class='ocr_line' id='line_1_35' title="bbox 174 4630 1724 4727; baseline -0.003 -19"><span class='ocrx_word' id='word_1_340' title='bbox 174 4633 359 4709; x_wconf 87' lang='lat' dir='ltr'><strong>Buncza</strong></span> <span class='ocrx_word' id='word_1_341' title='bbox 402 4636 444 4707; x_wconf 91' lang='lat' dir='ltr'><strong>In</strong></span> <span class='ocrx_word' id='word_1_342' title='bbox 462 4657 531 4726; x_wconf 88' lang='lat' dir='ltr'><strong>qua</strong></span> <span class='ocrx_word' id='word_1_343' title='bbox 556 4644 638 4709; x_wconf 86' lang='lat' dir='ltr'><strong>sunt</strong></span> <span class='ocrx_word' id='word_1_344' title='bbox 662 4637 787 4727; x_wconf 78' lang='lat' dir='ltr'><strong>viginti</strong></span> <span class='ocrx_word' id='word_1_345' title='bbox 813 4641 945 4727; x_wconf 90' lang='lat' dir='ltr'><strong>septem</strong></span> <span class='ocrx_word' id='word_1_346' title='bbox 972 4634 1065 4706; x_wconf 90' lang='lat' dir='ltr'><strong>lanei</strong></span> <span class='ocrx_word' id='word_1_347' title='bbox 1091 4632 1332 4725; x_wconf 86' lang='lat' dir='ltr'><strong>emethonales,</strong></span> <span class='ocrx_word' id='word_1_348' title='bbox 1360 4633 1547 4723; x_wconf 90' lang='lat' dir='ltr'><strong>dequibus</strong></span> <span class='ocrx_word' id='word_1_349' title='bbox 1575 4630 1724 4705; x_wconf 87' lang='lat' dir='ltr'><strong>solvitur</strong></span> 
     </span>
     <span class='ocr_line' id='line_1_36' title="bbox 173 4752 1723 4849; baseline -0.001 -23"><span class='ocrx_word' id='word_1_350' title='bbox 173 4753 305 4829; x_wconf 84' lang='lat' dir='ltr'><strong>decima</strong></span> <span class='ocrx_word' id='word_1_351' title='bbox 331 4755 555 4849; x_wconf 81' lang='lat' dir='ltr'><strong>manipularis</strong></span> <span class='ocrx_word' id='word_1_352' title='bbox 580 4756 875 4829; x_wconf 87' lang='lat' dir='ltr'><strong>archidiaconatui</strong></span> <span class='ocrx_word' id='word_1_353' title='bbox 900 4752 1073 4847; x_wconf 87' lang='lat' dir='ltr'><strong>praefato,</strong></span> <span class='ocrx_word' id='word_1_354' title='bbox 1101 4760 1138 4827; x_wconf 91' lang='lat' dir='ltr'><strong>et</strong></span> <span class='ocrx_word' id='word_1_355' title='bbox 1155 4755 1307 4844; x_wconf 87' lang='lat' dir='ltr'><strong>propriis</strong></span> <span class='ocrx_word' id='word_1_356' title='bbox 1334 4754 1493 4827; x_wconf 88' lang='lat' dir='ltr'><strong>curribus</strong></span> <span class='ocrx_word' id='word_1_357' title='bbox 1520 4752 1665 4829; x_wconf 80' lang='lat' dir='ltr'><strong>ducitur.</strong></span> <span class='ocrx_word' id='word_1_358' title='bbox 1684 4753 1723 4825; x_wconf 95' lang='lat' dir='ltr'><strong>in</strong></span> 
     </span>
     <span class='ocr_line' id='line_1_37' title="bbox 171 4870 1723 4966; baseline 0 -21"><span class='ocrx_word' id='word_1_359' title='bbox 171 4874 334 4947; x_wconf 92' lang='lat' dir='ltr'><strong>horreum</strong></span> <span class='ocrx_word' id='word_1_360' title='bbox 361 4894 426 4966; x_wconf 93' lang='lat' dir='ltr'><strong>per</strong></span> <span class='ocrx_word' id='word_1_361' title='bbox 450 4874 727 4947; x_wconf 86' lang='lat' dir='ltr'><strong>archidiaconum</strong></span> <span class='ocrx_word' id='word_1_362' title='bbox 754 4874 937 4946; x_wconf 89' lang='lat' dir='ltr'><strong>locandum</strong></span> <span class='ocrx_word' id='word_1_363' title='bbox 963 4879 999 4945; x_wconf 93' lang='lat' dir='ltr'><strong>et</strong></span> <span class='ocrx_word' id='word_1_364' title='bbox 1025 4875 1124 4947; x_wconf 87' lang='lat' dir='ltr'><strong>valor</strong></span> <span class='ocrx_word' id='word_1_365' title='bbox 1150 4874 1225 4949; x_wconf 89' lang='lat' dir='ltr'><strong>eius</strong></span> <span class='ocrx_word' id='word_1_366' title='bbox 1249 4874 1453 4947; x_wconf 87' lang='lat' dir='ltr'><strong>aestimatur</strong></span> <span class='ocrx_word' id='word_1_367' title='bbox 1479 4872 1523 4946; x_wconf 91' lang='lat' dir='ltr'><strong>ad</strong></span> <span class='ocrx_word' id='word_1_368' title='bbox 1541 4870 1723 4947; x_wconf 88' lang='lat' dir='ltr'><strong>duodecim</strong></span> 
     </span>
    </p>
   </div>
   <div class='ocr_carea' id='block_1_3' title="bbox 170 4992 1834 5087">
    <p class='ocr_par' dir='ltr' id='par_1_7' title="bbox 170 4992 1834 5087">
     <span class='ocr_line' id='line_1_38' title="bbox 170 4992 1834 5087; baseline -0.004 -18"><span class='ocrx_word' id='word_1_369' title='bbox 170 5014 323 5082; x_wconf 81' lang='lat' dir='ltr'><strong>marcas3</strong></span> <span class='ocrx_word' id='word_1_370' title='bbox 348 5015 419 5069; x_wconf 90' lang='lat' dir='ltr'><strong>non</strong></span> <span class='ocrx_word' id='word_1_371' title='bbox 437 5000 598 5071; x_wconf 91' lang='lat' dir='ltr'><strong>tenentur</strong></span> <span class='ocrx_word' id='word_1_372' title='bbox 623 4995 668 5069; x_wconf 87' lang='lat' dir='ltr'><strong>ad</strong></span> <span class='ocrx_word' id='word_1_373' title='bbox 686 4995 853 5071; x_wconf 90' lang='lat' dir='ltr'><strong>decimam</strong></span> <span class='ocrx_word' id='word_1_374' title='bbox 879 4997 1017 5087; x_wconf 87' lang='lat' dir='ltr'><strong>canapi.</strong></span> <span class='ocrx_word' id='word_1_375' title='bbox 1054 4995 1145 5069; x_wconf 85' lang='lat' dir='ltr'><strong>Item</strong></span> <span class='ocrx_word' id='word_1_376' title='bbox 1160 4994 1326 5071; x_wconf 86' lang='lat' dir='ltr'><strong>tabernae</strong></span> <span class='ocrx_word' id='word_1_377' title='bbox 1346 4995 1511 5086; x_wconf 86' lang='lat' dir='ltr'><strong>quinque,</strong></span> <span class='ocrx_word' id='word_1_378' title='bbox 1537 4992 1622 5068; x_wconf 92' lang='lat' dir='ltr'><strong>item</strong></span> <span class='ocrx_word' id='word_1_379' title='bbox 1639 4994 1722 5065; x_wconf 92' lang='lat' dir='ltr'><strong>hor·</strong></span> <span class='ocrx_word' id='word_1_380' title='bbox 1828 5038 1834 5047; x_wconf 91' lang='lat'>-</span> 
     </span>
    </p>
   </div>
   <div class='ocr_carea' id='block_1_4' title="bbox 170 5114 1723 5463">
    <p class='ocr_par' dir='ltr' id='par_1_8' title="bbox 170 5114 1723 5463">
     <span class='ocr_line' id='line_1_39' title="bbox 170 5114 1723 5233; baseline -0.002 -38"><span class='ocrx_word' id='word_1_381' title='bbox 170 5115 323 5195; x_wconf 72' lang='lat' dir='ltr'><strong>toeniae</strong></span> <span class='ocrx_word' id='word_1_382' title='bbox 349 5136 429 5213; x_wconf 89' lang='lat' dir='ltr'><strong>non</strong></span> <span class='ocrx_word' id='word_1_383' title='bbox 444 5117 573 5192; x_wconf 91' lang='lat' dir='ltr'><strong>babent</strong></span> <span class='ocrx_word' id='word_1_384' title='bbox 599 5134 720 5233; x_wconf 71' lang='lat' dir='ltr'><strong>egros,</strong></span> <span class='ocrx_word' id='word_1_385' title='bbox 755 5117 840 5190; x_wconf 91' lang='lat' dir='ltr'><strong>item</strong></span> <span class='ocrx_word' id='word_1_386' title='bbox 863 5114 1098 5193; x_wconf 89' lang='lat' dir='ltr'><strong>molendinum</strong></span> <span class='ocrx_word' id='word_1_387' title='bbox 1123 5120 1179 5187; x_wconf 88' lang='lat' dir='ltr'><strong>est</strong></span> <span class='ocrx_word' id='word_1_388' title='bbox 1203 5115 1271 5204; x_wconf 86' lang='lat' dir='ltr'><strong>ibi,</strong></span> <span class='ocrx_word' id='word_1_389' title='bbox 1305 5114 1367 5187; x_wconf 89' lang='lat' dir='ltr'><strong>sed</strong></span> <span class='ocrx_word' id='word_1_390' title='bbox 1392 5135 1461 5191; x_wconf 93' lang='lat' dir='ltr'><strong>non</strong></span> <span class='ocrx_word' id='word_1_391' title='bbox 1487 5114 1594 5189; x_wconf 87' lang='lat' dir='ltr'><strong>habet</strong></span> <span class='ocrx_word' id='word_1_392' title='bbox 1619 5134 1723 5204; x_wconf 75' lang='lat' dir='ltr'><strong>agros</strong></span> 
     </span>
     <span class='ocr_line' id='line_1_40' title="bbox 170 5234 1721 5327; baseline -0.001 -16"><span class='ocrx_word' id='word_1_393' title='bbox 170 5234 319 5327; x_wconf 64' lang='lat' dir='ltr'><strong>abutum</strong></span> <span class='ocrx_word' id='word_1_394' title='bbox 345 5234 430 5313; x_wconf 82' lang='lat' dir='ltr'><strong>item</strong></span> <span class='ocrx_word' id='word_1_395' title='bbox 456 5243 511 5310; x_wconf 86' lang='lat' dir='ltr'><strong>est</strong></span> <span class='ocrx_word' id='word_1_396' title='bbox 536 5237 584 5311; x_wconf 93' lang='lat' dir='ltr'><strong>ibi</strong></span> <span class='ocrx_word' id='word_1_397' title='bbox 611 5236 708 5311; x_wconf 90' lang='lat' dir='ltr'><strong>curia</strong></span> <span class='ocrx_word' id='word_1_398' title='bbox 731 5236 893 5323; x_wconf 71' lang='lat' dir='ltr'><strong>militaris</strong></span> <span class='ocrx_word' id='word_1_399' title='bbox 919 5256 1008 5325; x_wconf 88' lang='lat' dir='ltr'><strong>una,</strong></span> <span class='ocrx_word' id='word_1_400' title='bbox 1042 5234 1173 5309; x_wconf 89' lang='lat' dir='ltr'><strong>habeus</strong></span> <span class='ocrx_word' id='word_1_401' title='bbox 1198 5234 1396 5325; x_wconf 86' lang='lat' dir='ltr'><strong>praedium,</strong></span> <span class='ocrx_word' id='word_1_402' title='bbox 1431 5255 1474 5309; x_wconf 83' lang='lat' dir='ltr'><strong>ex</strong></span> <span class='ocrx_word' id='word_1_403' title='bbox 1500 5234 1599 5310; x_wconf 86' lang='lat' dir='ltr'><strong>cuius</strong></span> <span class='ocrx_word' id='word_1_404' title='bbox 1626 5234 1721 5327; x_wconf 77' lang='lat' dir='ltr'><strong>agris</strong></span> 
     </span>
     <span class='ocr_line' id='line_1_41' title="bbox 170 5352 1723 5463; baseline -0.005 -30"><span class='ocrx_word' id='word_1_405' title='bbox 170 5356 318 5447; x_wconf 76' lang='lat' dir='ltr'><strong>percipit</strong></span> <span class='ocrx_word' id='word_1_406' title='bbox 330 5356 497 5435; x_wconf 85' lang='lat' dir='ltr'><strong>decimam</strong></span> <span class='ocrx_word' id='word_1_407' title='bbox 511 5355 760 5447; x_wconf 80' lang='lat' dir='ltr'><strong>manipularem</strong></span> <span class='ocrx_word' id='word_1_408' title='bbox 771 5356 940 5446; x_wconf 89' lang='lat' dir='ltr'><strong>plebanus</strong></span> <span class='ocrx_word' id='word_1_409' title='bbox 958 5359 995 5429; x_wconf 91' lang='lat' dir='ltr'><strong>et</strong></span> <span class='ocrx_word' id='word_1_410' title='bbox 1008 5353 1154 5463; x_wconf 78' lang='lat' dir='ltr'><strong>ecclesia</strong></span> <span class='ocrx_word' id='word_1_411' title='bbox 1170 5355 1206 5428; x_wconf 92' lang='lat' dir='ltr'><strong>in</strong></span> <span class='ocrx_word' id='word_1_412' title='bbox 1223 5352 1487 5446; x_wconf 77' lang='lat' dir='ltr'><strong>Kraszuycza</strong></span> <span class='ocrx_word' id='word_1_413' title='bbox 1502 5352 1723 5447; x_wconf 56' lang='lat' dir='ltr'><strong>Jerusalem</strong></span> 
     </span>
    </p>
   </div>
   <div class='ocr_carea' id='block_1_5' title="bbox 0 0 2030 6053">
    <p class='ocr_par' dir='ltr' id='par_1_9' title="bbox 0 0 2030 6053">
     <span class='ocr_line' id='line_1_42' title="bbox 0 0 2030 6053; baseline 0 0"><span class='ocrx_word' id='word_1_414' title='bbox 0 0 2030 6053; x_wconf 95' lang='lat' dir='ltr'><strong> </strong></span> 
     </span>
    </p>
   </div>
  </div>
 </body>
</html>
