4050 6054
1673 403 1747 476 3⁷9

119 690 125 697 „
199 615 317 684 tamon
349 609 464 684 adhuc
498 610 535 680 in
560 628 603 681 ea
629 614 779 701 quatuor
804 607 897 683 lanei
924 607 1167 698 cmethonales,
1199 605 1243 681 de
1274 607 1400 699 quibus
1431 605 1564 681 decima
1594 608 1752 715 manipu-

199 732 285 804 laris
319 736 356 803 et
390 751 454 822 per
488 735 636 822 quatuor
671 730 810 821 ierugas
846 727 1022 821 canapalis
1048 728 1197 802 solvitur
1228 728 1378 801 vicariae
1408 727 1688 822 vayekoszkey,
1714 737 1774 806 et·

200 852 331 926 ducunt
366 873 442 924 eam
469 851 668 924 cmethones
695 851 732 922 in
757 850 921 923 horreum
948 870 969 921 a
995 850 1124 922 vicario
1151 850 1333 923 locandum
1360 854 1396 921 et
1420 848 1519 947 valor
1545 850 1620 923 eius
1646 852 1750 927 aesti-
1894 841 1897 848 ’

199 980 316 1046 matur
342 972 387 1046 ad
414 978 562 1064 quatuor
589 991 733 1044 marcas.
760 972 849 1045 Item
875 992 945 1044 non
972 971 1088 1044 estin
1115 991 1158 1043 ea
1173 969 1364 1062 praedium,
1385 990 1456 1043 non
1474 976 1556 1045 sunt
1573 971 1761 1065 tabernae,

198 1117 268 1168 uon
295 1100 378 1167 sunt
403 1093 631 1166 hortulauiae.
1661 1178 1674 1185 ..

301 1214 455 1305 Pnussm
482 1215 565 1286 villa
584 1214 647 1287 sub
666 1214 831 1306 parochia
848 1214 1013 1286 ecclesiae
1031 1212 1075 1286 de
1091 1213 1391 1287 Przibislawi
1405 1233 1489 1303 cue,
1507 1213 1604 1285 cuius
1622 1214 1748 1288 haeres

197 1338 350 1410 Joannes
385 1335 508 1409 Grad
541 1336 584 1407 de
620 1337 726 1408 armis
760 1335 910 1426 Rauca,
936 1335 973 1407 in
1009 1356 1078 1426 qua
1112 1340 1194 1408 sunt
1219 1340 1370 1426 quatuor
1396 1336 1508 1425 campi
1534 1334 1621 1406 alias
1645 1331 1747 1432 nimy,

198 1456 555 1531 circumferentialiter
581 1456 731 1548 fossatis,
759 1465 928 1549 quatenus
956 1457 1250 1548 dignoscerentur,
1277 1461 1314 1527 et
1340 1456 1500 1546 occupari
1517 1448 1746 1548 'truncarique

196 1601 265 1653 non
292 1584 444 1670 possent,
470 1579 635 1670 distincti,
662 1580 744 1651 item
771 1599 877 1650 uuum
902 1583 1050 1669 pratum,
1077 1578 1289 1669 pertinentia
1310 1577 1356 1651 ad
1372 1577 1539 1649 vicariam
1555 1568 1768 1668 praefatam

195 1700 436 1794 Dwyekoszlra
469 1706 657 1792 perpetuo,
682 1721 773 1791 quae
800 1699 968 1773 arendata
994 1679 1134 1779 solvunt
1159 1698 1310 1772 vicariae
1336 1696 1514 1790 praefatae
1540 1719 1604 1790 pro
1631 1717 1745 1773 annuo

195 1842 300 1898 censu
325 1843 431 1894 unam
457 1841 616 1894 marcam.

648 2124 921 2257 Tholoncum
941 2134 1298 2217 Srndomlricnse.

291 2354 383 2430 ¹Item
420 2357 550 2430 vicaria
584 2355 743 2450 praelata
777 2356 1019 2448 vayekoszka
1051 2356 1159 2428 habet
1183 2356 1220 2426 in
1246 2356 1408 2429 theloneo
1434 2357 1531 2447 regio
1561 2355 1742 2429 Sandomi-
1841 2427 1844 2430 ,

196 2478 304 2551 riensi
338 2477 504 2549 decimam
539 2476 790 2549 hebdomadam
815 2473 852 2547 in
879 2497 970 2548 anno
996 2476 1276 2567 provenientem,
1303 2477 1339 2546 in
1367 2497 1435 2566 qua
1461 2495 1561 2548 omne
1587 2475 1743 2549 thelone-

192 2621 260 2689 um,
287 2605 520 2691 quantumque
547 2617 707 2687 magnum
735 2603 771 2669 et
797 2617 961 2687 crassum,
978 2595 1155 2687 praefatae
1173 2596 1265 2668 cedit
1282 2597 1443 2685 vicariae,
1462 2597 1554 2688 quod
1573 2592 1742 2669 arandare

190 2721 340 2791 vicarius
367 2719 544 2792 consvevit
570 2738 634 2808 pro
661 2718 798 2810 integro
825 2738 924 2808 anno,
953 2719 1103 2809 quinque
1130 2717 1301 2807 videlicet,
1322 2717 1497 2819 interdum
1523 2738 1584 2789 ser
1610 2717 1742 2792 hebdo-

190 2838 311 2931 madis,
338 2860 404 2930 pro
431 2859 492 2910 ser
518 2837 653 2910 marcis.
681 2838 767 2910 Item
795 2838 943 2930 quilibet
960 2837 1110 2911 vicarius
1128 2858 1192 2929 pro
1209 2843 1368 2928 tempore
1385 2838 1535 2910 vicariae
1553 2838 1740 2931 praefatae,

189 2966 329 3032 tenetur
354 2960 398 3030 ad
425 2958 692 3049 praedicandum
719 2958 756 3030 in
783 2957 929 3030 ecclesia
954 2958 1225 3030 Sandomiriensi
1251 2960 1287 3030 in
1315 2963 1463 3049 quatuor
1480 2957 1740 3050 festivitatibus,
1834 3005 1836 3011 ,
1878 3006 1880 3010 ψ

188 3080 350 3153 videlicet
375 3081 411 3151 in
439 3079 496 3151 die
522 3078 658 3151 Natalis
680 3079 821 3151 Domini
842 3080 879 3150 iu
898 3079 954 3151 die
971 3078 1255 3171 Epiphaniamm
1274 3079 1310 3150 in
1329 3079 1384 3151 die
1402 3079 1556 3152 Paschae
1575 3085 1610 3151 et
1628 3081 1664 3152 in
1682 3080 1739 3152 die

189 3200 446 3292 Assumptionis
472 3200 621 3272 Sanctae
647 3198 793 3290 Mariae,
819 3220 882 3290 per
909 3220 946 3271 se
972 3199 1028 3271 vel
1047 3221 1110 3290 per
1128 3200 1233 3271 alium
1250 3199 1421 3291 idoneum,
1439 3205 1475 3271 et
1491 3201 1629 3272 ratione
1645 3200 1739 3274 illius

188 3321 455 3413 praedicationis
482 3327 518 3392 et
544 3321 683 3409 laboris,
710 3321 860 3412 percipit
885 3321 921 3390 in
948 3320 1017 3391 illis
1043 3321 1283 3392 tantummodo
1311 3327 1460 3411 quatuor
1487 3321 1608 3392 diebus
1635 3341 1739 3412 quar·

188 3449 261 3515 tain
288 3447 423 3534 partem
451 3442 602 3514 omnium
628 3441 841 3513 oblationum
868 3440 1033 3512 ecclesiae
1060 3440 1358 3513 Saudomiriensis.
1389 3441 1476 3512 Item
1502 3442 1594 3532 gerit
1619 3463 1738 3514 curam

187 3565 378 3636 animarum
406 3562 557 3633 omnium
584 3561 792 3633 scholarium
811 3561 978 3632 ecclesiae
996 3561 1295 3653 Sandomiriensis‚
1314 3560 1486 3633 audiendo
1504 3561 1736 3635 confessiones
1815 3637 1817 3641 ,

189 3678 225 3758 'et
259 3684 478 3777 procurando
514 3683 592 3755 illos
628 3681 843 3754 divinissimo
878 3681 1121 3754 Eucharistiae
1147 3682 1293 3772 viatico,
1320 3668 1357 3754 et
1382 3687 1569 3774 propterea
1594 3681 1736 3774 vulgato

187 3805 325 3878 nomine
353 3804 547 3897 appellatur
573 3803 742 3897 plebanus
770 3802 908 3876 scholae
934 3802 1022 3874 alias
1049 3795 1179 3898 Skolny
1207 3795 1346 3873 Plcban.

626 4119 872 4236 Praebendu
907 4119 1263 4202 ltrzczonowska.

194 4444 200 4457 ,
295 4361 502 4435 Praebenda
540 4361 827 4435 Sandomiriensis
862 4360 1119 4435 Krzconowska
1157 4361 1472 4435 denominationem
1507 4383 1604 4436 suam
1636 4382 1734 4436 acce·

183 4483 237 4574 pit
262 4504 283 4555 a
308 4483 491 4574 principali
518 4481 649 4555 decima
675 4503 739 4555 sua
764 4483 800 4554 in
825 4481 1219 4573 Krzczonowicze,
1247 4485 1342 4556 cuius
1362 4482 1509 4574 collatio,
1526 4483 1680 4575 provisio
1698 4489 1735 4557 et

183 4604 326 4695 quaevis
353 4602 545 4694 dispositio,
571 4603 616 4676 ad
643 4604 842 4695 episcopum
869 4603 1130 4679 cracoviensem
1156 4626 1221 4696 pro
1247 4611 1404 4696 tempore
1430 4604 1602 4702 pertinet,
1629 4627 1732 4696 quam

183 4746 275 4796 nunc
300 4730 398 4797 tenet
424 4722 616 4797 Stanislaus
644 4723 826 4817 Gzayka
851 4725 895 4799 de
921 4725 1057 4818 Novvy
1081 4728 1231 4821 vaor,
1258 4731 1384 4807 nobilis
1410 4731 1453 4806 de
1481 4733 1582 4807 domo
1607 4731 1739 4805 nam

47 4954 48 4958 Ν
182 4846 278 4938 bno,
306 4847 403 4919 cuius
430 4851 512 4918 sunt
537 4845 691 4919 decimae
717 4845 959 4940 infrascriptae
985 4854 1022 4920 et
1047 4856 1246 4941 proventus.

286 4967 624 5059 anczonovvrczn,
650 4968 734 5042 villa
759 4968 824 5043 sub
850 4969 1015 5061 parocbia
1041 4972 1204 5045 ecclesiae
1231 4973 1273 5047 de
1300 4948 1679 5066 schydlovyecz,
1693 4975 1730 5049 in

182 5109 250 5178 qua
276 5094 357 5162 sunt
383 5087 532 5163 sedecim
558 5089 651 5162 lanei
676 5091 920 5183 cmethonales,
947 5092 991 5166 de
1017 5113 1165 5185 quorum
1184 5099 1269 5166 octo
1296 5093 1443 5169 solvitur
1469 5095 1603 5169 decima
1618 5096 1728 5170 mani·

180 5209 311 5300 pularis
338 5215 374 5284 et
398 5231 462 5301 per
488 5216 638 5302 quatuor
662 5212 802 5303 ierugas
829 5214 1004 5304 canapalis
1031 5214 1249 5305 praebendae
1276 5269 1284 5286 .
1312 5270 1319 5286 .
1346 5270 1354 5286 .
1381 5271 1403 5308 .,
1430 5222 1468 5290 et
1493 5218 1624 5291 ducunt
1649 5237 1726 5293 cam

181 5331 380 5411 cmethones
415 5333 452 5411 in
489 5332 652 5410 borreum
688 5335 901 5411 acanonico
937 5334 1120 5413 locandum
1156 5341 1193 5413 ct
1227 5338 1325 5413 valor
1352 5338 1426 5416 eius
1453 5339 1657 5415 aestimatur
1682 5339 1729 5416 ad
