<?xml version="1.0" encoding="UTF-8"?>
<!DOCTYPE html PUBLIC "-//W3C//DTD XHTML 1.0 Transitional//EN"
    "http://www.w3.org/TR/xhtml1/DTD/xhtml1-transitional.dtd">
<html xmlns="http://www.w3.org/1999/xhtml" xml:lang="en" lang="en">
 <head>
  <title>
</title>
<meta http-equiv="Content-Type" content="text/html;charset=utf-8" />
  <meta name='ocr-system' content='tesseract 3.04.00' />
  <meta name='ocr-capabilities' content='ocr_page ocr_carea ocr_par ocr_line ocrx_word'/>
</head>
<body>
  <div class='ocr_page' id='page_1' title='image "./joannisdugoszse00dugoog_0090.png"; bbox 0 0 4050 6054; ppageno 0'>
   <div class='ocr_carea' id='block_1_1' title="bbox 1686 549 1733 620">
    <p class='ocr_par' dir='ltr' id='par_1_1' title="bbox 1686 549 1733 620">
     <span class='ocr_line' id='line_1_1' title="bbox 1686 549 1733 620; baseline 0.043 -2"><span class='ocrx_word' id='word_1_1' title='bbox 1686 549 1733 620; x_wconf 82' lang='lat'><strong>63</strong></span> 
     </span>
    </p>
   </div>
   <div class='ocr_carea' id='block_1_2' title="bbox 107 732 1837 4930">
    <p class='ocr_par' dir='ltr' id='par_1_2' title="bbox 107 732 1829 1922">
     <span class='ocr_line' id='line_1_2' title="bbox 288 732 1736 841; baseline 0.001 -20"><span class='ocrx_word' id='word_1_2' title='bbox 288 751 375 822; x_wconf 90' lang='lat' dir='ltr'><strong>Item</strong></span> <span class='ocrx_word' id='word_1_3' title='bbox 401 750 597 841; x_wconf 90' lang='lat' dir='ltr'><strong>praebenda</strong></span> <span class='ocrx_word' id='word_1_4' title='bbox 623 748 777 841; x_wconf 85' lang='lat' dir='ltr'><strong>praefata</strong></span> <span class='ocrx_word' id='word_1_5' title='bbox 802 732 907 822; x_wconf 88' lang='lat' dir='ltr'><strong>babet</strong></span> <span class='ocrx_word' id='word_1_6' title='bbox 934 752 1086 840; x_wconf 77' lang='lat' dir='ltr'>quintam</span> <span class='ocrx_word' id='word_1_7' title='bbox 1123 751 1368 841; x_wconf 76' lang='lat' dir='ltr'>manipularem</span> <span class='ocrx_word' id='word_1_8' title='bbox 1399 751 1565 822; x_wconf 79' lang='lat' dir='ltr'><strong>decimam</strong></span> <span class='ocrx_word' id='word_1_9' title='bbox 1592 753 1736 824; x_wconf 88' lang='lat' dir='ltr'><strong>invilla</strong></span> 
     </span>
     <span class='ocr_line' id='line_1_3' title="bbox 187 868 1737 962; baseline 0.001 -21"><span class='ocrx_word' id='word_1_10' title='bbox 187 868 514 943; x_wconf 87' lang='lat' dir='ltr'><strong>Guatbowicze</strong></span> <span class='ocrx_word' id='word_1_11' title='bbox 542 873 606 942; x_wconf 92' lang='lat' dir='ltr'><strong>sub</strong></span> <span class='ocrx_word' id='word_1_12' title='bbox 624 872 788 962; x_wconf 90' lang='lat' dir='ltr'><strong>parochia</strong></span> <span class='ocrx_word' id='word_1_13' title='bbox 806 872 968 941; x_wconf 88' lang='lat' dir='ltr'><strong>ecclesiae</strong></span> <span class='ocrx_word' id='word_1_14' title='bbox 987 870 1029 940; x_wconf 91' lang='lat' dir='ltr'><strong>de</strong></span> <span class='ocrx_word' id='word_1_15' title='bbox 1048 868 1326 960; x_wconf 81' lang='lat' dir='ltr'><strong>Couyuscha,</strong></span> <span class='ocrx_word' id='word_1_16' title='bbox 1354 873 1450 942; x_wconf 91' lang='lat' dir='ltr'><strong>cuius</strong></span> <span class='ocrx_word' id='word_1_17' title='bbox 1472 872 1637 942; x_wconf 88' lang='lat' dir='ltr'><strong>haeredes</strong></span> <span class='ocrx_word' id='word_1_18' title='bbox 1656 877 1737 942; x_wconf 89' lang='lat' dir='ltr'><strong>suut</strong></span> 
     </span>
     <span class='ocr_line' id='line_1_4' title="bbox 185 989 1777 1082; baseline 0.001 -21"><span class='ocrx_word' id='word_1_19' title='bbox 185 989 247 1061; x_wconf 91' lang='lat' dir='ltr'><strong>filii</strong></span> <span class='ocrx_word' id='word_1_20' title='bbox 270 990 440 1063; x_wconf 87' lang='lat' dir='ltr'><strong>Johannis</strong></span> <span class='ocrx_word' id='word_1_21' title='bbox 467 992 510 1062; x_wconf 92' lang='lat' dir='ltr'><strong>de</strong></span> <span class='ocrx_word' id='word_1_22' title='bbox 537 991 788 1081; x_wconf 82' lang='lat' dir='ltr'><strong>Tnanczyn,</strong></span> <span class='ocrx_word' id='word_1_23' title='bbox 816 989 1001 1069; x_wconf 80' lang='lat' dir='ltr'><strong>Castellani</strong></span> <span class='ocrx_word' id='word_1_24' title='bbox 1019 990 1256 1062; x_wconf 83' lang='lat' dir='ltr'><strong>Cracovieusis</strong></span> <span class='ocrx_word' id='word_1_25' title='bbox 1285 991 1327 1060; x_wconf 97' lang='grc'><strong>(19</strong></span> <span class='ocrx_word' id='word_1_26' title='bbox 1353 992 1459 1061; x_wconf 90' lang='lat' dir='ltr'><strong>annis</strong></span> <span class='ocrx_word' id='word_1_27' title='bbox 1487 991 1735 1082; x_wconf 92' lang='lat' dir='ltr'><strong>Bippenni-</strong></span> <span class='ocrx_word' id='word_1_28' title='bbox 1774 1024 1777 1030; x_wconf 94' lang='lat'>·</span> 
     </span>
     <span class='ocr_line' id='line_1_5' title="bbox 186 1098 1736 1202; baseline 0.001 -21"><span class='ocrx_word' id='word_1_29' title='bbox 186 1132 262 1182; x_wconf 85' lang='lat' dir='ltr'><strong>um.</strong></span> <span class='ocrx_word' id='word_1_30' title='bbox 288 1112 329 1181; x_wconf 92' lang='lat' dir='ltr'><strong>In</strong></span> <span class='ocrx_word' id='word_1_31' title='bbox 356 1132 424 1202; x_wconf 89' lang='lat' dir='ltr'><strong>qua</strong></span> <span class='ocrx_word' id='word_1_32' title='bbox 449 1112 531 1183; x_wconf 90' lang='lat' dir='ltr'><strong>villa</strong></span> <span class='ocrx_word' id='word_1_33' title='bbox 558 1118 639 1182; x_wconf 91' lang='lat' dir='ltr'><strong>sunt</strong></span> <span class='ocrx_word' id='word_1_34' title='bbox 665 1113 813 1202; x_wconf 89' lang='lat' dir='ltr'><strong>quinquo</strong></span> <span class='ocrx_word' id='word_1_35' title='bbox 840 1111 931 1182; x_wconf 90' lang='lat' dir='ltr'><strong>lanei</strong></span> <span class='ocrx_word' id='word_1_36' title='bbox 958 1098 1197 1200; x_wconf 87' lang='lat' dir='ltr'><strong>cmethoualcs,</strong></span> <span class='ocrx_word' id='word_1_37' title='bbox 1225 1102 1267 1182; x_wconf 92' lang='lat' dir='ltr'><strong>de</strong></span> <span class='ocrx_word' id='word_1_38' title='bbox 1295 1110 1418 1201; x_wconf 92' lang='lat' dir='ltr'><strong>quibus</strong></span> <span class='ocrx_word' id='word_1_39' title='bbox 1441 1111 1587 1182; x_wconf 85' lang='lat' dir='ltr'><strong>solvitur</strong></span> <span class='ocrx_word' id='word_1_40' title='bbox 1604 1112 1736 1183; x_wconf 87' lang='lat' dir='ltr'><strong>decima</strong></span> 
     </span>
     <span class='ocr_line' id='line_1_6' title="bbox 185 1213 1736 1325; baseline 0 -24"><span class='ocrx_word' id='word_1_41' title='bbox 185 1232 410 1320; x_wconf 76' lang='lat' dir='ltr'>manipularis</span> <span class='ocrx_word' id='word_1_42' title='bbox 436 1231 651 1325; x_wconf 87' lang='lat' dir='ltr'><strong>praebendae</strong></span> <span class='ocrx_word' id='word_1_43' title='bbox 678 1230 851 1323; x_wconf 83' lang='lat' dir='ltr'><strong>praefatae</strong></span> <span class='ocrx_word' id='word_1_44' title='bbox 878 1238 913 1301; x_wconf 90' lang='lat' dir='ltr'><strong>et</strong></span> <span class='ocrx_word' id='word_1_45' title='bbox 940 1232 1068 1302; x_wconf 91' lang='lat' dir='ltr'><strong>ducunt</strong></span> <span class='ocrx_word' id='word_1_46' title='bbox 1094 1252 1168 1301; x_wconf 91' lang='lat' dir='ltr'><strong>eam</strong></span> <span class='ocrx_word' id='word_1_47' title='bbox 1196 1230 1392 1301; x_wconf 91' lang='lat' dir='ltr'><strong>cmetbones</strong></span> <span class='ocrx_word' id='word_1_48' title='bbox 1410 1213 1560 1321; x_wconf 88' lang='lat' dir='ltr'><strong>propriis</strong></span> <span class='ocrx_word' id='word_1_49' title='bbox 1579 1233 1736 1302; x_wconf 90' lang='lat' dir='ltr'><strong>curribus</strong></span> 
     </span>
     <span class='ocr_line' id='line_1_7' title="bbox 187 1352 1735 1443; baseline 0 -22"><span class='ocrx_word' id='word_1_50' title='bbox 187 1353 223 1421; x_wconf 92' lang='lat' dir='ltr'><strong>in</strong></span> <span class='ocrx_word' id='word_1_51' title='bbox 249 1353 412 1423; x_wconf 91' lang='lat' dir='ltr'><strong>horreum</strong></span> <span class='ocrx_word' id='word_1_52' title='bbox 438 1372 459 1422; x_wconf 88' lang='lat' dir='ltr'><strong>a</strong></span> <span class='ocrx_word' id='word_1_53' title='bbox 485 1353 648 1441; x_wconf 85' lang='lat' dir='ltr'><strong>canonico</strong></span> <span class='ocrx_word' id='word_1_54' title='bbox 676 1352 830 1441; x_wconf 90' lang='lat' dir='ltr'><strong>electum,</strong></span> <span class='ocrx_word' id='word_1_55' title='bbox 856 1357 892 1422; x_wconf 92' lang='lat' dir='ltr'><strong>et</strong></span> <span class='ocrx_word' id='word_1_56' title='bbox 917 1352 1063 1422; x_wconf 88' lang='lat' dir='ltr'><strong>solvitur</strong></span> <span class='ocrx_word' id='word_1_57' title='bbox 1089 1352 1220 1422; x_wconf 89' lang='lat' dir='ltr'><strong>decima</strong></span> <span class='ocrx_word' id='word_1_58' title='bbox 1247 1352 1368 1441; x_wconf 91' lang='lat' dir='ltr'><strong>canapi</strong></span> <span class='ocrx_word' id='word_1_59' title='bbox 1394 1371 1456 1440; x_wconf 91' lang='lat' dir='ltr'><strong>per</strong></span> <span class='ocrx_word' id='word_1_60' title='bbox 1475 1357 1621 1441; x_wconf 90' lang='lat' dir='ltr'><strong>quatuor</strong></span> <span class='ocrx_word' id='word_1_61' title='bbox 1639 1353 1735 1443; x_wconf 88' lang='lat' dir='ltr'><strong>iunc-</strong></span> 
     </span>
     <span class='ocr_line' id='line_1_8' title="bbox 186 1470 1736 1561; baseline 0.001 -20"><span class='ocrx_word' id='word_1_62' title='bbox 186 1477 282 1542; x_wconf 90' lang='lat' dir='ltr'><strong>turas</strong></span> <span class='ocrx_word' id='word_1_63' title='bbox 310 1478 345 1543; x_wconf 92' lang='lat' dir='ltr'><strong>et</strong></span> <span class='ocrx_word' id='word_1_64' title='bbox 371 1473 571 1543; x_wconf 90' lang='lat' dir='ltr'><strong>aestimatur</strong></span> <span class='ocrx_word' id='word_1_65' title='bbox 596 1471 694 1544; x_wconf 87' lang='lat' dir='ltr'><strong>valor</strong></span> <span class='ocrx_word' id='word_1_66' title='bbox 720 1472 871 1543; x_wconf 87' lang='lat' dir='ltr'><strong>decimae</strong></span> <span class='ocrx_word' id='word_1_67' title='bbox 898 1470 1071 1561; x_wconf 83' lang='lat' dir='ltr'><strong>praefatae</strong></span> <span class='ocrx_word' id='word_1_68' title='bbox 1098 1472 1141 1542; x_wconf 91' lang='lat' dir='ltr'><strong>ad</strong></span> <span class='ocrx_word' id='word_1_69' title='bbox 1169 1477 1299 1561; x_wconf 83' lang='lat' dir='ltr'><strong>septem</strong></span> <span class='ocrx_word' id='word_1_70' title='bbox 1325 1490 1468 1541; x_wconf 90' lang='lat' dir='ltr'><strong>marcas.</strong></span> <span class='ocrx_word' id='word_1_71' title='bbox 1493 1472 1581 1542; x_wconf 90' lang='lat' dir='ltr'><strong>Item</strong></span> <span class='ocrx_word' id='word_1_72' title='bbox 1608 1476 1662 1542; x_wconf 91' lang='lat' dir='ltr'><strong>est</strong></span> <span class='ocrx_word' id='word_1_73' title='bbox 1686 1472 1736 1544; x_wconf 91' lang='lat' dir='ltr'><strong>ibi</strong></span> 
     </span>
     <span class='ocr_line' id='line_1_9' title="bbox 107 1581 1829 1683; baseline 0.003 -21"><span class='ocrx_word' id='word_1_74' title='bbox 107 1650 114 1661; x_wconf 88' lang='lat'><em>.</em></span> <span class='ocrx_word' id='word_1_75' title='bbox 188 1592 283 1663; x_wconf 89' lang='lat' dir='ltr'><strong>curia</strong></span> <span class='ocrx_word' id='word_1_76' title='bbox 308 1593 467 1663; x_wconf 89' lang='lat' dir='ltr'><strong>militaris</strong></span> <span class='ocrx_word' id='word_1_77' title='bbox 494 1593 624 1663; x_wconf 90' lang='lat' dir='ltr'><strong>habeus</strong></span> <span class='ocrx_word' id='word_1_78' title='bbox 651 1613 763 1683; x_wconf 81' lang='lat' dir='ltr'><strong>agros,</strong></span> <span class='ocrx_word' id='word_1_79' title='bbox 790 1593 833 1663; x_wconf 90' lang='lat' dir='ltr'><strong>de</strong></span> <span class='ocrx_word' id='word_1_80' title='bbox 861 1593 983 1682; x_wconf 91' lang='lat' dir='ltr'><strong>quibus</strong></span> <span class='ocrx_word' id='word_1_81' title='bbox 1011 1596 1046 1662; x_wconf 91' lang='lat' dir='ltr'><strong>et</strong></span> <span class='ocrx_word' id='word_1_82' title='bbox 1072 1592 1244 1662; x_wconf 88' lang='lat' dir='ltr'><strong>nonnullis</strong></span> <span class='ocrx_word' id='word_1_83' title='bbox 1272 1592 1348 1661; x_wconf 91' lang='lat' dir='ltr'><strong>aliis</strong></span> <span class='ocrx_word' id='word_1_84' title='bbox 1375 1581 1468 1680; x_wconf 79' lang='lat' dir='ltr'><strong>agris</strong></span> <span class='ocrx_word' id='word_1_85' title='bbox 1495 1593 1534 1679; x_wconf 87' lang='lat' dir='ltr'><strong>in</strong></span> <span class='ocrx_word' id='word_1_86' title='bbox 1553 1613 1621 1662; x_wconf 90' lang='lat' dir='ltr'><strong>uua</strong></span> <span class='ocrx_word' id='word_1_87' title='bbox 1638 1597 1736 1683; x_wconf 88' lang='lat' dir='ltr'><strong>parte</strong></span> <span class='ocrx_word' id='word_1_88' title='bbox 1826 1659 1829 1668; x_wconf 94' lang='lat'><em>.</em></span> 
     </span>
     <span class='ocr_line' id='line_1_10' title="bbox 186 1712 1822 1807; baseline 0.001 -25"><span class='ocrx_word' id='word_1_89' title='bbox 186 1714 221 1782; x_wconf 90' lang='lat' dir='ltr'><strong>in</strong></span> <span class='ocrx_word' id='word_1_90' title='bbox 248 1714 421 1784; x_wconf 91' lang='lat' dir='ltr'><strong>montibus</strong></span> <span class='ocrx_word' id='word_1_91' title='bbox 439 1733 559 1784; x_wconf 87' lang='lat' dir='ltr'><strong>versus</strong></span> <span class='ocrx_word' id='word_1_92' title='bbox 587 1713 858 1803; x_wconf 81' lang='lat' dir='ltr'><strong>Gonyuscba</strong></span> <span class='ocrx_word' id='word_1_93' title='bbox 886 1714 971 1802; x_wconf 90' lang='lat' dir='ltr'><strong>sitis,</strong></span> <span class='ocrx_word' id='word_1_94' title='bbox 996 1733 1081 1803; x_wconf 90' lang='lat' dir='ltr'><strong>quos</strong></span> <span class='ocrx_word' id='word_1_95' title='bbox 1100 1713 1296 1783; x_wconf 90' lang='lat' dir='ltr'><strong>cmethoues</strong></span> <span class='ocrx_word' id='word_1_96' title='bbox 1314 1718 1422 1800; x_wconf 79' lang='lat' dir='ltr'><strong>arant,</strong></span> <span class='ocrx_word' id='word_1_97' title='bbox 1442 1712 1587 1783; x_wconf 87' lang='lat' dir='ltr'><strong>solvitur</strong></span> <span class='ocrx_word' id='word_1_98' title='bbox 1605 1713 1736 1784; x_wconf 88' lang='lat' dir='ltr'><strong>decima</strong></span> <span class='ocrx_word' id='word_1_99' title='bbox 1817 1789 1822 1807; x_wconf 60' lang='lat'><strong>,</strong></span> 
     </span>
     <span class='ocr_line' id='line_1_11' title="bbox 186 1831 1398 1922; baseline -0.001 -19"><span class='ocrx_word' id='word_1_100' title='bbox 186 1854 249 1922; x_wconf 92' lang='lat' dir='ltr'><strong>pro</strong></span> <span class='ocrx_word' id='word_1_101' title='bbox 277 1833 434 1904; x_wconf 89' lang='lat' dir='ltr'><strong>altarista</strong></span> <span class='ocrx_word' id='word_1_102' title='bbox 460 1833 579 1905; x_wconf 89' lang='lat' dir='ltr'><strong>altaris</strong></span> <span class='ocrx_word' id='word_1_103' title='bbox 607 1832 723 1903; x_wconf 86' lang='lat' dir='ltr'><strong>Sancti</strong></span> <span class='ocrx_word' id='word_1_104' title='bbox 750 1832 909 1904; x_wconf 86' lang='lat' dir='ltr'><strong>Andreae</strong></span> <span class='ocrx_word' id='word_1_105' title='bbox 936 1834 972 1902; x_wconf 93' lang='lat' dir='ltr'><strong>in</strong></span> <span class='ocrx_word' id='word_1_106' title='bbox 999 1832 1143 1904; x_wconf 91' lang='lat' dir='ltr'><strong>ecclesia</strong></span> <span class='ocrx_word' id='word_1_107' title='bbox 1170 1831 1398 1903; x_wconf 82' lang='lat' dir='ltr'><strong>Gracoviensi.</strong></span> 
     </span>
    </p>

    <p class='ocr_par' dir='ltr' id='par_1_3' title="bbox 128 1951 1837 3363">
     <span class='ocr_line' id='line_1_12' title="bbox 288 1951 1734 2049; baseline 0 -25"><span class='ocrx_word' id='word_1_108' title='bbox 288 1953 376 2026; x_wconf 85' lang='lat' dir='ltr'><strong>Item</strong></span> <span class='ocrx_word' id='word_1_109' title='bbox 412 1953 608 2043; x_wconf 90' lang='lat' dir='ltr'><strong>praebenda</strong></span> <span class='ocrx_word' id='word_1_110' title='bbox 642 1951 796 2042; x_wconf 88' lang='lat' dir='ltr'><strong>praefata</strong></span> <span class='ocrx_word' id='word_1_111' title='bbox 830 1952 1238 2049; x_wconf 83' lang='lat' dir='ltr'><strong>Dziewyathelska</strong></span> <span class='ocrx_word' id='word_1_112' title='bbox 1272 1953 1377 2023; x_wconf 91' lang='lat' dir='ltr'><strong>habet</strong></span> <span class='ocrx_word' id='word_1_113' title='bbox 1409 1953 1734 2025; x_wconf 81' lang='lat' dir='ltr'><strong>sextamdecimam</strong></span> 
     </span>
     <span class='ocr_line' id='line_1_13' title="bbox 185 2056 1734 2164; baseline 0.001 -22"><span class='ocrx_word' id='word_1_114' title='bbox 185 2073 431 2161; x_wconf 89' lang='lat' dir='ltr'><strong>manipularem</strong></span> <span class='ocrx_word' id='word_1_115' title='bbox 458 2074 494 2142; x_wconf 95' lang='lat' dir='ltr'><strong>iu</strong></span> <span class='ocrx_word' id='word_1_116' title='bbox 520 2072 602 2144; x_wconf 87' lang='lat' dir='ltr'><strong>villa</strong></span> <span class='ocrx_word' id='word_1_117' title='bbox 627 2092 735 2162; x_wconf 88' lang='lat' dir='ltr'><strong>parva</strong></span> <span class='ocrx_word' id='word_1_118' title='bbox 762 2070 1072 2164; x_wconf 86' lang='lat' dir='ltr'><strong>Wrouyuyecz</strong></span> <span class='ocrx_word' id='word_1_119' title='bbox 1100 2074 1163 2143; x_wconf 92' lang='lat' dir='ltr'><strong>sub</strong></span> <span class='ocrx_word' id='word_1_120' title='bbox 1190 2072 1354 2162; x_wconf 91' lang='lat' dir='ltr'><strong>parochia</strong></span> <span class='ocrx_word' id='word_1_121' title='bbox 1372 2056 1534 2143; x_wconf 88' lang='lat' dir='ltr'><strong>ecclesiae</strong></span> <span class='ocrx_word' id='word_1_122' title='bbox 1562 2073 1604 2144; x_wconf 91' lang='lat' dir='ltr'><strong>de</strong></span> <span class='ocrx_word' id='word_1_123' title='bbox 1632 2073 1734 2144; x_wconf 82' lang='lat' dir='ltr'><strong>Ozu-</strong></span> 
     </span>
     <span class='ocr_line' id='line_1_14' title="bbox 185 2169 1735 2282; baseline 0.003 -21"><span class='ocrx_word' id='word_1_124' title='bbox 185 2191 311 2280; x_wconf 89' lang='lat' dir='ltr'><strong>lioze,</strong></span> <span class='ocrx_word' id='word_1_125' title='bbox 339 2193 435 2262; x_wconf 89' lang='lat' dir='ltr'><strong>cuius</strong></span> <span class='ocrx_word' id='word_1_126' title='bbox 462 2192 666 2280; x_wconf 72' lang='lat' dir='ltr'><strong>baereditas</strong></span> <span class='ocrx_word' id='word_1_127' title='bbox 692 2169 886 2282; x_wconf 88' lang='lat' dir='ltr'><strong>proprietas</strong></span> <span class='ocrx_word' id='word_1_128' title='bbox 913 2197 949 2262; x_wconf 92' lang='lat' dir='ltr'><strong>et</strong></span> <span class='ocrx_word' id='word_1_129' title='bbox 974 2193 1159 2275; x_wconf 91' lang='lat' dir='ltr'><strong>dominium</strong></span> <span class='ocrx_word' id='word_1_130' title='bbox 1186 2193 1336 2282; x_wconf 85' lang='lat' dir='ltr'><strong>pertinet</strong></span> <span class='ocrx_word' id='word_1_131' title='bbox 1361 2192 1405 2262; x_wconf 91' lang='lat' dir='ltr'><strong>ad</strong></span> <span class='ocrx_word' id='word_1_132' title='bbox 1423 2192 1593 2282; x_wconf 91' lang='lat' dir='ltr'><strong>hospitale</strong></span> <span class='ocrx_word' id='word_1_133' title='bbox 1611 2191 1735 2265; x_wconf 83' lang='lat' dir='ltr'><strong>Craco-</strong></span> 
     </span>
     <span class='ocr_line' id='line_1_15' title="bbox 187 2310 1735 2403; baseline 0.001 -21"><span class='ocrx_word' id='word_1_134' title='bbox 187 2310 303 2382; x_wconf 88' lang='lat' dir='ltr'><strong>vieuse</strong></span> <span class='ocrx_word' id='word_1_135' title='bbox 330 2312 374 2381; x_wconf 90' lang='lat' dir='ltr'><strong>ad</strong></span> <span class='ocrx_word' id='word_1_136' title='bbox 401 2312 474 2381; x_wconf 89' lang='lat' dir='ltr'><strong>eius</strong></span> <span class='ocrx_word' id='word_1_137' title='bbox 501 2311 743 2402; x_wconf 91' lang='lat' dir='ltr'><strong>praepositum.</strong></span> <span class='ocrx_word' id='word_1_138' title='bbox 770 2311 810 2381; x_wconf 91' lang='lat' dir='ltr'><strong>In</strong></span> <span class='ocrx_word' id='word_1_139' title='bbox 830 2332 896 2402; x_wconf 91' lang='lat' dir='ltr'><strong>qua</strong></span> <span class='ocrx_word' id='word_1_140' title='bbox 914 2312 996 2383; x_wconf 89' lang='lat' dir='ltr'><strong>villa</strong></span> <span class='ocrx_word' id='word_1_141' title='bbox 1014 2317 1094 2382; x_wconf 91' lang='lat' dir='ltr'><strong>sunt</strong></span> <span class='ocrx_word' id='word_1_142' title='bbox 1111 2315 1188 2383; x_wconf 89' lang='lat' dir='ltr'><strong>octo</strong></span> <span class='ocrx_word' id='word_1_143' title='bbox 1205 2311 1296 2382; x_wconf 92' lang='lat' dir='ltr'><strong>lanei</strong></span> <span class='ocrx_word' id='word_1_144' title='bbox 1314 2312 1554 2401; x_wconf 85' lang='lat' dir='ltr'><strong>cmethoualcs,</strong></span> <span class='ocrx_word' id='word_1_145' title='bbox 1575 2312 1618 2383; x_wconf 93' lang='lat' dir='ltr'><strong>de</strong></span> <span class='ocrx_word' id='word_1_146' title='bbox 1637 2313 1735 2403; x_wconf 91' lang='lat' dir='ltr'><strong>quin-</strong></span> 
     </span>
     <span class='ocr_line' id='line_1_16' title="bbox 128 2430 1735 2522; baseline 0.002 -21"><span class='ocrx_word' id='word_1_147' title='bbox 128 2510 134 2517; x_wconf 53' lang='grc'><strong><em>,</em></strong></span> <span class='ocrx_word' id='word_1_148' title='bbox 188 2451 253 2520; x_wconf 92' lang='lat' dir='ltr'><strong>que</strong></span> <span class='ocrx_word' id='word_1_149' title='bbox 280 2430 426 2501; x_wconf 84' lang='lat' dir='ltr'><strong>solvitur</strong></span> <span class='ocrx_word' id='word_1_150' title='bbox 452 2432 584 2502; x_wconf 90' lang='lat' dir='ltr'><strong>decima</strong></span> <span class='ocrx_word' id='word_1_151' title='bbox 609 2431 832 2522; x_wconf 87' lang='lat' dir='ltr'><strong>manipularis</strong></span> <span class='ocrx_word' id='word_1_152' title='bbox 858 2432 1073 2521; x_wconf 89' lang='lat' dir='ltr'><strong>praebendae</strong></span> <span class='ocrx_word' id='word_1_153' title='bbox 1092 2431 1274 2520; x_wconf 85' lang='lat' dir='ltr'><strong>praefatae,</strong></span> <span class='ocrx_word' id='word_1_154' title='bbox 1293 2436 1329 2502; x_wconf 92' lang='lat' dir='ltr'><strong>et</strong></span> <span class='ocrx_word' id='word_1_155' title='bbox 1345 2430 1475 2504; x_wconf 92' lang='lat' dir='ltr'><strong>ducunt</strong></span> <span class='ocrx_word' id='word_1_156' title='bbox 1492 2452 1567 2502; x_wconf 93' lang='lat' dir='ltr'><strong>eam</strong></span> <span class='ocrx_word' id='word_1_157' title='bbox 1585 2431 1735 2505; x_wconf 91' lang='lat' dir='ltr'><strong>cmetho-</strong></span> 
     </span>
     <span class='ocr_line' id='line_1_17' title="bbox 186 2551 1744 2642; baseline 0.002 -22"><span class='ocrx_word' id='word_1_158' title='bbox 186 2570 247 2621; x_wconf 91' lang='lat' dir='ltr'><strong>ues</strong></span> <span class='ocrx_word' id='word_1_159' title='bbox 274 2552 424 2642; x_wconf 89' lang='lat' dir='ltr'><strong>propriis</strong></span> <span class='ocrx_word' id='word_1_160' title='bbox 461 2552 617 2637; x_wconf 90' lang='lat' dir='ltr'><strong>curribus</strong></span> <span class='ocrx_word' id='word_1_161' title='bbox 643 2552 680 2623; x_wconf 93' lang='lat' dir='ltr'><strong>in</strong></span> <span class='ocrx_word' id='word_1_162' title='bbox 706 2553 868 2623; x_wconf 91' lang='lat' dir='ltr'><strong>horreum</strong></span> <span class='ocrx_word' id='word_1_163' title='bbox 895 2573 916 2623; x_wconf 90' lang='lat' dir='ltr'><strong>a</strong></span> <span class='ocrx_word' id='word_1_164' title='bbox 942 2553 1104 2623; x_wconf 89' lang='lat' dir='ltr'><strong>canonico</strong></span> <span class='ocrx_word' id='word_1_165' title='bbox 1140 2551 1320 2623; x_wconf 86' lang='lat' dir='ltr'><strong>locandum</strong></span> <span class='ocrx_word' id='word_1_166' title='bbox 1347 2556 1382 2621; x_wconf 90' lang='lat' dir='ltr'><strong>et</strong></span> <span class='ocrx_word' id='word_1_167' title='bbox 1408 2551 1544 2623; x_wconf 86' lang='lat' dir='ltr'><strong>solvunt</strong></span> <span class='ocrx_word' id='word_1_168' title='bbox 1570 2551 1744 2623; x_wconf 91' lang='lat' dir='ltr'><strong>decimam</strong></span> 
     </span>
     <span class='ocr_line' id='line_1_18' title="bbox 190 2661 1837 2762; baseline 0.002 -22"><span class='ocrx_word' id='word_1_169' title='bbox 190 2672 386 2761; x_wconf 91' lang='lat' dir='ltr'><strong>canapalem</strong></span> <span class='ocrx_word' id='word_1_170' title='bbox 412 2692 475 2762; x_wconf 93' lang='lat' dir='ltr'><strong>per</strong></span> <span class='ocrx_word' id='word_1_171' title='bbox 501 2676 648 2762; x_wconf 90' lang='lat' dir='ltr'><strong>quatuor</strong></span> <span class='ocrx_word' id='word_1_172' title='bbox 682 2673 857 2743; x_wconf 90' lang='lat' dir='ltr'><strong>iuncturas</strong></span> <span class='ocrx_word' id='word_1_173' title='bbox 885 2676 920 2742; x_wconf 91' lang='lat' dir='ltr'><strong>et</strong></span> <span class='ocrx_word' id='word_1_174' title='bbox 945 2673 1147 2743; x_wconf 90' lang='lat' dir='ltr'><strong>aestimatur</strong></span> <span class='ocrx_word' id='word_1_175' title='bbox 1173 2671 1270 2742; x_wconf 88' lang='lat' dir='ltr'><strong>valor</strong></span> <span class='ocrx_word' id='word_1_176' title='bbox 1304 2671 1456 2743; x_wconf 84' lang='lat' dir='ltr'><strong>decimae</strong></span> <span class='ocrx_word' id='word_1_177' title='bbox 1491 2661 1665 2761; x_wconf 85' lang='lat' dir='ltr'><strong>praefatae</strong></span> <span class='ocrx_word' id='word_1_178' title='bbox 1691 2672 1735 2744; x_wconf 87' lang='lat' dir='ltr'><strong>ad</strong></span> <span class='ocrx_word' id='word_1_179' title='bbox 1831 2747 1837 2757; x_wconf 76' lang='grc'>,</span> 
     </span>
     <span class='ocr_line' id='line_1_19' title="bbox 186 2791 1735 2882; baseline 0.003 -22"><span class='ocrx_word' id='word_1_180' title='bbox 186 2795 317 2880; x_wconf 87' lang='lat' dir='ltr'><strong>septem</strong></span> <span class='ocrx_word' id='word_1_181' title='bbox 344 2811 497 2880; x_wconf 88' lang='lat' dir='ltr'><strong>marcas;</strong></span> <span class='ocrx_word' id='word_1_182' title='bbox 525 2791 566 2862; x_wconf 93' lang='lat' dir='ltr'><strong>de</strong></span> <span class='ocrx_word' id='word_1_183' title='bbox 587 2791 734 2863; x_wconf 85' lang='lat' dir='ltr'><strong>residuis</strong></span> <span class='ocrx_word' id='word_1_184' title='bbox 752 2813 834 2864; x_wconf 91' lang='lat' dir='ltr'><strong>vero</strong></span> <span class='ocrx_word' id='word_1_185' title='bbox 853 2793 966 2863; x_wconf 88' lang='lat' dir='ltr'><strong>tribus</strong></span> <span class='ocrx_word' id='word_1_186' title='bbox 984 2792 1101 2881; x_wconf 77' lang='lat' dir='ltr'><strong>laneiS,</strong></span> <span class='ocrx_word' id='word_1_187' title='bbox 1131 2793 1259 2881; x_wconf 90' lang='lat' dir='ltr'><strong>campis</strong></span> <span class='ocrx_word' id='word_1_188' title='bbox 1279 2798 1313 2861; x_wconf 86' lang='lat' dir='ltr'><strong>et</strong></span> <span class='ocrx_word' id='word_1_189' title='bbox 1331 2793 1424 2882; x_wconf 86' lang='lat' dir='ltr'><strong>agris</strong></span> <span class='ocrx_word' id='word_1_190' title='bbox 1442 2791 1616 2882; x_wconf 88' lang='lat' dir='ltr'><strong>praefatae</strong></span> <span class='ocrx_word' id='word_1_191' title='bbox 1634 2791 1735 2864; x_wconf 87' lang='lat' dir='ltr'><strong>villae</strong></span> 
     </span>
     <span class='ocr_line' id='line_1_20' title="bbox 185 2911 1735 3002; baseline 0.001 -22"><span class='ocrx_word' id='word_1_192' title='bbox 185 2911 333 3001; x_wconf 85' lang='lat' dir='ltr'><strong>percipit</strong></span> <span class='ocrx_word' id='word_1_193' title='bbox 360 2911 526 2983; x_wconf 91' lang='lat' dir='ltr'><strong>decimam</strong></span> <span class='ocrx_word' id='word_1_194' title='bbox 552 2911 798 3002; x_wconf 88' lang='lat' dir='ltr'><strong>manipularem</strong></span> <span class='ocrx_word' id='word_1_195' title='bbox 823 2912 989 3002; x_wconf 90' lang='lat' dir='ltr'><strong>plebanus</strong></span> <span class='ocrx_word' id='word_1_196' title='bbox 1017 2918 1051 2982; x_wconf 90' lang='lat' dir='ltr'><strong>et</strong></span> <span class='ocrx_word' id='word_1_197' title='bbox 1078 2912 1222 2983; x_wconf 90' lang='lat' dir='ltr'><strong>ecclesia</strong></span> <span class='ocrx_word' id='word_1_198' title='bbox 1248 2911 1290 2983; x_wconf 93' lang='grc'><strong>(19</strong></span> <span class='ocrx_word' id='word_1_199' title='bbox 1317 2911 1539 2983; x_wconf 80' lang='lat' dir='ltr'><strong>Ozulicze.</strong></span> <span class='ocrx_word' id='word_1_200' title='bbox 1571 2912 1619 2982; x_wconf 90' lang='lat' dir='ltr'><strong>Et</strong></span> <span class='ocrx_word' id='word_1_201' title='bbox 1645 2912 1735 2984; x_wconf 91' lang='lat' dir='ltr'><strong>lanei</strong></span> 
     </span>
     <span class='ocr_line' id='line_1_21' title="bbox 187 3031 1736 3122; baseline 0.003 -23"><span class='ocrx_word' id='word_1_202' title='bbox 187 3031 359 3103; x_wconf 88' lang='lat' dir='ltr'><strong>solventes</strong></span> <span class='ocrx_word' id='word_1_203' title='bbox 377 3031 522 3121; x_wconf 89' lang='lat' dir='ltr'><strong>plebano</strong></span> <span class='ocrx_word' id='word_1_204' title='bbox 542 3032 707 3103; x_wconf 89' lang='lat' dir='ltr'><strong>decimam</strong></span> <span class='ocrx_word' id='word_1_205' title='bbox 725 3033 950 3103; x_wconf 87' lang='lat' dir='ltr'><strong>aestimantur</strong></span> <span class='ocrx_word' id='word_1_206' title='bbox 968 3033 1012 3103; x_wconf 93' lang='lat' dir='ltr'><strong>ad</strong></span> <span class='ocrx_word' id='word_1_207' title='bbox 1030 3037 1102 3103; x_wconf 88' lang='lat' dir='ltr'><strong>tres</strong></span> <span class='ocrx_word' id='word_1_208' title='bbox 1119 3032 1247 3121; x_wconf 90' lang='lat' dir='ltr'><strong>laneos,</strong></span> <span class='ocrx_word' id='word_1_209' title='bbox 1266 3033 1324 3122; x_wconf 90' lang='lat' dir='ltr'><strong>qui</strong></span> <span class='ocrx_word' id='word_1_210' title='bbox 1343 3032 1512 3122; x_wconf 90' lang='lat' dir='ltr'><strong>quondam</strong></span> <span class='ocrx_word' id='word_1_211' title='bbox 1531 3037 1629 3103; x_wconf 85' lang='lat' dir='ltr'><strong>erant</strong></span> <span class='ocrx_word' id='word_1_212' title='bbox 1646 3032 1736 3103; x_wconf 90' lang='lat' dir='ltr'><strong>lanei</strong></span> 
     </span>
     <span class='ocr_line' id='line_1_22' title="bbox 186 3147 1735 3244; baseline 0 -21"><span class='ocrx_word' id='word_1_213' title='bbox 186 3151 350 3224; x_wconf 89' lang='lat' dir='ltr'><strong>nobilium</strong></span> <span class='ocrx_word' id='word_1_214' title='bbox 378 3153 584 3243; x_wconf 75' lang='lat' dir='ltr'><strong>praedialeS,</strong></span> <span class='ocrx_word' id='word_1_215' title='bbox 612 3159 666 3224; x_wconf 92' lang='lat' dir='ltr'><strong>est</strong></span> <span class='ocrx_word' id='word_1_216' title='bbox 693 3155 797 3223; x_wconf 87' lang='lat' dir='ltr'><strong>etiam</strong></span> <span class='ocrx_word' id='word_1_217' title='bbox 814 3147 873 3224; x_wconf 83' lang='lat' dir='ltr'><strong>&#39;ibi</strong></span> <span class='ocrx_word' id='word_1_218' title='bbox 900 3152 1077 3244; x_wconf 90' lang='lat' dir='ltr'><strong>praedium</strong></span> <span class='ocrx_word' id='word_1_219' title='bbox 1105 3152 1311 3241; x_wconf 86' lang='lat' dir='ltr'><strong>coenobiale,</strong></span> <span class='ocrx_word' id='word_1_220' title='bbox 1338 3153 1468 3225; x_wconf 91' lang='lat' dir='ltr'><strong>babens</strong></span> <span class='ocrx_word' id='word_1_221' title='bbox 1495 3173 1616 3242; x_wconf 82' lang='lat' dir='ltr'><strong>agros,</strong></span> <span class='ocrx_word' id='word_1_222' title='bbox 1644 3152 1735 3242; x_wconf 90' lang='lat' dir='ltr'><strong>quod</strong></span> 
     </span>
     <span class='ocr_line' id='line_1_23' title="bbox 186 3272 1675 3363; baseline 0 -20"><span class='ocrx_word' id='word_1_223' title='bbox 186 3272 269 3343; x_wconf 94' lang='lat' dir='ltr'><strong>nulli</strong></span> <span class='ocrx_word' id='word_1_224' title='bbox 297 3272 401 3344; x_wconf 91' lang='lat' dir='ltr'><strong>solvit</strong></span> <span class='ocrx_word' id='word_1_225' title='bbox 428 3272 603 3363; x_wconf 89' lang='lat' dir='ltr'><strong>decimam,</strong></span> <span class='ocrx_word' id='word_1_226' title='bbox 630 3274 793 3346; x_wconf 92' lang='lat' dir='ltr'><strong>sedeam</strong></span> <span class='ocrx_word' id='word_1_227' title='bbox 820 3295 883 3363; x_wconf 88' lang='lat' dir='ltr'><strong>pro</strong></span> <span class='ocrx_word' id='word_1_228' title='bbox 911 3295 948 3343; x_wconf 92' lang='lat' dir='ltr'><strong>se</strong></span> <span class='ocrx_word' id='word_1_229' title='bbox 974 3274 1067 3345; x_wconf 88' lang='lat' dir='ltr'><strong>tollit</strong></span> <span class='ocrx_word' id='word_1_230' title='bbox 1094 3278 1128 3344; x_wconf 90' lang='lat' dir='ltr'><strong>et</strong></span> <span class='ocrx_word' id='word_1_231' title='bbox 1155 3275 1190 3344; x_wconf 91' lang='lat' dir='ltr'><strong>in</strong></span> <span class='ocrx_word' id='word_1_232' title='bbox 1217 3274 1379 3344; x_wconf 93' lang='lat' dir='ltr'><strong>horreum</strong></span> <span class='ocrx_word' id='word_1_233' title='bbox 1408 3294 1506 3344; x_wconf 93' lang='lat' dir='ltr'><strong>suum</strong></span> <span class='ocrx_word' id='word_1_234' title='bbox 1533 3272 1675 3344; x_wconf 76' lang='lat' dir='ltr'><strong>inducit</strong></span> 
     </span>
    </p>

    <p class='ocr_par' dir='ltr' id='par_1_4' title="bbox 112 3392 1819 4930">
     <span class='ocr_line' id='line_1_24' title="bbox 288 3392 1736 3485; baseline 0.001 -22"><span class='ocrx_word' id='word_1_235' title='bbox 288 3392 375 3464; x_wconf 92' lang='lat' dir='ltr'><strong>ltem</strong></span> <span class='ocrx_word' id='word_1_236' title='bbox 402 3393 555 3484; x_wconf 88' lang='lat' dir='ltr'><strong>praefata</strong></span> <span class='ocrx_word' id='word_1_237' title='bbox 580 3393 776 3483; x_wconf 87' lang='lat' dir='ltr'><strong>praebenda</strong></span> <span class='ocrx_word' id='word_1_238' title='bbox 802 3394 907 3464; x_wconf 91' lang='lat' dir='ltr'><strong>habet</strong></span> <span class='ocrx_word' id='word_1_239' title='bbox 933 3393 1113 3485; x_wconf 89' lang='lat' dir='ltr'><strong>septimam</strong></span> <span class='ocrx_word' id='word_1_240' title='bbox 1140 3394 1304 3465; x_wconf 91' lang='lat' dir='ltr'><strong>decimam</strong></span> <span class='ocrx_word' id='word_1_241' title='bbox 1332 3394 1577 3483; x_wconf 89' lang='lat' dir='ltr'><strong>manipularem</strong></span> <span class='ocrx_word' id='word_1_242' title='bbox 1600 3393 1736 3464; x_wconf 83' lang='lat' dir='ltr'><strong>invilla</strong></span> 
     </span>
     <span class='ocr_line' id='line_1_25' title="bbox 185 3501 1819 3604; baseline 0.002 -21"><span class='ocrx_word' id='word_1_243' title='bbox 185 3512 312 3584; x_wconf 88' lang='lat' dir='ltr'><strong>Wola</strong></span> <span class='ocrx_word' id='word_1_244' title='bbox 338 3512 585 3603; x_wconf 85' lang='lat' dir='ltr'><strong>Chelmska,</strong></span> <span class='ocrx_word' id='word_1_245' title='bbox 604 3535 710 3604; x_wconf 92' lang='lat' dir='ltr'><strong>prope</strong></span> <span class='ocrx_word' id='word_1_246' title='bbox 729 3513 993 3585; x_wconf 87' lang='lat' dir='ltr'><strong>Oracoviam</strong></span> <span class='ocrx_word' id='word_1_247' title='bbox 1020 3515 1084 3584; x_wconf 91' lang='lat' dir='ltr'><strong>sub</strong></span> <span class='ocrx_word' id='word_1_248' title='bbox 1103 3514 1266 3603; x_wconf 91' lang='lat' dir='ltr'><strong>parochia</strong></span> <span class='ocrx_word' id='word_1_249' title='bbox 1278 3515 1477 3584; x_wconf 90' lang='lat' dir='ltr'><strong>monasterii</strong></span> <span class='ocrx_word' id='word_1_250' title='bbox 1492 3501 1622 3585; x_wconf 89' lang='lat' dir='ltr'><strong>ordinis</strong></span> <span class='ocrx_word' id='word_1_251' title='bbox 1635 3533 1735 3603; x_wconf 91' lang='lat' dir='ltr'><strong>prae-</strong></span> <span class='ocrx_word' id='word_1_252' title='bbox 1810 3571 1819 3587; x_wconf 73' lang='grc'>,</span> 
     </span>
     <span class='ocr_line' id='line_1_26' title="bbox 186 3631 1734 3723; baseline 0 -19"><span class='ocrx_word' id='word_1_253' title='bbox 186 3635 487 3717; x_wconf 89' lang='lat' dir='ltr'><strong>monstratensium</strong></span> <span class='ocrx_word' id='word_1_254' title='bbox 514 3634 556 3704; x_wconf 92' lang='lat' dir='ltr'><strong>de</strong></span> <span class='ocrx_word' id='word_1_255' title='bbox 582 3633 954 3723; x_wconf 75' lang='lat' dir='ltr'><strong>zwyerzynyecz‚</strong></span> <span class='ocrx_word' id='word_1_256' title='bbox 983 3635 1078 3711; x_wconf 86' lang='lat' dir='ltr'><strong>cuius</strong></span> <span class='ocrx_word' id='word_1_257' title='bbox 1097 3633 1198 3723; x_wconf 89' lang='lat' dir='ltr'><strong>villae</strong></span> <span class='ocrx_word' id='word_1_258' title='bbox 1225 3634 1346 3705; x_wconf 91' lang='lat' dir='ltr'><strong>haeres</strong></span> <span class='ocrx_word' id='word_1_259' title='bbox 1374 3639 1428 3704; x_wconf 93' lang='lat' dir='ltr'><strong>cst</strong></span> <span class='ocrx_word' id='word_1_260' title='bbox 1454 3632 1663 3705; x_wconf 91' lang='lat' dir='ltr'><strong>Predborius</strong></span> <span class='ocrx_word' id='word_1_261' title='bbox 1691 3631 1734 3704; x_wconf 91' lang='lat' dir='ltr'><strong>de</strong></span> 
     </span>
     <span class='ocr_line' id='line_1_27' title="bbox 185 3752 1734 3846; baseline -0.001 -21"><span class='ocrx_word' id='word_1_262' title='bbox 185 3753 563 3846; x_wconf 85' lang='lat' dir='ltr'><strong>Konyeczpolye,‘</strong></span> <span class='ocrx_word' id='word_1_263' title='bbox 578 3753 702 3825; x_wconf 90' lang='lat' dir='ltr'><strong>nobilis</strong></span> <span class='ocrx_word' id='word_1_264' title='bbox 724 3753 766 3824; x_wconf 93' lang='lat' dir='ltr'><strong>de</strong></span> <span class='ocrx_word' id='word_1_265' title='bbox 785 3753 885 3824; x_wconf 95' lang='lat' dir='ltr'><strong>domo</strong></span> <span class='ocrx_word' id='word_1_266' title='bbox 913 3752 1133 3825; x_wconf 90' lang='lat' dir='ltr'><strong>Pobodze.</strong></span> <span class='ocrx_word' id='word_1_267' title='bbox 1160 3754 1200 3824; x_wconf 93' lang='lat' dir='ltr'><strong>In</strong></span> <span class='ocrx_word' id='word_1_268' title='bbox 1219 3774 1286 3845; x_wconf 93' lang='lat' dir='ltr'><strong>qua</strong></span> <span class='ocrx_word' id='word_1_269' title='bbox 1305 3754 1441 3844; x_wconf 90' lang='lat' dir='ltr'><strong>quidem</strong></span> <span class='ocrx_word' id='word_1_270' title='bbox 1459 3753 1540 3826; x_wconf 88' lang='lat' dir='ltr'><strong>villa</strong></span> <span class='ocrx_word' id='word_1_271' title='bbox 1559 3758 1639 3824; x_wconf 88' lang='lat' dir='ltr'><strong>sunt</strong></span> <span class='ocrx_word' id='word_1_272' title='bbox 1656 3758 1734 3824; x_wconf 88' lang='lat' dir='ltr'><strong>octo</strong></span> 
     </span>
     <span class='ocr_line' id='line_1_28' title="bbox 185 3873 1735 3968; baseline 0.001 -24"><span class='ocrx_word' id='word_1_273' title='bbox 185 3874 276 3946; x_wconf 84' lang='lat' dir='ltr'><strong>la&#39;uei</strong></span> <span class='ocrx_word' id='word_1_274' title='bbox 301 3875 541 3964; x_wconf 89' lang='lat' dir='ltr'><strong>cmethoualcs,</strong></span> <span class='ocrx_word' id='word_1_275' title='bbox 559 3874 602 3945; x_wconf 93' lang='lat' dir='ltr'><strong>de</strong></span> <span class='ocrx_word' id='word_1_276' title='bbox 621 3873 752 3965; x_wconf 37' lang='lat' dir='ltr'><strong>quibus,</strong></span> <span class='ocrx_word' id='word_1_277' title='bbox 763 3875 909 3946; x_wconf 89' lang='lat' dir='ltr'><strong>solvitur</strong></span> <span class='ocrx_word' id='word_1_278' title='bbox 926 3874 1058 3945; x_wconf 87' lang='lat' dir='ltr'><strong>decima</strong></span> <span class='ocrx_word' id='word_1_279' title='bbox 1075 3873 1297 3964; x_wconf 90' lang='lat' dir='ltr'><strong>manipularis</strong></span> <span class='ocrx_word' id='word_1_280' title='bbox 1320 3873 1535 3965; x_wconf 90' lang='lat' dir='ltr'><strong>praebendae</strong></span> <span class='ocrx_word' id='word_1_281' title='bbox 1552 3874 1735 3968; x_wconf 86' lang='lat' dir='ltr'><strong>praefatae,</strong></span> 
     </span>
     <span class='ocr_line' id='line_1_29' title="bbox 186 3982 1734 4087; baseline 0.003 -21"><span class='ocrx_word' id='word_1_282' title='bbox 186 4002 221 4066; x_wconf 91' lang='lat' dir='ltr'><strong>et</strong></span> <span class='ocrx_word' id='word_1_283' title='bbox 246 4002 408 4067; x_wconf 91' lang='lat' dir='ltr'><strong>tenentur</strong></span> <span class='ocrx_word' id='word_1_284' title='bbox 434 4017 507 4067; x_wconf 90' lang='lat' dir='ltr'><strong>eam</strong></span> <span class='ocrx_word' id='word_1_285' title='bbox 535 3996 733 4067; x_wconf 86' lang='lat' dir='ltr'><strong>cmethones</strong></span> <span class='ocrx_word' id='word_1_286' title='bbox 760 3996 885 4067; x_wconf 90' lang='lat' dir='ltr'><strong>ducere</strong></span> <span class='ocrx_word' id='word_1_287' title='bbox 912 3996 1062 4087; x_wconf 87' lang='lat' dir='ltr'><strong>propriis</strong></span> <span class='ocrx_word' id='word_1_288' title='bbox 1089 3996 1247 4066; x_wconf 89' lang='lat' dir='ltr'><strong>curribus</strong></span> <span class='ocrx_word' id='word_1_289' title='bbox 1274 3997 1309 4065; x_wconf 92' lang='lat' dir='ltr'><strong>in</strong></span> <span class='ocrx_word' id='word_1_290' title='bbox 1336 3996 1497 4066; x_wconf 87' lang='lat' dir='ltr'><strong>borreum</strong></span> <span class='ocrx_word' id='word_1_291' title='bbox 1524 4018 1545 4067; x_wconf 92' lang='lat' dir='ltr'><strong>a</strong></span> <span class='ocrx_word' id='word_1_292' title='bbox 1571 3982 1734 4071; x_wconf 77' lang='lat' dir='ltr'><strong>canonico</strong></span> 
     </span>
     <span class='ocr_line' id='line_1_30' title="bbox 186 4102 1736 4207; baseline 0.003 -20"><span class='ocrx_word' id='word_1_293' title='bbox 186 4116 413 4207; x_wconf 82' lang='lat' dir='ltr'><strong>deligendum,</strong></span> <span class='ocrx_word' id='word_1_294' title='bbox 441 4122 476 4188; x_wconf 90' lang='lat' dir='ltr'><strong>et</strong></span> <span class='ocrx_word' id='word_1_295' title='bbox 503 4117 641 4188; x_wconf 87' lang='lat' dir='ltr'><strong>solvunt</strong></span> <span class='ocrx_word' id='word_1_296' title='bbox 668 4116 834 4207; x_wconf 89' lang='lat' dir='ltr'><strong>decimam</strong></span> <span class='ocrx_word' id='word_1_297' title='bbox 862 4118 982 4206; x_wconf 90' lang='lat' dir='ltr'><strong>canapi</strong></span> <span class='ocrx_word' id='word_1_298' title='bbox 1008 4137 1071 4206; x_wconf 89' lang='lat' dir='ltr'><strong>por</strong></span> <span class='ocrx_word' id='word_1_299' title='bbox 1098 4121 1244 4205; x_wconf 90' lang='lat' dir='ltr'><strong>quatuor</strong></span> <span class='ocrx_word' id='word_1_300' title='bbox 1270 4117 1446 4187; x_wconf 89' lang='lat' dir='ltr'><strong>iuncturas</strong></span> <span class='ocrx_word' id='word_1_301' title='bbox 1474 4124 1509 4188; x_wconf 91' lang='lat' dir='ltr'><strong>et</strong></span> <span class='ocrx_word' id='word_1_302' title='bbox 1534 4102 1736 4191; x_wconf 88' lang='lat' dir='ltr'><strong>aestimatur</strong></span> 
     </span>
     <span class='ocr_line' id='line_1_31' title="bbox 185 4235 1735 4312; baseline 0.005 -6"><span class='ocrx_word' id='word_1_303' title='bbox 185 4236 282 4308; x_wconf 86' lang='lat' dir='ltr'><strong>valor</strong></span> <span class='ocrx_word' id='word_1_304' title='bbox 309 4238 459 4308; x_wconf 90' lang='lat' dir='ltr'><strong>decimae</strong></span> <span class='ocrx_word' id='word_1_305' title='bbox 485 4238 529 4308; x_wconf 91' lang='lat' dir='ltr'><strong>ad</strong></span> <span class='ocrx_word' id='word_1_306' title='bbox 557 4243 634 4309; x_wconf 89' lang='lat' dir='ltr'><strong>octo</strong></span> <span class='ocrx_word' id='word_1_307' title='bbox 663 4258 803 4309; x_wconf 85' lang='lat' dir='ltr'><strong>marcas</strong></span> <span class='ocrx_word' id='word_1_308' title='bbox 830 4237 918 4306; x_wconf 90' lang='lat' dir='ltr'><strong>Item</strong></span> <span class='ocrx_word' id='word_1_309' title='bbox 945 4238 980 4306; x_wconf 95' lang='lat' dir='ltr'><strong>in</strong></span> <span class='ocrx_word' id='word_1_310' title='bbox 1007 4235 1125 4306; x_wconf 87' lang='lat' dir='ltr'><strong>eadem</strong></span> <span class='ocrx_word' id='word_1_311' title='bbox 1144 4236 1225 4307; x_wconf 87' lang='lat' dir='ltr'><strong>villa</strong></span> <span class='ocrx_word' id='word_1_312' title='bbox 1244 4243 1297 4307; x_wconf 90' lang='lat' dir='ltr'><strong>est</strong></span> <span class='ocrx_word' id='word_1_313' title='bbox 1315 4238 1409 4309; x_wconf 88' lang='lat' dir='ltr'><strong>curia</strong></span> <span class='ocrx_word' id='word_1_314' title='bbox 1427 4239 1586 4310; x_wconf 92' lang='lat' dir='ltr'><strong>militaris</strong></span> <span class='ocrx_word' id='word_1_315' title='bbox 1605 4241 1735 4312; x_wconf 89' lang='lat' dir='ltr'><strong>babens</strong></span> 
     </span>
     <span class='ocr_line' id='line_1_32' title="bbox 185 4346 1734 4450; baseline 0.002 -23"><span class='ocrx_word' id='word_1_316' title='bbox 185 4378 288 4447; x_wconf 87' lang='lat' dir='ltr'><strong>agros</strong></span> <span class='ocrx_word' id='word_1_317' title='bbox 314 4346 524 4448; x_wconf 81' lang='lat' dir='ltr'><strong>praediales,</strong></span> <span class='ocrx_word' id='word_1_318' title='bbox 551 4360 636 4429; x_wconf 86' lang='lat' dir='ltr'><strong>item</strong></span> <span class='ocrx_word' id='word_1_319' title='bbox 662 4379 730 4428; x_wconf 91' lang='lat' dir='ltr'><strong>uua</strong></span> <span class='ocrx_word' id='word_1_320' title='bbox 756 4356 917 4447; x_wconf 87' lang='lat' dir='ltr'><strong>taberna,</strong></span> <span class='ocrx_word' id='word_1_321' title='bbox 953 4358 1034 4428; x_wconf 92' lang='lat' dir='ltr'><strong>item</strong></span> <span class='ocrx_word' id='word_1_322' title='bbox 1061 4377 1165 4428; x_wconf 93' lang='lat' dir='ltr'><strong>unum</strong></span> <span class='ocrx_word' id='word_1_323' title='bbox 1193 4358 1442 4448; x_wconf 91' lang='lat' dir='ltr'><strong>molendinum,</strong></span> <span class='ocrx_word' id='word_1_324' title='bbox 1478 4361 1560 4431; x_wconf 90' lang='lat' dir='ltr'><strong>item</strong></span> <span class='ocrx_word' id='word_1_325' title='bbox 1588 4367 1734 4450; x_wconf 91' lang='lat' dir='ltr'><strong>quatuor</strong></span> 
     </span>
     <span class='ocr_line' id='line_1_33' title="bbox 112 4477 1733 4570; baseline 0.001 -22"><span class='ocrx_word' id='word_1_326' title='bbox 112 4505 114 4509; x_wconf 47' lang='lat'><em>⁷</em></span> <span class='ocrx_word' id='word_1_327' title='bbox 185 4477 399 4549; x_wconf 87' lang='lat' dir='ltr'><strong>hortulauiae</strong></span> <span class='ocrx_word' id='word_1_328' title='bbox 427 4479 593 4550; x_wconf 90' lang='lat' dir='ltr'><strong>habentes</strong></span> <span class='ocrx_word' id='word_1_329' title='bbox 620 4499 742 4568; x_wconf 79' lang='lat' dir='ltr'><strong>agros,</strong></span> <span class='ocrx_word' id='word_1_330' title='bbox 776 4479 817 4548; x_wconf 90' lang='lat' dir='ltr'><strong>de</strong></span> <span class='ocrx_word' id='word_1_331' title='bbox 846 4478 969 4568; x_wconf 91' lang='lat' dir='ltr'><strong>quibus</strong></span> <span class='ocrx_word' id='word_1_332' title='bbox 997 4477 1153 4548; x_wconf 92' lang='lat' dir='ltr'><strong>omnibus</strong></span> <span class='ocrx_word' id='word_1_333' title='bbox 1182 4479 1328 4550; x_wconf 88' lang='lat' dir='ltr'><strong>solvitur</strong></span> <span class='ocrx_word' id='word_1_334' title='bbox 1354 4480 1485 4550; x_wconf 88' lang='lat' dir='ltr'><strong>decima</strong></span> <span class='ocrx_word' id='word_1_335' title='bbox 1511 4481 1733 4570; x_wconf 91' lang='lat' dir='ltr'><strong>manipularis</strong></span> 
     </span>
     <span class='ocr_line' id='line_1_34' title="bbox 185 4597 1733 4690; baseline 0.002 -23"><span class='ocrx_word' id='word_1_336' title='bbox 185 4598 400 4689; x_wconf 90' lang='lat' dir='ltr'><strong>praebendae</strong></span> <span class='ocrx_word' id='word_1_337' title='bbox 427 4606 462 4670; x_wconf 92' lang='lat' dir='ltr'><strong>et</strong></span> <span class='ocrx_word' id='word_1_338' title='bbox 487 4598 735 4689; x_wconf 85' lang='lat' dir='ltr'><strong>praebendario</strong></span> <span class='ocrx_word' id='word_1_339' title='bbox 763 4597 880 4669; x_wconf 83' lang='lat' dir='ltr'><strong>Sancti</strong></span> <span class='ocrx_word' id='word_1_340' title='bbox 897 4598 1042 4669; x_wconf 89' lang='lat' dir='ltr'><strong>Martini</strong></span> <span class='ocrx_word' id='word_1_341' title='bbox 1061 4600 1096 4669; x_wconf 93' lang='lat' dir='ltr'><strong>iu</strong></span> <span class='ocrx_word' id='word_1_342' title='bbox 1124 4598 1359 4690; x_wconf 83' lang='lat' dir='ltr'><strong>Cracovia,</strong></span> <span class='ocrx_word' id='word_1_343' title='bbox 1385 4601 1654 4690; x_wconf 89' lang='lat' dir='ltr'><strong>praebendarius</strong></span> <span class='ocrx_word' id='word_1_344' title='bbox 1673 4621 1733 4671; x_wconf 91' lang='lat' dir='ltr'><strong>au-</strong></span> 
     </span>
     <span class='ocr_line' id='line_1_35' title="bbox 185 4719 1733 4811; baseline 0 -21"><span class='ocrx_word' id='word_1_345' title='bbox 185 4724 255 4790; x_wconf 90' lang='lat' dir='ltr'><strong>tem</strong></span> <span class='ocrx_word' id='word_1_346' title='bbox 280 4719 455 4809; x_wconf 88' lang='lat' dir='ltr'><strong>praefatus</strong></span> <span class='ocrx_word' id='word_1_347' title='bbox 483 4721 662 4810; x_wconf 89' lang='lat' dir='ltr'><strong>occupavit</strong></span> <span class='ocrx_word' id='word_1_348' title='bbox 688 4740 846 4809; x_wconf 82' lang='lat' dir='ltr'><strong>magnam</strong></span> <span class='ocrx_word' id='word_1_349' title='bbox 864 4725 997 4809; x_wconf 88' lang='lat' dir='ltr'><strong>partem</strong></span> <span class='ocrx_word' id='word_1_350' title='bbox 1017 4721 1167 4791; x_wconf 90' lang='lat' dir='ltr'><strong>decimae</strong></span> <span class='ocrx_word' id='word_1_351' title='bbox 1185 4720 1359 4811; x_wconf 90' lang='lat' dir='ltr'><strong>praefatae</strong></span> <span class='ocrx_word' id='word_1_352' title='bbox 1386 4727 1421 4792; x_wconf 93' lang='lat' dir='ltr'><strong>et</strong></span> <span class='ocrx_word' id='word_1_353' title='bbox 1440 4722 1506 4792; x_wconf 91' lang='lat' dir='ltr'><strong>sibi</strong></span> <span class='ocrx_word' id='word_1_354' title='bbox 1524 4721 1616 4791; x_wconf 90' lang='lat' dir='ltr'><strong>illam</strong></span> <span class='ocrx_word' id='word_1_355' title='bbox 1634 4741 1733 4791; x_wconf 92' lang='lat' dir='ltr'><strong>usur-</strong></span> 
     </span>
     <span class='ocr_line' id='line_1_36' title="bbox 187 4840 1191 4930; baseline 0.002 -21"><span class='ocrx_word' id='word_1_356' title='bbox 187 4846 248 4930; x_wconf 93' lang='lat' dir='ltr'><strong>pat</strong></span> <span class='ocrx_word' id='word_1_357' title='bbox 274 4861 337 4930; x_wconf 87' lang='lat' dir='ltr'><strong>per</strong></span> <span class='ocrx_word' id='word_1_358' title='bbox 363 4841 668 4925; x_wconf 89' lang='lat' dir='ltr'><strong>dissimulationem</strong></span> <span class='ocrx_word' id='word_1_359' title='bbox 695 4846 730 4911; x_wconf 88' lang='lat' dir='ltr'><strong>et</strong></span> <span class='ocrx_word' id='word_1_360' title='bbox 757 4840 1000 4930; x_wconf 80' lang='lat' dir='ltr'><strong>negligentiam</strong></span> <span class='ocrx_word' id='word_1_361' title='bbox 1028 4842 1191 4913; x_wconf 90' lang='lat' dir='ltr'><strong>canonici.</strong></span> 
     </span>
    </p>
   </div>
   <div class='ocr_carea' id='block_1_3' title="bbox 288 4955 1911 5053">
    <p class='ocr_par' dir='ltr' id='par_1_5' title="bbox 288 4955 1911 5053">
     <span class='ocr_line' id='line_1_37' title="bbox 288 4955 1911 5053; baseline 0.004 -22"><span class='ocrx_word' id='word_1_362' title='bbox 288 4962 374 5031; x_wconf 89' lang='lat' dir='ltr'><strong>Item</strong></span> <span class='ocrx_word' id='word_1_363' title='bbox 400 4960 554 5051; x_wconf 87' lang='lat' dir='ltr'><strong>praefata</strong></span> <span class='ocrx_word' id='word_1_364' title='bbox 580 4955 776 5052; x_wconf 88' lang='lat' dir='ltr'><strong>praebenda</strong></span> <span class='ocrx_word' id='word_1_365' title='bbox 800 4961 907 5033; x_wconf 89' lang='lat' dir='ltr'><strong>habet</strong></span> <span class='ocrx_word' id='word_1_366' title='bbox 933 4967 1089 5033; x_wconf 83' lang='lat' dir='ltr'><strong>octavam</strong></span> <span class='ocrx_word' id='word_1_367' title='bbox 1126 4963 1371 5053; x_wconf 90' lang='lat' dir='ltr'><strong>manipularem</strong></span> <span class='ocrx_word' id='word_1_368' title='bbox 1398 4962 1563 5034; x_wconf 87' lang='lat' dir='ltr'><strong>decimam</strong></span> <span class='ocrx_word' id='word_1_369' title='bbox 1590 4963 1625 5033; x_wconf 91' lang='lat' dir='ltr'><strong>in</strong></span> <span class='ocrx_word' id='word_1_370' title='bbox 1652 4961 1734 5035; x_wconf 87' lang='lat' dir='ltr'><strong>villa</strong></span> <span class='ocrx_word' id='word_1_371' title='bbox 1796 4983 1800 4989; x_wconf 86' lang='grc'><em>·</em></span> <span class='ocrx_word' id='word_1_372' title='bbox 1895 4967 1911 5048; x_wconf 64' lang='grc' dir='ltr'>ζ</span> 
     </span>
    </p>
   </div>
   <div class='ocr_carea' id='block_1_4' title="bbox 184 5070 1735 5550">
    <p class='ocr_par' dir='ltr' id='par_1_6' title="bbox 184 5070 1735 5550">
     <span class='ocr_line' id='line_1_38' title="bbox 186 5070 1735 5175; baseline 0.002 -24"><span class='ocrx_word' id='word_1_373' title='bbox 186 5076 272 5153; x_wconf 87' lang='lat' dir='ltr'><strong>Che</strong></span> <span class='ocrx_word' id='word_1_374' title='bbox 288 5082 343 5152; x_wconf 96' lang='lat' dir='ltr'><strong>lm</strong></span> <span class='ocrx_word' id='word_1_375' title='bbox 371 5103 477 5173; x_wconf 92' lang='lat' dir='ltr'><strong>prope</strong></span> <span class='ocrx_word' id='word_1_376' title='bbox 505 5081 773 5155; x_wconf 83' lang='lat' dir='ltr'><strong>Cracoviam</strong></span> <span class='ocrx_word' id='word_1_377' title='bbox 800 5082 864 5154; x_wconf 90' lang='lat' dir='ltr'><strong>sub</strong></span> <span class='ocrx_word' id='word_1_378' title='bbox 891 5084 1055 5174; x_wconf 89' lang='lat' dir='ltr'><strong>parochia</strong></span> <span class='ocrx_word' id='word_1_379' title='bbox 1082 5085 1185 5154; x_wconf 93' lang='lat' dir='ltr'><strong>etiam</strong></span> <span class='ocrx_word' id='word_1_380' title='bbox 1211 5085 1411 5155; x_wconf 88' lang='lat' dir='ltr'><strong>monasterii</strong></span> <span class='ocrx_word' id='word_1_381' title='bbox 1438 5083 1488 5154; x_wconf 89' lang='grc'><strong>(19</strong></span> <span class='ocrx_word' id='word_1_382' title='bbox 1506 5070 1735 5175; x_wconf 78' lang='lat' dir='ltr'><strong>Zwy&#39;erzy·</strong></span> 
     </span>
     <span class='ocr_line' id='line_1_39' title="bbox 185 5202 1733 5296; baseline 0.003 -25"><span class='ocrx_word' id='word_1_383' title='bbox 185 5223 333 5293; x_wconf 88' lang='lat' dir='ltr'><strong>nyecz,</strong></span> <span class='ocrx_word' id='word_1_384' title='bbox 361 5205 457 5274; x_wconf 90' lang='lat' dir='ltr'><strong>cuius</strong></span> <span class='ocrx_word' id='word_1_385' title='bbox 484 5204 605 5274; x_wconf 88' lang='lat' dir='ltr'><strong>baeres</strong></span> <span class='ocrx_word' id='word_1_386' title='bbox 629 5209 687 5274; x_wconf 89' lang='lat' dir='ltr'><strong>est</strong></span> <span class='ocrx_word' id='word_1_387' title='bbox 712 5202 862 5276; x_wconf 89' lang='lat' dir='ltr'><strong>Jacobus</strong></span> <span class='ocrx_word' id='word_1_388' title='bbox 881 5203 1042 5275; x_wconf 85' lang='lat' dir='ltr'><strong>Nicolaus</strong></span> <span class='ocrx_word' id='word_1_389' title='bbox 1062 5211 1097 5292; x_wconf 86' lang='lat' dir='ltr'><strong>et</strong></span> <span class='ocrx_word' id='word_1_390' title='bbox 1115 5202 1237 5274; x_wconf 83' lang='lat' dir='ltr'><strong>Hauelr</strong></span> <span class='ocrx_word' id='word_1_391' title='bbox 1265 5202 1511 5296; x_wconf 83' lang='lat' dir='ltr'><strong>Chelmsky,</strong></span> <span class='ocrx_word' id='word_1_392' title='bbox 1537 5204 1671 5277; x_wconf 91' lang='lat' dir='ltr'><strong>nobiles</strong></span> <span class='ocrx_word' id='word_1_393' title='bbox 1690 5205 1733 5276; x_wconf 93' lang='grc'><strong>(19</strong></span> 
     </span>
     <span class='ocr_line' id='line_1_40' title="bbox 184 5321 1731 5417; baseline 0.003 -25"><span class='ocrx_word' id='word_1_394' title='bbox 184 5321 286 5395; x_wconf 90' lang='lat' dir='ltr'><strong>domo</strong></span> <span class='ocrx_word' id='word_1_395' title='bbox 312 5322 453 5415; x_wconf 56' lang='grc' dir='ltr'><strong>0919)ν</strong></span> <span class='ocrx_word' id='word_1_396' title='bbox 465 5346 493 5394; x_wconf 90' lang='lat' dir='ltr'><strong>a.</strong></span> <span class='ocrx_word' id='word_1_397' title='bbox 520 5325 560 5394; x_wconf 93' lang='lat' dir='ltr'><strong>ln</strong></span> <span class='ocrx_word' id='word_1_398' title='bbox 588 5346 656 5414; x_wconf 91' lang='lat' dir='ltr'><strong>qua</strong></span> <span class='ocrx_word' id='word_1_399' title='bbox 682 5324 763 5396; x_wconf 91' lang='lat' dir='ltr'><strong>villa</strong></span> <span class='ocrx_word' id='word_1_400' title='bbox 790 5331 871 5396; x_wconf 92' lang='lat' dir='ltr'><strong>suut</strong></span> <span class='ocrx_word' id='word_1_401' title='bbox 897 5325 1076 5396; x_wconf 89' lang='lat' dir='ltr'><strong>duodecim</strong></span> <span class='ocrx_word' id='word_1_402' title='bbox 1094 5324 1183 5394; x_wconf 92' lang='lat' dir='ltr'><strong>lanei</strong></span> <span class='ocrx_word' id='word_1_403' title='bbox 1201 5323 1441 5415; x_wconf 77' lang='lat' dir='ltr'><strong>cmethoualeS,</strong></span> <span class='ocrx_word' id='word_1_404' title='bbox 1460 5324 1503 5395; x_wconf 93' lang='lat' dir='ltr'><strong>de</strong></span> <span class='ocrx_word' id='word_1_405' title='bbox 1522 5326 1645 5417; x_wconf 90' lang='lat' dir='ltr'><strong>quibus</strong></span> <span class='ocrx_word' id='word_1_406' title='bbox 1663 5326 1731 5400; x_wconf 92' lang='lat' dir='ltr'><strong>sol-</strong></span> 
     </span>
     <span class='ocr_line' id='line_1_41' title="bbox 184 5440 1731 5550; baseline 0.004 -36"><span class='ocrx_word' id='word_1_407' title='bbox 184 5445 277 5550; x_wconf 79' lang='lat' dir='ltr'><strong>uitur</strong></span> <span class='ocrx_word' id='word_1_408' title='bbox 299 5444 431 5517; x_wconf 90' lang='lat' dir='ltr'><strong>decima</strong></span> <span class='ocrx_word' id='word_1_409' title='bbox 457 5445 680 5536; x_wconf 88' lang='lat' dir='ltr'><strong>manipularis</strong></span> <span class='ocrx_word' id='word_1_410' title='bbox 706 5445 922 5537; x_wconf 83' lang='lat' dir='ltr'><strong>praebendae</strong></span> <span class='ocrx_word' id='word_1_411' title='bbox 954 5443 1147 5537; x_wconf 88' lang='lat' dir='ltr'><strong>praefatae,</strong></span> <span class='ocrx_word' id='word_1_412' title='bbox 1184 5448 1220 5514; x_wconf 88' lang='lat' dir='ltr'><strong>et</strong></span> <span class='ocrx_word' id='word_1_413' title='bbox 1243 5449 1406 5515; x_wconf 89' lang='lat' dir='ltr'><strong>tenentur</strong></span> <span class='ocrx_word' id='word_1_414' title='bbox 1431 5466 1506 5518; x_wconf 91' lang='lat' dir='ltr'><strong>eam</strong></span> <span class='ocrx_word' id='word_1_415' title='bbox 1533 5440 1731 5520; x_wconf 88' lang='lat' dir='ltr'><strong>cmetbodes</strong></span> 
     </span>
    </p>
   </div>
   <div class='ocr_carea' id='block_1_5' title="bbox 0 0 2030 6053">
    <p class='ocr_par' dir='ltr' id='par_1_7' title="bbox 0 0 2030 6053">
     <span class='ocr_line' id='line_1_42' title="bbox 0 0 2030 6053; baseline 0 0"><span class='ocrx_word' id='word_1_416' title='bbox 0 0 2030 6053; x_wconf 95' lang='lat' dir='ltr'><strong> </strong></span> 
     </span>
    </p>
   </div>
  </div>
 </body>
</html>
