4050 6054
323 488 396 572 tlt

323 707 446 779 dextra
471 707 571 795 parte
597 701 700 773 villae
726 700 880 773 eiusdem
906 699 1085 788 iacentem,
1113 662 1196 770 eum
1216 696 1327 789 pratis
1353 703 1391 770 et
1416 692 1496 769 aliis
1522 717 1566 769 ex
1592 694 1737 788 antiqno
1762 692 1877 788 perti·
1980 747 1988 755 .

322 826 467 916 nentiis,
500 826 597 896 cuius
624 823 764 895 colonus
791 842 856 912 pro
882 842 997 892 annuo
1024 840 1130 893 censu
1156 828 1192 891 et
1218 840 1282 911 pro
1308 819 1429 890 labore
1454 818 1561 890 solvit
1585 817 1744 909 praefato
1768 817 1877 889 altari

321 945 490 1039 profesto
504 944 537 1017 S.
550 943 697 1016 Martini
715 943 804 1015 duas
821 962 963 1033 marcas,
982 948 1132 1032 quatuor
1150 961 1299 1031 capones
1317 940 1354 1011 dt
1371 960 1475 1011 unam
1493 959 1700 1029 sexageuam
1718 957 1876 1010 ovorum

377 1062 386 1072 '
424 1068 556 1138 Domus
583 1065 720 1156 lapidea
744 1065 782 1136 in
808 1063 924 1154 platea
950 1063 1127 1151 castrensi,
1155 1083 1278 1133 versus
1304 1062 1484 1134 eeclesiam
1509 1060 1543 1132 S.
1560 1048 1724 1132 Andrede
1749 1060 1876 1155 eundo,

322 1190 439 1262 domni
464 1188 676 1259 medicorum
702 1187 883 1276 contigua,
919 1205 1007 1275 qnae
1034 1186 1168 1255 ratione
1203 1203 1328 1255 census
1362 1183 1496 1255 terreni
1522 1182 1658 1254 solvere
1693 1178 1876 1254 conaverit

322 1311 425 1383 altari
451 1307 607 1400 praelato
634 1308 734 1377 annis
761 1306 906 1396 singulis
933 1325 996 1395 pro
1022 1304 1113 1376 testo
1139 1305 1173 1375 S.
1199 1304 1347 1376 Martini
1373 1325 1434 1375 sex
1460 1323 1604 1374 mareas.

423 1430 556 1529 Domus
583 1429 693 1499 altera
719 1426 874 1518 lapidea,
900 1427 936 1497 in
963 1427 1078 1516 platea
1104 1426 1313 1515 canonicali,
1340 1445 1446 1516 penes
1473 1424 1612 1497 domum
1638 1422 1873 1495 canonicalem

322 1560 480 1624 octavam
505 1551 615 1641 partis
646 1548 790 1620 dextrae
817 1548 903 1637 sita,
939 1548 1188 1638 quaeratione
1224 1567 1348 1617 census
1374 1547 1552 1617 terrestris
1585 1545 1688 1616 altari
1714 1542 1874 1635 praefato

323 1673 429 1745 solvit
455 1673 555 1743 annis
592 1671 738 1760 singulis
773 1690 837 1759 pro
873 1667 963 1739 festo
998 1667 1031 1738 S.
1067 1667 1213 1739 Martini
1242 1674 1390 1758 quatuor
1423 1687 1568 1738 marcas.
1601 1666 1689 1737 Item
1734 1665 1874 1737 collatio

324 1793 448 1889 altarip
472 1791 620 1884 praefati
646 1793 745 1862 iuxta
771 1789 990 1880 privilegium
1017 1789 1198 1859 memorati
1224 1788 1410 1860 cardinalis
1437 1787 1482 1859 ad
1499 1789 1763 1859 universitatem
1780 1787 1874 1876 viem

322 1915 454 1988 riorum
480 1913 768 2002 Cracoviensium,
795 1912 860 1982 sub
887 1931 929 1980 ea
956 1910 1152 1982 conditione
1178 1909 1283 1981 debet
1308 1911 1493 2001 pertinere,
1519 1910 1612 2012 quod
1638 1908 1724 1980 dieti
1750 1907 1873 1979 altaris

322 2036 502 2107 vacatione
521 2040 734 2122 occurrente,
761 2031 882 2103 vicarii
900 2030 1156 2120 CraeovienseS,
1182 2052 1288 2101 unum
1306 2031 1399 2101 inter
1416 2050 1454 2101 se
1473 2030 1639 2102 vicariurn
1658 2030 1771 2100 vbum
1797 2027 1872 2132 ido¹

323 2176 434 2245 neum,
462 2162 541 2226 actu
567 2154 809 2245 presbpterum
836 2152 975 2242 eligent,
1000 2150 1238 2240 nominabunt,
1265 2157 1301 2222 et
1327 2151 1394 2222 loci
1413 2151 1590 2222 ordinario
1618 2149 1663 2220 ad
1688 2149 1872 2220 instituam

323 2274 404 2347 dum
431 2274 710 2365 praesentabunt.
753 2271 929 2362 Nepotum
963 2279 1080 2342 tamen
1107 2277 1144 2341 et
1170 2291 1408 2343 successorum
1434 2269 1582 2361 praefati
1618 2269 1872 2361 Dzyvrissii

322 2393 528 2485 fundatoris,
553 2393 742 2466 haeredum
760 2392 803 2463 de
821 2393 993 2483 superiori
1019 2397 1136 2463 castro
1162 2390 1414 2463 Mokrzsko
1441 2393 1476 2463 in
1503 2391 1602 2484 sylva
1628 2391 1767 2480 situum,
1793 2408 1873 2480 spe-

325 2517 404 2588 ciali
430 2536 601 2587 consensu
633 2515 835 2605 accedente,
870 2516 930 2605 qui
956 2514 1116 2605 provisus
1154 2519 1304 2605 quatuor
1330 2515 1455 2585 marcis
1490 2512 1729 2584 tantummodo
1764 2512 1873 2583 annui

324 2657 449 2709 census
473 2637 646 2727 perceptis
673 2635 776 2707 debet
801 2657 878 2707 esse
905 2638 1005 2706 annis
1032 2636 1177 2727 singulis
1213 2643 1415 2726 contentus,
1451 2636 1621 2726 explendo
1647 2642 1722 2706 tres
1745 2633 1872 2704 missas

325 2760 418 2829 circa
443 2756 636 2847 praefatum
662 2757 781 2847 altare,
808 2758 844 2827 in
872 2757 1027 2848 qualibet
1053 2759 1247 2848 septimana
1273 2758 1365 2847 anni,
1391 2777 1494 2827 unam
1525 2757 1569 2827 de
1596 2756 1707 2826 Beata
1723 2754 1872 2846 Virgine

324 2878 448 2968 Maria,
474 2877 619 2950 alteram
644 2898 707 2968 pro
734 2879 894 2969 peccatis,
921 2884 957 2949 et
982 2879 1123 2950 tertiam
1150 2899 1213 2968 pro
1241 2877 1421 2950 defunctis.
1448 2877 1619 2949 Residuos
1644 2897 1730 2948 vero
1750 2894 1871 2948 omnes

324 3005 513 3089 proventus
539 2998 663 3071 altaris
696 2999 844 3090 praelati
878 2999 1089 3070 universitas
1124 3001 1334 3071 vicariorum
1359 3020 1423 3090 pro
1450 3020 1488 3070 se
1514 2999 1624 3088 tollet,
1651 3005 1688 3070 et
1713 2997 1807 3069 inter
1832 3017 1873 3069 se

324 3140 366 3190 ex
393 3140 503 3210 aequo
538 3121 737 3210 distribuet,
773 3121 809 3190 in
836 3119 1026 3190 remedium
1052 3121 1187 3192 animae
1223 3120 1394 3211 praedicti
1429 3121 1690 3212 Dzywyssy‚
1718 3119 1881 3209 ‚eiusque

324 3247 581 3312 antecessorum
615 3248 719 3332 atque
745 3241 897 3310 omnium
924 3239 1077 3311 fidelium
1103 3240 1359 3331 defunctorum,
1395 3248 1544 3330 quatuor
1571 3230 1808 3312 anniversaria
1833 3238 1871 3309 in

323 3362 468 3433 ecclesia
503 3360 723 3433 Cracoviensi
757 3361 902 3452 singulis
937 3362 1036 3432 annis
1071 3362 1288 3453 peragendo,
1324 3362 1495 3433 cantando
1530 3360 1691 3433 videlicet
1725 3352 1872 3450 sinfinlis

324 3487 472 3572 quatuor
497 3484 721 3572 temporibus,
749 3482 791 3552 de
818 3502 971 3573 vespere,
998 3504 1123 3554 novem
1149 3483 1335 3554 lectionum
1362 3483 1490 3573 vigilia,
1509 3488 1545 3553 et
1562 3483 1599 3553 in
1617 3482 1771 3553 crastino
1787 3481 1872 3551 mis·

322 3622 396 3672 sam
423 3601 671 3674 deflmctorum.
1524 3612 1527 3617 ’

798 3970 945 4052 Altera
976 3971 1159 4052 Sanctae
1194 3970 1395 4052 Helenes.

429 4202 551 4275 Altare
577 4202 611 4277 S.
638 4202 790 4277 Helenae
809 4209 845 4278 in
863 4210 1007 4280 eeclesia
1035 4208 1265 4299 Graeoviensi,
1282 4211 1319 4280 in
1338 4209 1470 4300 capella
1495 4207 1699 4307 Sanctorum
1726 4206 1870 4280 menae

324 4333 361 4400 et
384 4324 547 4399 Damiaui
572 4326 696 4418 sitnm,
722 4348 786 4418 per
811 4336 952 4399 sanetae
977 4332 1163 4402 momoriae
1198 4330 1462 4421 Sbignoum,
1499 4329 1708 4402 cardinalem
1734 4337 1772 4400 et
1797 4329 1871 4419 epl-

325 4468 465 4538 scopum
484 4444 756 4542 Cpacoviensem,
775 4468 805 4517 a.
823 4448 864 4517 Ι).
884 4448 981 4519 1453
1001 4450 1046 4520 ad
1065 4451 1264 4522 instantiam
1284 4449 1478 4523 Thomae
1506 4451 1549 4522 de
1567 4450 1869 4542 Strzampino,
1954 4472 1957 4476 ’

325 4568 540 4640 decretorum
568 4568 720 4639 doctoris
756 4569 912 4639 canonici
948 4567 1204 4660 Gracoviensis,
1229 4573 1423 4643 executoris
1449 4570 1649 4651 testamenti
1675 4570 1800 4642 Adae
1826 4569 1870 4641 de

323 4670 563 4779 Band'kow,
590 4688 808 4760 decretorum
836 4688 989 4761 doctoris
1017 4691 1173 4762 canonici
1191 4690 1439 4783 Oracoviensis‚
1464 4691 1644 4763 fundatum
1671 4698 1735 4763 est

425 4809 542 4881 Habet
569 4817 686 4882 autem
713 4810 824 4881 altare
859 4810 1054 4900 praelatum
1089 4832 1152 4901 pro
1180 4811 1260 4882 dote
1287 4812 1353 4883 sibi
1385 4832 1449 4904 per
1482 4813 1676 4904 praelatum
1702 4809 1870 4885 Thomam

258 4928 264 4937 ’
322 4929 365 5001 de
392 4929 686 5022 Strzampino
714 4932 900 5022 assignata,
927 4932 1107 5004 duodecim
1134 4951 1267 5004 mareas
1294 4935 1398 5003 annui
1425 4941 1461 5006 et
1487 4935 1647 5026 perpetui
1674 4954 1806 5026 census,
1831 4934 1869 5005 in

323 5051 407 5121 villa
432 5053 635 5123 monasterii
661 5052 933 5143 Zvierzynensis
969 5052 1101 5124 ordinis
1137 5056 1544 5145 praemonstratensium,
1579 5060 1702 5127 vocata
1728 5052 1870 5126 Modi-

324 5172 500 5264 niczya,
536 5174 572 5242 in
599 5157 759 5263 praedio,
786 5172 1000 5263 molendino,
1028 5173 1285 5265 emethouibus,
1312 5176 1482 5266 tabernis,
1509 5176 1703 5246 hortulanis
1729 5181 1766 5246 et
1792 5176 1868 5245 uni—

323 5292 433 5361 versis
459 5293 685 5382 proventibus
711 5293 865 5364 eiusdem
882 5293 996 5385 villae,
1023 5314 1087 5385 per
1103 5294 1409 5367 Veneeslaum
1436 5297 1683 5386 praepositum,
1710 5294 1867 5365 Piech-

321 5432 420 5481 nam
459 5412 689 5503 abbatissam,
736 5412 983 5503 Hedvigim
1034 5416 1319 5507 subpriorissam,
1363 5416 1583 5540 Helenam
1624 5417 1868 5505 cantatricem,
