4050 6054
1714 436 1789 570 aaa

236 701 273 772 in
291 701 452 774 universo
480 721 587 792 regno
614 699 779 773 Poloniae
802 700 1048 773 universaliter
1065 707 1101 773 et
1119 699 1343 791 singulariter
1368 701 1532 793 prosequi
1559 702 1683 777 solitos
1697 713 1787 796 erat,

236 816 460 913 enumerans,
495 825 698 913 petitionem
732 820 914 913 subiungit
948 844 1069 914 orans,
1106 829 1276 914 quatenus
1312 824 1355 894 dc
1381 825 1510 897 mensis
1537 825 1610 895 suis
1637 825 1786 898 decimas

235 945 369 1035 aliquas
406 951 442 1016 et
468 946 651 1034 introitus,
688 946 812 1035 quibus
848 945 1028 1017 ecclesiam
1055 943 1087 1016 S.
1115 942 1256 1034 Georgii
1293 945 1407 1016 dotari
1443 951 1480 1019 et
1504 946 1542 1017 in
1569 947 1786 1039 collegatum

234 1064 376 1137 formari
403 1069 522 1157 possit,
549 1067 781 1156 largirentur3
808 1087 852 1137 ne
872 1088 1008 1157 quoque
1031 1072 1280 1139 cunctarentur
1297 1069 1333 1137 in
1351 1067 1578 1157 petitionibus
1596 1073 1669 1169 tam
1684 1068 1787 1141 iustis

234 1190 270 1256 ot
296 1188 415 1277 aequis
443 1188 510 1258 sibi
531 1188 667 1276 deesse,
694 1187 968 1258 vicissitudinem
996 1189 1040 1259 ab
1068 1188 1248 1261 eominus
1276 1208 1437 1277 crassam,
1466 1190 1495 1259 si
1523 1188 1659 1278 quando
1686 1209 1786 1261 casus

235 1305 344 1396 leret,
379 1329 443 1399 pro
476 1329 616 1381 suarum
653 1308 874 1378 ecclesiarum
910 1306 1067 1398 profectu
1103 1308 1285 1398 recepturi.
1329 1308 1510 1380 Notabont
1544 1310 1788 1397 pontificesuet

234 1429 350 1519 abbas,
377 1429 460 1519 quid
488 1450 591 1519 agore
618 1430 794 1520 deberent,
823 1433 859 1500 et
880 1430 1112 1519 perplexitate
1140 1430 1279 1500 diversa
1306 1431 1529 1520 consternati,
1557 1451 1784 1503 reomenses

236 1568 318 1619 suas
344 1550 515 1639 mutilare,
552 1571 615 1620 nec
641 1571 763 1640 preces
790 1555 826 1621 et
853 1550 1111 1621 obsecrationes
1136 1552 1269 1640 regias,
1298 1551 1421 1640 quibus
1449 1551 1527 1622 illos
1554 1552 1723 1622 submisso
1749 1556 1786 1623 ct

232 1669 404 1741 instanter
431 1670 640 1761 exagitabat
667 1672 809 1760 dignum
836 1671 1009 1742 ducebant
1036 1671 1212 1760 repulsum
1239 1672 1299 1759 iri,
1326 1670 1553 1742 formidantes
1579 1673 1784 1765 quandoque

233 1797 466 1881 contemptum
501 1813 643 1882 precum
678 1793 852 1882 regiarum
880 1792 924 1862 ad
952 1813 1048 1863 suam
1076 1796 1112 1862 et
1138 1793 1360 1863 ecclesiarum
1396 1813 1537 1863 suarum
1565 1792 1782 1882 dispendium

235 1910 445 2000 recisurum,
473 1913 582 1983 satius
609 1913 728 2002 itaque
747 1912 986 1999 existimantes
1004 1914 1183 2002 precariae
1209 1914 1327 2002 regiae
1353 1912 1580 2001 postulationi
1606 1914 1785 2002 assentire,

235 2052 335 2122 quam
362 2034 458 2103 illam
485 2032 652 2124 refellere,
680 2033 828 2105 offerunt
854 2053 891 2105 se
914 2034 1138 2123 interpellata
1163 2032 1316 2106 facturos
1343 2035 1467 2104 omnia.
1494 2033 1785 2135 Archlapiscopus

233 2152 353 2242 itaque
373 2151 586 2235 Gneznensis
614 2153 636 2224 J
646 2155 862 2225 aroslaus
889 2155 950 2226 dat
968 2155 1118 2225 decimas
1143 2154 1378 2244 manipulares
1397 2154 1577 2225 demensa
1603 2175 1667 2224 sua
1693 2155 1785 2226 circa

233 2294 329 2344 oram
357 2273 671 2346 Andrzeovieusem
699 2277 943 2365 consistentes,
982 2296 1126 2366 quarum
1153 2277 1292 2346 nomina
1318 2276 1525 2346 subiciamus
1553 2275 1712 2365 inferius,
1741 2297 1784 2346 ex

233 2394 359 2483 quibus
375 2396 487 2484 prima
505 2396 722 2485 praebenda3
757 2396 780 2467 J
790 2398 995 2468 ohannes
1022 2394 1261 2469 Gracovionsis
1281 2398 1461 2485 opiscopus
1480 2396 1541 2466 dat
1559 2417 1663 2467 unam
1691 2397 1784 2467 deoi-

233 2536 323 2585 mam
350 2515 599 2605 manipularem
618 2517 661 2587 de
688 2538 808 2588 mensa
826 2538 897 2607 sua,
925 2518 968 2588 de
987 2538 1055 2607 qua
1073 2517 1415 2606 alterapraebenda;
1442 2517 1673 2588 Matthias
1699 2538 1783 2590 vero

232 2637 412 2726 episcopus
448 2636 735 2708 Vladislavionsis
763 2638 824 2708 dat
849 2638 969 2708 villam
1003 2638 1027 2708 J
1036 2658 1264 2728 anczyczc
1300 2658 1378 2708 cum
1404 2637 1538 2708 decima
1575 2637 1784 2728 manipulari

230 2776 339 2847 prope
366 2757 537 2851 Lagow,
567 2778 654 2847 quae
673 2759 760 2829 alias
779 2758 974 2848 appellatur
1000 2758 1023 2830 J
1033 2779 1239 2849 anczyna
1265 2758 1434 2849 Wolya,
1462 2758 1504 2829 de
1532 2758 1657 2847 quibus
1675 2759 1783 2829 tertia

230 2877 447 2967 praebenda3
474 2879 581 2949 abbas
608 2884 784 2967 postremo
812 2879 1051 2970 Thyniciensis
1080 2879 1103 2950 J
1114 2880 1321 2950 ohannes
1348 2880 1410 2950 dat
1435 2879 1553 2950 villam
1580 2880 1784 2951 monasterii
1815 2899 1818 2907 ’

232 2997 286 3068 sui
300 2998 614 3072 Brnnovrozo
642 3020 718 3070 cum
747 3000 878 3071 decima
902 3002 1067 3091 granaria
1084 3006 1120 3072 et
1138 3001 1231 3071 omni
1258 3001 1420 3089 dominio,
1446 3001 1632 3090 exquibus
1660 3007 1785 3091 quarta

229 3119 428 3219 praebenda
454 3117 487 3190 S.
514 3118 656 3209 Georgii
684 3126 822 3191 creatae
849 3126 885 3191 et
911 3122 1051 3192 dotatae
1078 3125 1177 3211 sunt,
1205 3128 1241 3191 ot
1268 3142 1369 3192 omne
1395 3123 1450 3191 ius
1476 3128 1682 3210 patronatus
1708 3123 1784 3211 regi

230 3237 452 3311 Gasimiro
480 3248 516 3311 et
535 3242 792 3312 successoribus
811 3242 883 3312 suis
901 3241 1066 3313 Polouiae
1084 3243 1224 3332 regibus
1243 3247 1411 3331 perpetuo
1440 3243 1657 3329 attributum;
1685 3244 1782 3312 cuius

229 3358 314 3430 lacti
348 3362 549 3431 memoriam
585 3362 708 3431 literae
752 3383 822 3432 una
856 3361 880 3433 J
890 3363 1069 3433 aroslai
1105 3362 1354 3451 archiepiscopi
1400 3359 1633 3450 Gneznensis,
1671 3362 1783 3432 altera

231 3479 466 3552 Matthiae
493 3482 645 3572 episcopi
664 3482 960 3573 Vladislaviensis,
989 3503 1051 3553 suo
1079 3488 1115 3553 et
1141 3482 1537 3582 capitulorumdsuorum
1566 3478 1779 3553 Gneznensis

229 3590 579 3685 ammiravisus
606 3604 758 3673 munitae
786 3603 927 3693 sigillis,
955 3610 992 3673 et
1019 3623 1107 3692 quac
1134 3603 1170 3673 iu
1198 3601 1419 3673 cracoviensi
1446 3603 1601 3691 aerario,
1628 3623 1781 3705 quasque

229 3714 294 3792 no's
309 3720 459 3825 vidimus
478 3722 694 3811 originaliter
721 3728 756 3792 et
783 3724 1060 3813 attrectavimus,
1088 3728 1369 3812 repraesentant,
1398 3742 1542 3812 quarum
1571 3722 1781 3811 exemplaria

229 3839 373 3913 imerius
418 3844 667 3914 annotavimus.
720 3843 976 3919 Extabantset
1010 3844 1209 3934 pontificum
1256 3843 1278 3914 J
1289 3842 1488 3914 ohannis
1533 3841 1780 3932 Gracoviensis,

229 3951 366 4033 abbatis
402 3984 536 4054 quoque
570 3964 813 4055 ¹Thyniciensis
849 3964 872 4035 J
883 3965 1097 4056 ohannis,
1133 3966 1354 4036 donationem
1390 3965 1500 4052 ipsam
1536 3984 1625 4035 ase
1651 3963 1777 4037 iactam

229 4087 453 4174 attestantes,
489 4082 657 4175 speciales
692 4086 832 4176 literae,
869 4087 930 4157 sed
958 4107 1025 4176 quo
1062 4107 1144 4157 casu
1178 4070 1361 4177 perierint,
1398 4086 1568 4154 incertum
1603 4085 1780 4155 hahemus.

203 4203 435 4277 'Ordinatum
463 4206 605 4296 insuper
640 4212 716 4276 erat
750 4228 814 4296 per
839 4206 863 4277 J
873 4207 1021 4277 ohaun
1036 4228 1098 4278 cm
1126 4207 1322 4297 episcopum
1349 4205 1628 4294 Graooviensem,
1655 4206 1780 4295 quibus

228 4324 350 4398 officiis
377 4330 413 4397 et
438 4327 622 4398 missarum
649 4326 812 4399 solenniis
845 4326 1003 4417 praelata
1038 4327 1188 4399 debebat
1222 4327 1339 4398 Sancti
1376 4325 1517 4416 Georgii
1545 4326 1779 4397 administrari

232 4447 397 4537 ecclesia,
433 4448 494 4518 sod
530 4449 688 4519 executio
716 4448 791 4538 ipsa
827 4449 929 4519 simul
956 4469 1033 4518 cum
1069 4448 1172 4519 litera
1207 4446 1420 4519 fundationis
1447 4447 1641 4536 intercidit,
1668 4467 1733 4518 neo
1752 4468 1781 4518 a

119 4570 124 4577 '
228 4572 283 4639 tot
308 4568 569 4658 praebendariis
596 4591 664 4638 uon
693 4568 962 4640 contemnendos
988 4569 1152 4639 introitus
1179 4569 1405 4658 habentibus
1443 4567 1587 4639 ecclesia
1613 4567 1779 4657 praelata,

228 4688 297 4763 nisi
324 4694 472 4779 quatuor
506 4689 621 4759 missis
657 4689 757 4759 lectis
784 4709 848 4779 per
875 4688 1029 4777 singulas
1063 4676 1299 4760 hebdomadas
1335 4688 1618 4776 administratur,
1655 4689 1780 4777 quint

227 4810 381 4882 notiores
408 4810 495 4900 sint,
531 4810 625 4900 ipsos
662 4810 863 4901 singillatim
900 4814 1067 4883 annotare
1101 4813 1138 4880 et
1171 4810 1368 4881 describere
1405 4829 1482 4880 cum
1509 4809 1575 4879 Dei
1599 4808 1776 4879 adiutorio

230 4930 435 5002 curabimus.

330 5051 439 5121 Facta
456 5056 571 5121 autem
589 5050 655 5123 fuit
672 5050 852 5139 praelatae
871 5051 1036 5122 ecclesiae
1055 5049 1173 5122 Sancti
1191 5049 1333 5140 Georgii
1351 5049 1508 5121 fundatio
1527 5048 1779 5121 Gracoviac

229 5173 307 5243 aD.
322 5173 429 5262 1346,
443 5172 479 5242 in
494 5173 549 5242 die
564 5173 664 5242 Beati
679 5173 837 5263 Dionisii,
849 5174 1089 5263 praesentibus
1104 5173 1270 5262 praelatis
1284 5171 1307 5243 J
1316 5171 1504 5242 arosloo
1519 5172 1778 5261 archiepiscopo

117 5294 120 5299 ’
229 5292 432 5384 Gneznensi,
450 5293 474 5365 J
483 5295 536 5364 oh
550 5315 664 5364 aune
683 5293 911 5384 Craooviensi,
935 5294 1117 5365 Matthia
1135 5294 1403 5364 Vladislaviensi
1423 5293 1603 5383 episcopis
1627 5291 1650 5363 J
1655 5293 1777 5363 ohan-

227 5435 280 5485 ne
315 5417 440 5487 abbate
480 5415 718 5506 Thpnicieusi,
754 5415 947 5486 lmramo
983 5415 1221 5506 Oracoviensi,
1257 5413 1280 5485 J
1290 5415 1468 5486 ohanne
1504 5413 1775 5486 Sandomiriensi

1571 5536 1610 5595 75

331 5585 378 5624 uto.
392 5584 481 5624 Beuetlc
