4050 6054
232 428 311 505 454
374 425 376 428 ’

231 635 278 710 ad
302 636 552 708 monasterium
576 636 776 708 monialium
807 636 841 709 S.
868 635 1030 709 Andreae
1055 637 1092 709 iu
1119 637 1363 711 Gracovia'
1397 638 1451 711 De
1478 639 1640 713 omnihus
1667 642 1789 714 anian

231 755 397 850 praefatis
423 757 532 829 laucis
560 756 709 829 sedecim
735 758 883 830 soluitur
908 758 1042 830 decima
1068 758 1294 849 manipularis
1320 759 1465 851 integre,
1492 765 1529 832 et
1549 780 1616 852 par
1633 766 1789 853 qutuor

231 880 370 969 ierugas
396 870 570 968 canapalis
596 878 773 950 custodiae
799 877 1017 970 Kyelczieusi
1043 885 1080 950 et
1098 885 1263 951 tenentum
1280 880 1376 951 illam
1402 882 1602 953 emethoues
1619 880 1788 955 iuducere

230 1000 266 1072 in
292 1000 455 1071 horreum
491 1018 513 1069 a
538 998 681 1071 custode
708 998 889 1071 locandum
917 1007 953 1070 et
978 1000 1076 1072 valor
1103 1002 1177 1072 eius
1204 1002 1409 1073 aestimatur
1436 1001 1481 1072 ad
1506 1002 1696 1093 tredecim,
1722 1003 1807 1076 ali.

231 1120 370 1212 quando
394 1120 439 1191 ad
458 1119 652 1211 quindecim
670 1140 824 1209 marcas;
851 1121 935 1192 item
952 1121 989 1192 iu
1007 1122 1126 1192 eadem
1145 1122 1228 1192 villa
1254 1143 1323 1194 nou
1342 1127 1424 1195 sunt
1441 1123 1610 1195 tabernae
1635 1123 1786 1215 aliquae,

231 1263 299 1313 non
326 1246 407 1314 sunt
432 1241 660 1313 hortulaniae.
699 1242 788 1312 Item
814 1243 850 1312 in
873 1242 992 1313 eadem
1020 1243 1104 1314 villa
1130 1248 1184 1314 est
1202 1242 1382 1333 praedium
1408 1245 1546 1316 unicum
1572 1244 1786 1334 coenobiale,

231 1362 361 1454 dequo
387 1363 586 1453 praedictae
613 1362 780 1434 moniales
807 1362 894 1434 nulli
920 1363 1059 1436 solvunt
1086 1363 1271 1454 decimam,
1298 1363 1360 1436 sed
1386 1364 1481 1438 illam
1507 1385 1572 1456 pro
1599 1384 1638 1439 se
1655 1365 1788 1439 tollunt

231 1488 267 1556 et
293 1484 329 1556 in
357 1504 455 1557 suum
481 1484 645 1556 horreum
672 1484 812 1555 ducunt.

335 1603 546 1695 Ozusszow,
573 1604 656 1675 villa
682 1605 746 1676 suh
773 1605 938 1695 parochia
964 1605 1129 1677 ecclesiae
1157 1605 1199 1677 de
1225 1605 1543 1699 Dalycszycue
1570 1607 1660 1698 sita,
1688 1609 1787 1680 cuius

230 1726 355 1798 haeres
389 1725 622 1798 Przedhorius
647 1725 691 1797 de
717 1725 1092 1818 Konyeczpolye,
1127 1727 1254 1799 nobilis
1285 1726 1328 1798 de
1356 1728 1462 1799 armis
1488 1726 1721 1819 Pohodue,
1747 1728 1786 1800 iu

232 1868 301 1941 qua
319 1853 400 1919 sunt
427 1847 545 1919 decem
570 1846 662 1920 lanei
681 1847 923 1938 emethonales,
951 1849 1011 1938 qui
1029 1848 1168 1920 solvunt
1195 1848 1361 1920 decimam
1387 1849 1640 1940 manipularem
1665 1854 1706 1922 ct
1720 1868 1788 1940 per

233 1973 381 2060 quatuor
407 1969 546 2058 ierugas
564 1969 764 2058 canapalem
791 1969 969 2040 custodiae
990 1969 1202 2061 Kyelciensi,
1230 1974 1266 2041 et
1284 1968 1414 2041 ducunt
1432 1990 1508 2041 eam
1526 1970 1681 2062 propriis
1707 1990 1787 2042 cur·
1852 1997 1856 2003 ·

232 2090 329 2163 ribus
356 2089 392 2161 in
419 2090 581 2160 horreum
609 2110 630 2160 a
656 2088 799 2162 custode
824 2090 1007 2161 locandum
1043 2096 1080 2161 et
1106 2090 1204 2162 valor
1230 2091 1305 2161 eius
1332 2089 1536 2162 aestimatur
1560 2090 1607 2162 ed
1632 2091 1788 2183 quinque

231 2230 386 2301 marcas,
413 2211 590 2301 perceptio
626 2217 743 2283 tamen
779 2210 854 2282 cius
881 2211 1136 2283 diversificatur
1170 2213 1207 2282 in
1234 2211 1426 2284 alternatus
1461 2212 1574 2302 uicea;
1609 2231 1690 2284 nam
1716 2232 1787 2295 uuo

233 2352 322 2404 anno
349 2332 499 2423 percipit
523 2332 617 2403 illam
645 2352 721 2403 cum
748 2333 841 2402 omni
875 2332 951 2403 iure
978 2332 1135 2404 custodia
1160 2331 1414 2424 Kyelczieusis,
1441 2333 1553 2405 altero
1579 2351 1665 2408 vero
1692 2353 1786 2413 anuo

231 2453 382 2544 percipit
407 2454 501 2524 illam
538 2452 737 2543 praebenda
761 2452 1015 2544 Kyclczieusis,
1043 2454 1149 2525 etiam
1176 2473 1253 2524 cum
1279 2455 1373 2526 omni
1398 2454 1492 2545 iure,
1520 2474 1611 2546 quae
1638 2458 1788 2533 vocatur

235 2573 498 2667 Pyrsznyczska
524 2574 597 2645 sive
616 2573 844 2646 Barthdzska.
882 2573 924 2645 In
943 2575 1063 2645 eadem
1080 2575 1164 2647 villa
1181 2579 1236 2646 est
1262 2575 1399 2645 unicum
1425 2575 1606 2664 praedium
1631 2575 1788 2653 miliare

233 2715 276 2767 ex
294 2695 388 2786 agris
407 2695 625 2767 cmethonum
642 2694 789 2785 factum,
817 2695 860 2766 de
879 2717 946 2787 quo
965 2695 1113 2767 solvitur
1130 2694 1263 2766 decima
1279 2695 1505 2785 manipularis
1523 2696 1560 2767 iu
1575 2692 1788 2792 penultimam

233 2815 410 2888 custodiae
435 2815 634 2908 Kyelciensi
660 2823 722 2889 aut
748 2817 965 2907 praebendae
991 2816 1268 2908 Pyrsznyczska3
1294 2818 1379 2889 item
1405 2837 1475 2888 non
1502 2821 1585 2924 sunt
1607 2818 1646 2890 iu
1661 2816 1788 2899 ιιιίιιιι

188 2939 191 2943 ’
232 2936 316 3008 villa
340 2937 517 3029 tabernae,
544 2958 656 3029 neque
681 2937 909 3010 hortulaniae
1658 2968 1661 2973 ·

336 3059 470 3130 Bauuo
479 3059 607 3149 ,villa
633 3059 766 3130 hahens
792 3058 971 3130 ecclesiam
997 3056 1229 3148 parochialem
1255 3056 1417 3130 Omnium
1443 3057 1668 3139 Sanctorum
1674 2970 1788 3153 ligue-

232 3201 287 3252 am
322 3181 358 3250 iu
393 3201 448 3270 se,
476 3180 572 3252 cuius
608 3182 732 3252 haeres
768 3179 932 3252 Nicolaus
968 3180 1011 3250 de
1046 3178 1412 3270 Kuroszwanky,
1440 3180 1566 3252 nobilis
1598 3181 1643 3257 da
1673 3183 1785 3265 muris

231 3302 454 3391 Roszae,
445 3324 481 3372 m
508 3323 577 3393 qua
602 3307 684 3373 sunt
710 3302 978 3393 quatuordecem
1004 3301 1096 3373 lanei
1124 3300 1364 3392 emethonales,
1388 3301 1432 3372 de
1464 3302 1590 3392 quibus
1618 3303 1800 3393 omnihus-

233 3424 379 3496 solvitur
406 3424 539 3495 decima
564 3423 792 3513 manipularis
817 3430 854 3493 et
880 3443 943 3513 per
961 3427 1109 3513 quatuor
1128 3424 1267 3512 ierugas
1285 3422 1461 3513 canapalis
1480 3423 1659 3499 custodiae
1676 3422 1789 3517 Kyel·

234 3545 377 3634 cziensi,
404 3550 442 3615 et
476 3545 606 3616 ducunt
641 3565 718 3615 eam
753 3545 953 3616 emethones
979 3545 1131 3634 propriis
1158 3545 1317 3615 curribus
1344 3544 1379 3615 iu
1405 3545 1569 3619 horreum
1595 3566 1618 3615 a
1642 3546 1790 3619 custode

231 3665 415 3739 locandum
450 3671 487 3738 et
522 3667 622 3738 valor
657 3666 861 3738 aestimatur
898 3665 974 3736 eius
1007 3666 1052 3736 ad
1081 3671 1157 3736 octo
1184 3685 1336 3756 marcas,
1362 3667 1543 3757 perceptio
1567 3672 1685 3738 umen
1711 3667 1790 3741 elus

233 3788 487 3877 diversificatur
519 3789 555 3859 in
591 3786 782 3860 alternatus
818 3789 926 3876 vices,
953 3790 1049 3858 nam'
1067 3808 1137 3858 uno
1169 3807 1259 3858 anno
1291 3788 1441 3878 percipit
1465 3786 1562 3861 illam
1587 3808 1665 3859 cum
1693 3790 1790 3862 omui

231 3911 307 3981 iure
335 3910 493 3982 custodia
518 3909 765 4000 KyelcziensiS,
793 3910 905 3981 altero
932 3929 1015 3980 vero
1042 3929 1132 3979 auno
1159 3909 1307 3998 percipit
1334 3908 1429 3980 illam
1455 3909 1656 4006 praebenda
1678 3909 1790 4004 erl·

233 4031 377 4103 cziensis
413 4031 519 4101 etiam
555 4051 631 4101 cum
659 4030 752 4102 omni
778 4031 872 4120 iure,
901 4051 988 4121 quae
1015 4034 1161 4102 vocatur
1186 4029 1447 4121 Pyrszniczslua.
1485 4030 1575 4102 item
1600 4032 1637 4103 in
1663 4032 1789 4106 eadem

234 4152 317 4223 villa
354 4158 436 4224 sunt
472 4151 561 4223 duae
596 4152 765 4223 tabernae
799 4152 967 4224 hahentes
994 4172 1115 4242 agros,
1143 4172 1289 4242 quarum
1316 4172 1386 4223 una
1412 4157 1467 4225 est
1492 4152 1671 4244 haeredis,
1697 4136 1791 4246 cuae

235 4273 341 4345 solvit
368 4272 536 4345 decimam
565 4274 601 4343 iu
624 4268 833 4369 pontiliacum
859 4274 1083 4344 custodiant
1108 4273 1293 4361 canonico;
1320 4272 1431 4346 altera
1456 4294 1541 4346 uero
1566 4279 1622 4347 est
1637 4274 1792 4367 plebani,

233 4415 320 4486 quae
348 4376 455 4493 solvit
481 4393 647 4466 decimam
674 4394 842 4483 plebano,
870 4395 952 4466 item
979 4393 1180 4466 hortularia
1206 4395 1254 4465 ibi
1281 4414 1350 4465 una
1375 4395 1525 4485 scolteti,
1544 4395 1588 4467 de
1606 4416 1677 4486 qna
1693 4395 1790 4469 deci-

232 4537 289 4588 ma
328 4515 556 4606 manipularis
591 4514 770 4588 custodiae
802 4521 838 4589 et
872 4517 1038 4588 canoniae
1065 4517 1100 4587 in
1126 4512 1355 4611 positam,-
1382 4517 1466 4587 item
1492 4523 1548 4590 est
1574 4516 1623 4590 ihi
1648 4517 1802 4600 unicum

231 4638 413 4729 praedium
439 4636 599 4727 militare,
627 4637 671 4709 de
697 4637 796 4710 cuius
824 4639 918 4729 agris
945 4638 1049 4710 solvit
1033 4642 1093 4709 tur
1110 4637 1243 4709 decima
1261 4636 1427 4711 ecclesiae
1445 4639 1647 4733 parochiali
1656 4639 1791 4715 ibidem

232 4760 270 4832 in
297 4759 462 4849 Bardo,
488 4758 574 4830 item
600 4759 768 4831 scoltetus
795 4759 844 4831 ibi
870 4760 1005 4831 habens
1032 4759 1119 4832 duos
1145 4761 1275 4850 laneos,
1294 4760 1481 4850 dequibus
1498 4761 1603 4833 solvit
1620 4758 1791 4835 decimam
1893 4838 1899 4846 ,

234 4880 485 4971 manipularem
512 4879 689 4953 custodiae
717 4885 754 4952 et
780 4880 944 4953 canoniae
970 4881 1006 4951 in
1030 4877 1246 4976 postauam

338 4999 503 5093 Ozrzow,
530 5002 615 5074 villa
641 5002 707 5074 sub
732 5003 897 5093 parochia
918 5002 1084 5073 ecclesiae
1103 5002 1146 5073 de
1164 5001 1315 5074 Bardo
1342 5002 1419 5092 sita,
1436 5002 1535 5075 cuius
1552 5002 1790 5079 hamatilem

235 5122 400 5196 Nicotaus
431 5123 474 5197 de
499 5123 847 5215 Kuroszwanky
873 5124 917 5196 de
944 5125 1050 5195 arnris
1077 5123 1241 5215 Rosza,
1267 5125 1305 5196 iu
1331 5145 1401 5216 qua
1426 5130 1509 5198 suut
1534 5129 1670 5217 septem
1695 5125 1792 5200 lm

234 5251 324 5317 cmet
308 5244 477 5335 t,honules
504 5245 548 5317 de
575 5247 700 5337 quihus
727 5247 876 5319 solvitur
903 5246 1036 5318 decima
1062 5247 1288 5337 manipularis
1315 5251 1352 5319 et
1376 5268 1440 5338 per
1467 5246 1788 5365 quatuor-hragra

235 5366 411 5468 mespilis
438 5366 574 5451 custodi
599 5367 807 5472 Kyclciansi,
834 5374 870 5443 et
896 5368 1028 5444 ducunt
1053 5389 1130 5444 eam
1148 5369 1376 5447 cmethones
1365 5391 1403 5445 m
1419 5370 1584 5447 horreum
1600 5378 1624 5448 t
1619 5352 1789 5455 inmte
