4050 6054
284 531 352 652 ,58

303 739 386 810 item
413 744 559 828 quatuor
585 735 810 825 hortulaniae‚
837 735 1024 825 dequibus
1051 736 1209 807 omnibus
1237 735 1383 806 solvitur
1409 735 1542 806 decima
1567 735 1791 825 manipularis
1818 742 1858 807 et

303 859 440 930 ducitur
473 879 536 948 per
561 857 691 929 incolas
718 857 869 948 propriis
905 857 1064 928 curribus
1100 857 1135 927 in
1163 858 1325 928 borreum
1360 876 1424 946 pro
1451 858 1625 945 canonico,
1652 863 1689 927 et
1714 857 1857 927 solvant

301 978 466 1050 decimam
494 978 616 1067 canapi
653 998 717 1067 per
744 986 895 1068 quatuor
921 978 1101 1080 iuncturas
1137 984 1173 1048 et
1208 977 1413 1048 aestimatur
1439 977 1537 1048 valor
1563 979 1638 1048 eius
1664 976 1708 1048 ad
1733 976 1855 1047 decem

299 1120 441 1171 marcas.
469 1098 646 1170 Tabernae
673 1100 803 1170 habent
829 1119 933 1187 agros
959 1099 1129 1189 proprior,
1156 1098 1200 1171 de
1227 1098 1352 1188 quibns
1379 1098 1518 1170 solvunt
1541 1098 1708 1169 decimam
1734 1098 1770 1167 in
1794 1119 1854 1191 90-

298 1217 469 1308 ailbwom,
496 1220 715 1291 hortulaniae
751 1225 899 1309 quatuor
925 1219 1054 1291 habent
1080 1239 1192 1308 agros,
1230 1218 1319 1288 Item
1345 1220 1381 1289 in
1409 1219 1528 1289 eadem
1554 1218 1637 1291 villa
1671 1224 1724 1288 cst
1751 1237 1855 1307 prae-

301 1340 394 1411 dium
420 1340 587 1429 militare‚
623 1339 666 1410 de
693 1340 790 1410 cuius
817 1340 911 1429 agris
945 1340 1093 1429 percipit
1114 1336 1285 1410 'decimam
1312 1339 1560 1429 manipularem
1593 1337 1790 1429 praebenda
1816 1344 1856 1408 et

244 1552 250 1565 .
301 1462 375 1531 eius
401 1461 671 1550 praebendarius
707 1461 744 1531 in
780 1460 1018 1550 Igolomya
1054 1466 1089 1531 et
1123 1460 1221 1531 valor
1253 1460 1330 1530 eius
1365 1460 1410 1530 ad
1445 1480 1547 1530 unam
1574 1477 1734 1530 marcam.
1764 1457 1855 1528 Item

299 1582 422 1652 haeres
449 1582 615 1671 depositis
642 1586 790 1671 quatuor
815 1580 924 1652 laneis
951 1581 1225 1653 cmcthonalibus
1252 1580 1356 1651 soluit
1380 1585 1495 1651 tamen
1522 1581 1565 1652 de
1591 1580 1660 1650 illis
1687 1579 1855 1650 decimam
1925 1635 1928 1639 .

301 1701 547 1792 manipularem
573 1701 790 1792 praebendae
816 1700 1036 1773 cracoviensi
1053 1700 1370 1791 Karnyowska
1395 1701 1432 1770 in
1455 1698 1671 1795 pmrdhwom.

403 1822 490 1893 Item
516 1822 621 1893 habet
648 1821 813 1892 decimam
840 1823 1090 1913 manipularem
1116 1827 1274 1894 octavam
1301 1822 1337 1892 in
1360 1817 1632 1912 Glyewyeez
1660 1821 1724 1891 sub
1751 1840 1856 1908 paro-

211 2008 221 2029 „
299 1944 377 2015 chia
403 1943 576 2019 ecelesiae,
594 1943 636 2014 de
653 1942 907 2034 Igolomya‚
934 1943 1017 2015 villa
1043 1943 1180 2016 abbatis
1198 1948 1234 2013 et
1250 1943 1452 2014 monasterii
1469 1941 1512 2013 de
1530 1941 1666 2013 Clara
1691 1940 1854 2011 tumba

299 2064 340 2135 In
367 2085 435 2155 qua
461 2069 542 2135 sunt
568 2084 629 2163 sex
655 2063 747 2135 lanei
774 2064 1014 2152 cmcthonales7
1042 2064 1124 2134 item
1143 2083 1211 2134 una
1228 2064 1382 2153 taberna,
1409 2063 1491 2133 item
1519 2062 1607 2133 duae
1625 2061 1854 2150 hortulaniae,

299 2184 342 2256 de
369 2185 493 2275 quibus
521 2184 681 2256 omnibus
709 2183 858 2255 solvitur
890 2184 1024 2255 decima
1049 2183 1274 2273 manipularis
1300 2189 1336 2254 et
1361 2183 1499 2254 ducitur
1525 2203 1588 2272 per
1613 2181 1744 2253 incolas
1770 2201 1854 2270 pro-

298 2306 385 2396 priis
412 2305 571 2377 curribus
598 2304 635 2375 in
661 2306 824 2376 horreum
850 2325 914 2393 pro
928 2304 1102 2393 canonico,
1129 2309 1166 2375 et
1183 2303 1320 2375 solvunt
1347 2303 1513 2375 decimam
1541 2303 1663 2392 canapi
1688 2323 1751 2392 per
1769 2322 1854 2391 qua·

299 2431 379 2497 tuor
406 2426 584 2498 iuncturas
611 2430 648 2495 et
674 2423 878 2495 aestimatur
905 2424 1002 2495 valor
1029 2424 1102 2495 eius
1129 2424 1174 2496 ad
1200 2430 1278 2496 octo
1305 2444 1450 2496 marcas.
1513 2464 1517 2469 -

402 2545 498 2617 Item.
517 2545 623 2617 habet
649 2565 775 2615 nonam
801 2544 1049 2635 manipularem
1074 2542 1241 2616 decimam
1267 2545 1302 2616 in
1321 2544 1580 2635 Syedlpska
1606 2544 1670 2616 sub
1688 2544 1853 2634 parochIa

302 2666 465 2737 ecelesiae
493 2666 535 2736 de
562 2663 852 2755 Conyuscha‚
880 2665 976 2735 cuius
1004 2665 1126 2736 haeres
1152 2664 1329 2737 Iohannes
1347 2665 1699 2756 Szyedleczsky,
1726 2664 1852 2736 nobilis

303 2787 345 2858 de
372 2786 472 2856 domo
500 2792 536 2857 et
561 2784 691 2856 familia
717 2784 899 2876 Prussy.
926 2784 967 2856 In
985 2806 1053 2875 qua
1070 2793 1314 2876 quatuoreum
1332 2784 1474 2858 dimidio
1501 2786 1592 2857 lanei
1610 2784 1852 2874 cmcthonales,

302 2907 345 2977 de
378 2907 502 2997 quibus
533 2905 638 2977 datur
669 2905 802 2977 decima
826 2906 1052 2995 manipularis
1083 2905 1300 2996 praebendae
1331 2906 1517 2997 praefatae,
1548 2914 1584 2979 et
1616 2907 1746 2977 ducunt
1775 2926 1853 2979 eam

302 3027 453 3117 propriis
480 3027 639 3098 curribus
665 3027 701 3097 in
728 3026 891 3098 horreum
925 3047 989 3117 pro
1017 3028 1181 3098 canonico
1208 3032 1244 3098 et
1269 3027 1409 3098 solvunt
1444 3027 1612 3098 decimam
1639 3027 1762 3115 canapi
1788 3045 1852 3115 per

303 3152 453 3237 quatuor
479 3147 667 3218 iuncturas.
694 3145 783 3217 Sunt
799 3149 904 3218 etiam
922 3147 972 3219 ibi
990 3147 1049 3218 alii
1067 3148 1143 3238 agri
1161 3148 1395 3219 cmcthonales
1412 3154 1449 3218 et
1466 3148 1739 3236 hortulanorum,
1767 3147 1851 3216 item

301 3266 480 3358 praedium
507 3267 668 3357 milltare‚
695 3267 738 3338 de
765 3269 889 3357 quibus
916 3267 1074 3340 omnibus
1101 3269 1206 3340 datur
1232 3268 1364 3340 decima
1390 3269 1615 3358 manipularis
1643 3269 1788 3358 plebano
1815 3272 1852 3336 ct

300 3388 465 3459 ecclesiae
491 3387 527 3459 in
545 3386 824 3480 Konyuseha
849 3395 989 3479 praeter
1014 3390 1156 3460 tertium
1183 3409 1338 3480 eampum
1365 3389 1499 3478 praedii
1524 3390 1695 3478 militaris,
1722 3389 1781 3478 qui
1807 3407 1850 3457 ex

240 3574 242 3580 .
301 3509 443 3598 antiquo
469 3507 535 3580 luit
561 3508 796 3599 cmcthonalis,
823 3514 859 3580 et
885 3508 928 3580 de
947 3529 1023 3600 ‚que
1049 3510 1172 3581 haeres
1199 3510 1347 3582 decimat
1373 3530 1436 3601 pro
1464 3510 1662 3601 praebenda
1689 3508 1850 3580 cracovi-
1955 3504 1961 3509 '

301 3616 386 3719 ensi,
412 3636 448 3701 et
473 3630 678 3714 aestimatur
696 3629 793 3701 valor
820 3629 981 3719 decimae,
1000 3637 1166 3720 quantum
1193 3632 1237 3702 ad
1264 3631 1497 3722 praebendam
1515 3628 1793 3719 cracoviensem,
1806 3628 1850 3698 ad

301 3752 451 3841 quinque
477 3770 621 3823 mareas.
647 3750 736 3822 Item
762 3757 904 3822 nonest
930 3750 979 3824 ibi
1006 3752 1162 3841 taberna
1189 3751 1250 3823 sed
1270 3757 1352 3822 sunt
1369 3751 1457 3822 duae
1475 3752 1694 3822 hortulaniae
1720 3750 1850 3822 haben-

300 3876 354 3943 tes
389 3891 492 3962 agros
526 3893 662 3962 parcen,
698 3871 742 3943 de
773 3873 897 3962 quibus
934 3872 1081 3944 solvunt
1108 3872 1276 3944 decimam
1305 3873 1482 3964 praesenti
1516 3871 1733 3963 praebendae
1768 3869 1852 3941 (lra-

302 3992 461 4063 coviensi.
1211 3994 1214 3999 '

404 4111 490 4180 Item
508 4113 684 4200 praedicta
696 4113 892 4202 praebenda
908 4115 1013 4185 babet
1026 4114 1188 4185 vicariam
1202 4120 1403 4205 perpetuam
1416 4115 1451 4184 iu
1465 4111 1852 4202 ecclesiallraeoriensi,

302 4232 398 4302 cuius
416 4233 536 4302 unicus
555 4232 697 4304 collator
715 4240 750 4305 et
767 4241 932 4322 patronus
950 4241 1004 4306 est
1021 4238 1204 4307 canonicus
1232 4257 1294 4326 pro
1312 4241 1484 4325 tempore,
1512 4255 1612 4325 quam
1641 4255 1731 4305 nune
1757 4238 1852 4304 tenet

300 4350 470 4442 Magister
487 4351 690 4423 Valentinus
709 4354 751 4424 de
767 4353 871 4424 Ilku
882 4356 969 4446 sch,
988 4376 1075 4445 quae
1093 4376 1156 4445 pro
1171 4377 1234 4427 sua
1251 4355 1339 4445 dote,
1358 4357 1569 4445 proprietate
1583 4360 1618 4425 et
1632 4355 1732 4425 titulo
1746 4354 1851 4425 habet

300 4471 466 4544 decimam
485 4472 730 4562 manipularem
748 4475 783 4544 in
802 4473 1023 4546 Baranow
1050 4495 1157 4565 prope
1175 4475 1526 4567 Scarbimiriam
1553 4481 1590 4544 et
1606 4475 1669 4546 sub
1687 4475 1851 4564 parochia

301 4593 576 4683 scarbimirieusi,
595 4593 676 4664 villa
694 4595 1002 4666 sanctimonialium
1029 4596 1228 4667 monasterii
1246 4595 1362 4667 Sancti
1376 4595 1535 4666 Andreae
1554 4594 1596 4665 de
1615 4593 1727 4666 Crac
1738 4595 1850 4682 avla,

300 4713 336 4783 in
355 4734 422 4804 qua
440 4718 521 4783 sunt
537 4712 654 4784 decern
672 4713 763 4784 lanei
781 4714 1030 4806 cmethonaleS,
1057 4717 1140 4787 item
1167 4736 1236 4787 una
1261 4717 1414 4805 taberna,
1445 4715 1527 4786 item
1558 4735 1626 4784 una
1656 4715 1851 4786 hortulania

299 4833 430 4905 babens
448 4853 566 4923 agree,
584 4832 626 4904 de
645 4834 768 4924 quibus
787 4835 944 4907 omnibus
963 4837 1108 4908 solvitur
1126 4836 1258 4908 dealma
1275 4835 1497 4928 manipularis
1516 4835 1664 4907 vicarIae
1678 4834 1850 4926 praelatae

300 4959 336 5024 et
353 4953 489 5025 ducitur
515 4975 578 5046 per
603 4955 732 5026 incolas
750 4957 901 5046 propriis
928 4957 1086 5030 curribus
1117 4959 1153 5029 in
1184 4959 1345 5029 horreum
1376 4957 1440 5049 pro
1467 4957 1595 5027 vicario
1626 4954 1790 5045 praelato,
1816 4959 1851 5024 et

300 5074 437 5145 solvunt
457 5075 622 5147 decimam
641 5077 762 5165 canapi
780 5096 843 5165 per
861 5083 1008 5167 quatuor
1025 5060 1201 5148 iuncturas
1227 5083 1262 5149 et
1279 5074 1481 5149 aestimatur
1499 5075 1596 5147 valor
1613 5077 1686 5146 eius
1704 5077 1748 5146 ad
1767 5077 1850 5147 duo·
1926 5087 1928 5090 ’

298 5193 409 5267 decim
426 5215 569 5267 marcas.
586 5194 652 5267 Est
669 5197 773 5268 etiam
791 5197 839 5268 ibi
856 5197 1033 5288 praedium
1052 5199 1248 5271 coenobiale
1265 5200 1396 5272 habens
1413 5218 1525 5289 agros,
1553 5197 1596 5269 de
1623 5197 1747 5287 quibus
1765 5195 1849 5266 nulli

299 5312 403 5387 solvit
420 5314 596 5406 decimam,
614 5315 675 5387 sed
692 5336 768 5388 eam
785 5337 849 5406 pro
862 5338 900 5389 se
917 5316 1009 5391 tollit
1025 5321 1061 5387 et
1078 5319 1113 5390 in
1130 5319 1292 5390 horreum
1310 5339 1409 5391 suum
1426 5317 1569 5409 ipdu'cIt
1585 5317 1730 5389 taberna
1747 5316 1851 5388 habet

300 5433 473 5523 integrum
490 5434 624 5507 laneum
644 5436 855 5533 speclalem
975 5470 977 5475 ·
