4050 6054
234 435 308 507 504

229 639 424 732 proprietas
458 642 496 711 et
529 634 716 709 dominium
751 634 797 707 ad
822 633 1080 709 serenissimum
1114 653 1232 724 rogoin
1258 628 1424 705 Poloniae
1451 628 1622 723 pertinet,
1647 628 1685 704 iii
1711 648 1783 721 qua

230 765 312 833 sunt
338 762 417 831 octo
442 757 535 829 lanei
561 756 809 846 cmothoualos,
836 755 880 827 de
907 756 1031 845 quibus
1058 753 1205 827 solvitur
1231 753 1365 824 decima
1391 751 1620 843 manipularis
1646 751 1784 823 caucel-

229 880 338 952 lariae
364 878 564 970 Syradicnsi
590 881 627 948 et
652 876 828 965 magistris
854 874 1068 947 beneficiatis
1094 875 1130 944 iii
1157 872 1302 945 ecclesia
1328 872 1361 944 S.
1388 873 1562 963 Floriani,
1589 877 1625 944 et
1650 871 1784 943 ducunt

230 1020 307 1071 eain
333 999 531 1070 cmethonos
556 996 708 1086 propriis
735 996 895 1067 curribus
921 996 957 1066 in
975 995 1137 1065 horreum
1164 993 1379 1083 amagistris
1406 993 1600 1082 locandum,
1626 997 1664 1064 et
1681 991 1784 1063 valor

231 1119 435 1190 aestimatur
462 1118 537 1187 cius
563 1116 607 1187 ad
626 1121 782 1205 quatuor,
809 1115 992 1205 aliqnando
1020 1113 1064 1184 ad
1083 1133 1144 1184 sex
1172 1133 1325 1202 marcas;
1353 1113 1436 1184 item
1463 1112 1630 1184 decimam
1656 1110 1782 1201 canapi

231 1240 370 1310 solvunt
387 1258 451 1335 per
466 1242 540 1308 tres
557 1237 734 1325 ligaturas.
774 1236 862 1307 Item
884 1236 1033 1306 taberna
1050 1254 1118 1304 nou
1137 1239 1199 1305 cst.
1237 1234 1327 1305 Item
1344 1234 1542 1304 hortulanis
1559 1253 1629 1305 una
1645 1233 1780 1303 habeus

232 1379 349 1448 agros,
376 1358 420 1428 de
438 1358 535 1429 cuius
561 1356 656 1445 agris
682 1356 830 1427 solvitur
856 1355 988 1426 decima
1013 1354 1240 1443 manipularis
1266 1373 1331 1444 pro
1349 1354 1541 1443 magistris3
1567 1354 1651 1425 item
1677 1371 1782 1443 prae-

232 1479 326 1550 dium
353 1498 420 1549 uon
440 1482 508 1566 est,
535 1476 595 1547 sad
614 1476 783 1567 scoltetia,
810 1495 898 1565 quae
924 1475 1031 1546 habet
1056 1478 1128 1545 tres
1146 1473 1280 1562 laneos,
1307 1473 1493 1564 dequibus
1519 1472 1653 1545 decima
1669 1470 1784 1543 maui-

232 1598 365 1688 pularis
391 1597 539 1669 solvitur
566 1596 730 1667 ecclesiae
756 1594 948 1685 parochiali
974 1595 1009 1664 iii
1036 1593 1286 1684 Payaczno.

336 1716 538 1806 Ouoazow,
565 1715 648 1787 villa
683 1715 748 1787 sub
776 1715 942 1806 parochia
976 1713 1142 1785 ecclesiae
1177 1713 1219 1783 do
1248 1713 1674 1804 Schemyekowicze
1701 1712 1784 1803 sita,

234 1837 331 1909 cuius
349 1834 546 1927 proprietas
568 1842 605 1906 et
622 1834 810 1906 dominium
828 1833 1233 1924 adStheguyevum
1260 1831 1654 1925 Schemykowsky,
1680 1832 1784 1904 nohi-

234 1956 302 2027 lem
328 1955 371 2026 de
397 1955 504 2027 armis
538 1952 721 2026 Okscha
746 1954 919 2045 pertinet,
954 1954 991 2025 in
1022 1973 1091 2043 qua
1116 1958 1199 2025 sunt
1224 1953 1316 2024 lanei
1351 1953 1600 2044 cmothoualos,
1633 1952 1677 2025 de
1704 1953 1784 2049 qui-

233 2077 298 2148 hus
316 2076 476 2148 omuibus
498 2075 647 2148 solvitur
664 2075 797 2147 decima
817 2073 1042 2165 manipularis
1069 2073 1295 2144 cancellariae
1321 2072 1522 2165 Syradiensi
1548 2080 1585 2145 et
1601 2073 1783 2164 magistris

234 2194 447 2267 beneficiatis
474 2195 509 2266 in
537 2195 683 2266 ecclesia
709 2193 742 2265 S.
760 2193 933 2283 Floriani,
959 2198 995 2263 et
1013 2192 1143 2264 ducunt
1169 2213 1244 2263 eam
1272 2194 1470 2265 cmethoues
1495 2194 1647 2285 propriis
1674 2193 1787 2266 curri-

234 2318 300 2388 bus
334 2316 372 2386 in
397 2315 560 2388 horreum
596 2312 821 2404 amagistris
856 2312 1055 2402 locandum,
1090 2317 1127 2383 et
1152 2312 1250 2384 valor
1284 2313 1359 2385 cius
1395 2314 1601 2386 aestimatur
1633 2314 1678 2385 ad
1704 2318 1788 2385 octo

234 2455 379 2507 marcas.
418 2436 506 2506 Item
533 2434 699 2506 decimam
726 2432 848 2524 canapi
873 2454 943 2505 non
966 2433 1123 2523 solvunt,
1150 2433 1233 2504 item
1260 2434 1398 2506 invilla
1423 2434 1580 2525 praelata
1606 2455 1680 2521 uon
1701 2438 1788 2505 sunt

234 2556 416 2645 tabernae,
443 2575 512 2625 non
538 2559 621 2626 sunt
644 2553 876 2644 hortulaniae,
903 2574 972 2624 uon
999 2558 1054 2625 cst
1078 2553 1267 2642 praedium.

338 2674 562 2764 Nrwrsziri,
576 2674 659 2746 villa
676 2676 740 2746 sub
758 2672 923 2763 parochia
940 2674 1103 2744 ecclcsiae
1122 2672 1165 2744 de
1187 2673 1345 2765 Sczity
1363 2673 1449 2764 sita,
1472 2675 1569 2747 cuius
1585 2673 1787 2765 proprietas

220 2786 274 2867 'et
300 2795 489 2866 dominium
515 2793 560 2865 ad
585 2793 770 2885 Hyncza
796 2793 840 2864 de
865 2793 1045 2884 Rogow,
1077 2794 1226 2865 nobilem
1252 2795 1296 2867 de
1322 2795 1430 2866 armis
1456 2800 1493 2866 et
1517 2794 1649 2866 familia
1673 2794 1787 2866 Dza-

235 2915 395 2987 loscha
411 2913 582 3004 pertinet,
607 2914 644 2983 in
662 2933 731 3004 qna
748 2919 830 2985 snut
846 2913 964 2984 decem
981 2914 1072 2985 lanei
1091 2914 1343 3004 cmothoualos,
1361 2915 1404 2985 de
1423 2915 1548 3005 quibus
1565 2935 1630 3005 pro
1647 2915 1785 2987 decima

236 3033 443 3123 manipulari
475 3033 621 3106 solvitur
656 3033 774 3124 siligo,
809 3039 851 3127 et¹
872 3034 1054 3105 solvuntur
1088 3032 1131 3104 de
1157 3038 1234 3105 tota
1268 3034 1352 3106 villa
1385 3055 1449 3125 pro
1476 3034 1610 3106 decima
1636 3035 1786 3127 quilibet

235 3153 357 3227 laneus
382 3160 457 3225 tres
483 3154 607 3225 choros
634 3153 790 3244 siliginis.
828 3153 916 3225 Item
943 3159 1084 3225 nonest
1110 3154 1146 3224 in
1165 3153 1286 3225 eadem
1311 3154 1395 3227 villa
1419 3153 1608 3246 praedium,
1633 3174 1704 3227 non
1730 3160 1789 3227 est

235 3274 394 3364 taberna,
421 3293 491 3344 non
517 3279 571 3346 est
596 3273 808 3364 hortulanis,
833 3274 917 3345 item
943 3273 987 3345 de
1012 3273 1147 3346 dnobus
1172 3274 1282 3345 laneis
1308 3274 1411 3346 villae
1436 3273 1612 3367 praefatae
1638 3274 1789 3347 solvitur

235 3394 401 3466 ccclesiae
427 3395 463 3465 in
490 3392 520 3465 T
528 3394 807 3467 ramhaozow
842 3394 975 3466 decima
1001 3392 1148 3485 siligine.

252 3582 255 3586 .
339 3513 568 3604 Scuczirirr,
603 3514 704 3604 villa,
739 3514 872 3586 habens
898 3514 934 3585 iii
961 3535 999 3585 se
1024 3514 1205 3586 ecclesiam
1231 3514 1464 3605 parochialem
1491 3515 1659 3607 ligneam,
1685 3515 1788 3587 cuius

236 3635 434 3726 proprietas
460 3634 504 3706 ad
530 3633 717 3725 Hyncza
742 3634 785 3707 de
810 3634 995 3725 Rogow,
1032 3634 1182 3706 nobilem
1210 3635 1253 3707 de
1279 3635 1381 3708 domo
1408 3640 1446 3707 et
1470 3634 1602 3708 familia
1625 3635 1789 3709 Dzalo·

236 3756 345 3831 solia
368 3755 541 3845 pertinet,
571 3755 607 3825 in
634 3775 704 3845 que
729 3760 811 3827 sunt
836 3754 1003 3826 tredecim
1028 3755 1119 3826 lanei
1146 3755 1398 3846 cmothouales,
1432 3755 1477 3828 de
1502 3756 1658 3847 quolibet
1682 3756 1787 3831 laneo

237 3874 366 3946 dantur
390 3874 628 3946 absolvuntur
653 3894 717 3965 pro
741 3874 873 3946 decima
898 3895 960 3946 seii
978 3875 1092 3965 grossi
1110 3876 1298 3977 communis
1315 3875 1501 3967 pecuniae,
1526 3877 1611 3947 item
1636 3876 1789 3950 taberna

236 4014 306 4065 non
333 4000 397 4065 est
435 3993 523 4065 item
550 3993 749 4065 hortularia
774 4014 843 4065 une
860 3994 1006 4084 scolteti,
1033 3994 1115 4065 item
1142 3994 1322 4085 praedium
1347 4016 1417 4066 nou
1444 4002 1508 4068 est
1546 3996 1636 4069 Item
1661 4002 1718 4075 est
1735 3996 1788 4070 ihi

236 4112 395 4185 scoltetia
419 4113 551 4185 habens
578 4112 664 4185 duos
690 4113 822 4203 lancos,
849 4113 892 4186 de
920 4114 1044 4205 quibus
1070 4112 1204 4186 decima
1229 4115 1377 4187 solvitur
1402 4116 1567 4187 ecclesiae
1593 4116 1790 4207 parochiali

236 4232 365 4303 ibidem
390 4233 427 4303 in
453 4232 654 4324 Sczithy,
685 4234 769 4305 item
795 4234 995 4306 cmethonos
1022 4212 1147 4307 omues'
1167 4234 1307 4307 solvunt
1332 4256 1464 4305 mazca
1490 4235 1656 4307 ecclesiae
1681 4256 1788 4327 pano

238 4352 341 4423 chiali
368 4352 504 4444 ibidem,
531 4353 678 4444 quilibet
704 4353 747 4425 de
764 4353 866 4426 laneo
890 4374 954 4445 per
975 4360 1049 4427 tres
1076 4355 1201 4429 choros
1226 4375 1356 4428 avenae
1381 4362 1420 4427 et
1440 4374 1505 4447 per
1529 4362 1603 4428 tres
1629 4356 1790 4447 siliginis

415 4612 617 4697 Decimae
649 4614 932 4722 manipulares
963 4615 1245 4699 cancellariae
1279 4616 1606 4701 Lancicziensis.

340 4832 613 4911 Cancellariatus
633 4855 768 4929 quoque
785 4836 1041 4911 Lancicziensis
1059 4837 1314 4910 ecclesiasticus
1330 4834 1437 4911 luisse
1453 4838 1681 4930 magistratus
1695 4837 1792 4911 vori-

237 4959 400 5031 similiter
430 4959 670 5047 existimatur,
697 4958 860 5049 quoniam
885 4962 980 5030 totus
1006 4959 1043 5030 iu
1070 4958 1212 5031 decimis
1237 4958 1511 5049 manipularibus
1535 4942 1701 5033 bindatus
1727 4964 1794 5051 est,

237 5099 350 5170 nequo
375 5078 483 5153 ullam
509 5060 618 5151 habet
643 5078 760 5151 villam
787 5083 849 5149 aut
874 5076 1036 5169 fundum,
1067 5100 1110 5151 ox
1137 5078 1306 5177 saeculari
1341 5084 1435 5151 sorte
1470 5078 1539 5151 sibi
1572 5077 1792 5172 attributum,

237 5200 346 5289 ipsius
360 5220 496 5290 quoque
514 5199 696 5289 ignoratur
713 5198 899 5288 primarius
917 5198 1096 5287 fundatam
1113 5218 1175 5270 cur
1189 5206 1306 5272 autem
1324 5199 1519 5290 appelletur
1531 5198 1793 5275 mendensis

237 5320 517 5409 cancellariatus,
553 5340 621 5390 non
657 5339 766 5408 parva
801 5340 855 5389 me
880 5320 988 5391 habet
1023 5320 1226 5408 admiratio,
1262 5341 1339 5392 cum
1366 5319 1520 5392 decimae
1553 5319 1636 5415 eius¹
1654 5340 1728 5393 nou
1754 5321 1794 5393 in
