4050 6054
304 572 351 641 (36

302 779 337 847 in
364 776 521 865 polonico
546 795 695 846 messana
725 774 936 867 appellatur,
965 776 1069 847 solvit
1106 776 1252 867 quilibet
1288 775 1331 847 de
1367 775 1468 849 laneo
1499 777 1647 867 plebano
1673 758 1918 901 abac*

302 898 373 967 siae
399 898 434 967 in
461 895 676 987 Pobyodr
700 916 804 967 unam
831 916 1027 968 mensnram
1054 917 1183 968 avenae
1209 904 1245 969 et
1271 918 1468 969 mensuram
1495 898 1642 988 siliginis
1667 918 1875 973 mensurae

302 1033 474 1106 confertae
500 1033 747 1137 bathoniensis.
1383 1044 1389 1055 '
1684 1022 1745 1113 ‘aaa

402 1153 600 1226 Notandum
626 1160 740 1225 autem
758 1160 794 1224 et
811 1154 911 1225 valde
928 1155 1185 1244 attendendum,
1204 1156 1296 1246 quod
1315 1157 1378 1227 sub
1396 1154 1708 1261 teppporibmaub
1726 1158 1871 1249 quibus

299 1280 516 1365 praesentem
558 1274 788 1363 praebendam
825 1274 1085 1346 cracoviensem
1120 1283 1325 1367 tenuerunt,
1352 1258 1465 1366 primo
1498 1278 1539 1389 vi
1592 1274 1602 1293 ‘
1693 1275 1870 1351 Clemens
1898 1368 1918 1393 Ι.

300 1392 541 1484 Mokrsky,
569 1394 695 1465 nobilis
730 1393 899 1466 dedomo
933 1395 1245 1487 Jelithonum,
1271 1396 1514 1473 democriti,
1560 1394 1589 1489 ζ,
1660 1396 1869 1471 eua'Der·

300 1513 425 1584 slaus
453 1512 494 1585 de
513 1512 732 1585 Crziszau
743 1516 906 1586 owicze
924 1516 1144 1606 praepositus
1162 1514 1386 1606 Wislicensis,
1404 1510 1531 1589 nobilis'
1547 1508 1599 1591 (ἱὸ-
1615 1516 1659 1588 do
1895 1562 1901 1571 ·

299 1634 354 1704 bn
365 1654 394 1723 o,
414 1634 551 1723 plebani
570 1634 612 1705 de
630 1632 855 1726 Pobyodr,
874 1635 1109 1724 spoliaverunt
1126 1644 1342 1727 praesentem
1359 1636 1712 1727 praebendum-adim

299 1773 359 1825 eos
385 1754 592 1825 haeredibus
626 1752 786 1825 villarum
822 1755 865 1826 de
902 1775 961 1827 sex
997 1756 1155 1845 decimis,
1191 1757 1305 1828 tribus
1332 1757 1494 1829 videlieet
1516 1756 1748 1846 manipularib
1864 1750 1901 1791 '·

300 1873 391 1944 villis
427 1873 587 1945 videlicet
619 1872 848 1966 Pobyodr,
884 1868 1204 1948 Jaszkovvicze
1239 1883 1276 1948 et
1310 1876 1507 1948 Trzehol
1543 1885 1580 1948 et
1604 1877 1676 1947 trib
1792 1870 1801 1879 “
1844 1968 1852 1981 Ι

299 1993 434 2065 nalibus
462 1995 497 2065 in
524 1994 615 2065 villis
641 1992 936 2085 Paszkowha,
973 1995 1252 2067 Sosznovvka
1279 2004 1315 2068 et
1344 1997 1559 2087 Byuczyn
1595 1896 1884 2199 penzo*

299 2114 540 2185 canonicorum
567 2121 602 2185 et
619 2115 825 2206 praesertim
853 2114 1038 2187 Clementis
1066 2114 1320 2207 Mokrzsky
1346 2123 1382 2187 et
1408 2117 1444 2187 in
1470 2116 1560 2187 hauc
1586 2115 1719 2187 diemd
1760 2116 1770 2133 '

298 2254 357 2305 eas
383 2234 510 2305 iniuste
538 2241 731 2325 occupatas,
762 2254 848 2325 quae
875 2236 1046 2306 iniustitia
1073 2258 1116 2307 ex
1142 2257 1211 2307 uno
1237 2238 1304 2308 boc
1331 2237 1404 2307 solo
1432 2235 1598 2326 perpendi
1615 2240 1743 2325 potest,
1762 2218 1868 2335 em}

297 2355 333 2424 in
360 2355 452 2425 villis
478 2354 592 2426 tribus
619 2356 817 2426 emethones
845 2356 983 2426 solvunt
1009 2357 1162 2427 missalia
1187 2357 1343 2445 plebano,
1371 2361 1406 2427 et
1431 2356 1514 2453 licet
1530 2355 1695 2426 Derslaus
1721 2334 1867 2481 szss-

299 2475 544 2564 zanowsky
570 2474 783 2564 proprietate
803 2482 838 2544 et
856 2476 966 2565 spolio
993 2475 1203 2547 sufficienter
1220 2477 1376 2567 probato,
1403 2480 1617 2565 reportasset
1643 2478 1868 2553 sententium

301 2592 512 2663 definitivam
539 2592 725 2684 Raphaelis
752 2592 1039 2685 Skauinsky,
1067 2602 1151 2667 tunc
1178 2594 1334 2667 officialis
1360 2602 1397 2667 et
1415 2596 1577 2667 'canonici
1604 2593 1869 2689 cracoviensis,

301 2714 398 2784 cuitus
425 2714 557 2802 copiam
583 2714 707 2803 insero,
733 2721 850 2785 tamen
877 2715 912 2785 in
939 2714 1135 2787 Romana
1160 2716 1257 2787 curia
1282 2714 1415 2787 nullum
1439 2716 1573 2787 habeus
1589 2715 1867 2791 sollicitatorem

301 2855 363 2922 per
390 2834 506 2906 dolum
533 2840 568 2906 et
595 2841 708 2906 astum
735 2835 845 2925 partis
871 2837 1007 2907 nemine
1033 2835 1238 2908 defendente
1265 2836 1453 2910 succubuit.

303 3147 519 3232 Sententia
552 3149 762 3233 definitiva
797 3174 928 3256 super
959 3175 1039 3259 sex
1069 3152 1246 3233 decimis
1278 3149 1547 3256 praebendae
1590 3150 1863 3319 Graeceio*-

365 3291 428 3370 sle
463 3290 880 3397 Dzyewyantelskey
913 3312 990 3394 per
1024 3291 1071 3369 D.
1108 3291 1360 3394 Raphaelem
1392 3289 1445 3369 de
1479 3290 1673 3369 skawina
1707 3289 1793 3371 lata

945 3450 1055 3506 anno
1090 3426 1202 3506 1448.

1726 3578 1758 3627 -a

360 3747 362 3752 .
402 3680 532 3757 Christi
549 3684 687 3757 nomine
705 3684 864 3755 invocato
884 3690 947 3754 etc.
973 3683 1014 3754 ln
1033 3704 1137 3777 causa
1154 3684 1245 3754 inter
1264 3683 1501 3771 venerabilem
1525 3680 1764 3755 honorabilem
1791 3682 1864 3759 do·

298 3806 410 3876 minos
437 3806 682 3876 Derslanm
710 3805 752 3876 de
779 3804 1181 3896 Krzyzanowicze,
1209 3803 1408 3874 canonicum
1427 3801 1687 3873 Cracovieusem
1712 3821 1861 3898 exona,

300 3936 335 3997 et
357 3928 558 4016 magistrum
584 3912 730 3996 Panium
756 3925 799 3995 de
826 3925 1128 4013 Klobuczsko,
1155 3924 1337 4013 plebanum
1364 3924 1400 3993 iu
1423 3922 1651 4014 Pobyodo,
1671 3918 1860 3999 oecadbne

302 4045 508 4115 deeimarum
526 4045 757 4134 praefatarum
775 4046 1038 4134 manipularium
1058 4051 1092 4115 et
1109 4044 1328 4117 lertonalium
1355 4044 1390 4113 in
1418 4044 1510 4113 villis
1528 4043 1692 4132 praefatis
1709 4042 1771 4115 Po
1783 4045 1860 4137 by-

300 4161 702 4253 odr,Jaskovvycze
730 4163 977 4234 etl‘rzebol
1006 4162 1277 4252 manipularium,
1298 4161 1640 4252 Passhovycze,
1663 4161 1860 4236 Sossuo-

301 4300 447 4369 vvrycze
475 4286 510 4351 et
528 4280 740 4371 Bynczyn
767 4280 994 4368 fertonelium,
1013 4303 1053 4351 ac
1072 4281 1113 4351 de
1132 4281 1296 4370 praelatis
1315 4281 1447 4350 duabus
1465 4280 1619 4352 tabernis
1637 4282 1859 4370 surgentium

301 4405 336 4469 et
354 4400 628 4487 provenientium
655 4420 696 4469 ex
725 4400 835 4469 alteru
861 4400 1025 4487 partibus,
1056 4401 1097 4469 de
1117 4400 1392 4488 iurisperitorum
1411 4407 1446 4469 et
1464 4399 1679 4470 dominorum
1697 4397 1862 4470 coasses-
1964 4450 1972 4467 .

300 4542 416 4591 sorum
444 4520 586 4591 consilio
613 4540 676 4611 per
702 4522 790 4591 hanc
818 4528 971 4607 nostram
991 4521 1196 4592 sententiam
1216 4520 1434 4608 definitivam,
1454 4541 1555 4610 quam
1572 4520 1722 4609 femmas,
1740 4519 1799 4611 his
1816 4522 1856 4592 iu

300 4643 439 4733 scriptis
457 4642 730 4732 pronunciamus,
750 4643 903 4730 dicimus,
923 4643 1102 4713 definimus
1122 4649 1156 4713 et
1175 4626 1398 4731 dec'ernimus,
1416 4640 1562 4731 praefati
1589 4641 1719 4712 domini
1746 4639 1855 4712 Iler-

299 4762 389 4834 slai
408 4765 562 4834 canonici
580 4764 751 4854 legitimos
769 4764 1062 4854 praedecessores,
1078 4765 1260 4836 canonicos
1275 4764 1436 4834 ecclesiae
1456 4762 1704 4850 Cracoviensis,
1719 4781 1781 4833 seu
1795 4782 1854 4834 ca-

298 4887 496 4957 nonicatum
511 4892 546 4956 et
559 4884 800 4976 praebendam,
821 4908 905 4977 quos
924 4908 1013 4957 nunc
1032 4887 1105 4976 ipse
1124 4886 1281 4957 dominos
1299 4885 1413 4955 Dera
1424 4885 1525 4957 laus
1543 4885 1579 4958 in
1597 4885 1690 4956 dicta
1707 4881 1855 4955 ecclesia

297 5002 517 5077 Cracoviensi
543 5004 648 5075 habet
675 5011 710 5075 et
736 5005 900 5094 possidet,
928 5026 948 5075 a
974 5005 1186 5094 temporibus
1204 5004 1368 5094 legitimis
1386 5004 1422 5074 in
1441 5003 1610 5074 dictarum
1629 5002 1853 5093 decimanum,

296 5126 559 5215 manipularium
586 5133 621 5197 et
642 5127 864 5216 pecuniarum
890 5128 926 5197 in
945 5126 1047 5196 dictis
1067 5125 1158 5195 villis
1177 5132 1212 5196 et
1230 5127 1383 5195 tabernis
1403 5125 1688 5214 provenientium,
1705 5121 1853 5213 pacifica

297 5253 332 5316 et
359 5246 477 5336 quieta
502 5248 701 5338 possesione
728 5248 783 5318 vel
811 5249 908 5338 quasi
933 5242 1049 5337 nosse,
1069 5252 1104 5317 et
1122 5246 1300 5317 exstitisse
1327 5254 1362 5318 et
1389 5246 1526 5317 easdem
1553 5246 1664 5316 dictos
1692 5243 1853 5317 dominos

297 5368 479 5437 canonicos
496 5366 741 5440 Gracovieuses
760 5369 843 5440 dicti
863 5367 992 5439 domini
1014 5367 1200 5438 Derslai
1227 5374 1461 5439 antecessores
1480 5367 1630 5439 decimas
1654 5366 1854 5461 percepisse

298 5490 333 5554 et
346 5483 479 5555 levasse
494 5508 570 5557 cum
585 5486 720 5576 effectu,
739 5489 916 5579 dictosque
934 5489 1097 5578 plebanos
1116 5494 1350 5560 antecessores
1369 5488 1477 5578 ipsios
1497 5488 1626 5561 domini
1640 5494 1675 5559 et
1688 5487 1855 5577 magistri
