4050 6054
287 386 385 495 avr
443 336 449 342 ¹
513 478 520 489 ,

281 612 346 686 pro
372 599 528 687 tempore
554 596 676 668 unicus
703 603 760 668 est
785 596 932 669 collator
958 601 995 668 et
1020 601 1196 687 patronus,
1225 616 1326 688 quam
1346 616 1438 668 nuuc
1455 596 1591 669 obtinet
1619 595 1768 668 Thomas
1788 598 1833 669 de

281 713 645 807 Keprzyvvnicza
671 718 864 808 presbyter,
891 716 989 789 cuius
1015 717 1114 789 iuxta
1139 722 1244 808 atque
1271 712 1489 806 praebendae
1506 721 1630 788 tenues
1646 723 1732 788 sunt
1748 738 1829 808 pro·

281 836 484 938 venmspde
512 836 636 927 quibus
662 836 807 908 inferius
834 857 984 927 agemus.

383 956 583 1047 Pvruunr,
620 958 703 1028 villa
730 959 794 1029 sub
821 958 986 1047 parochia
1014 958 1179 1029 ecclesiae
1206 957 1249 1027 de
1276 955 1554 1029 Obrzaszow
1589 959 1673 1049 sita,
1709 959 1832 1030 eadem

281 1098 357 1148 cum
383 1077 453 1167 illa,
481 1098 583 1167 quam
611 1079 647 1148 in
675 1079 912 1169 superioribus
939 1078 1192 1168 descripsimus,
1221 1078 1317 1148 cuius
1345 1072 1615 1149 diversificatum
1640 1084 1695 1151 est
1722 1079 1831 1150 domi-

279 1198 384 1288 nium;
412 1205 529 1269 custos
556 1199 648 1269 enim
672 1197 961 1271 Sandomiriensis
988 1200 1095 1269 habet
1111 1199 1147 1268 in
1166 1219 1208 1269 ea
1226 1204 1375 1289 quatuor
1401 1199 1519 1270 laneos
1539 1204 1575 1269 et
1592 1220 1697 1271 unam
1714 1200 1831 1272 taber-

281 1340 369 1408 nam,
397 1319 596 1409 praebeuda
622 1340 705 1392 vero
731 1320 834 1392 huius
861 1319 1013 1391 vicariae
1040 1319 1146 1391 habet
1164 1320 1200 1391 iu
1219 1339 1260 1391 ea
1278 1319 1365 1391 duos
1392 1320 1510 1391 laneos
1539 1320 1711 1410 quondam
1729 1339 1831 1411 prae·

283 1439 410 1529 diales,
446 1459 536 1510 nunc
572 1440 813 1530 cmethonales,
849 1459 1013 1530 praesens
1043 1459 1126 1510 vero
1163 1439 1295 1511 vicaria
1329 1440 1435 1511 habet
1461 1441 1498 1510 in
1524 1461 1566 1511 ea
1592 1440 1678 1512 duos
1712 1442 1831 1514 laneos

283 1559 534 1651 cmethonales,
572 1581 717 1651 quorum
744 1559 889 1651 quilibet
914 1581 978 1650 pro
1005 1580 1120 1631 annuo
1148 1581 1252 1632 censu
1287 1581 1350 1651 pro
1377 1559 1466 1632 festo
1492 1560 1527 1632 S.
1552 1560 1700 1634 Martini
1727 1562 1832 1634 solvit

282 1678 458 1771 praefatae
484 1681 634 1751 vicariae
660 1701 764 1752 unam
791 1701 868 1753 cum
895 1680 1038 1752 dimidia
1059 1701 1221 1770 marcam3
1248 1681 1331 1752 item
1349 1681 1496 1771 triginta
1522 1702 1595 1772 ova,
1623 1682 1710 1754 duos
1729 1702 1831 1773 capo-

282 1822 353 1891 nes,
381 1800 467 1872 duos
494 1822 624 1889 caseum
650 1803 734 1873 item
752 1823 821 1873 non
840 1802 1002 1872 laborant
1028 1800 1177 1890 praefati
1204 1801 1402 1873 cmethones
1430 1803 1564 1893 aliquos
1591 1801 1739 1894 labores,
1765 1822 1830 1874 nec

282 1927 445 1993 tenentur
462 1921 507 1993 ad
526 1943 594 2011 eos,
621 1923 704 1993 item
731 1922 880 2013 praefati
907 1923 1107 1993 cmetbones
1135 1923 1275 1994 solvunt
1293 1922 1460 1993 decimam
1486 1923 1735 2014 manipularem
1753 1944 1832 1996 cum

282 2040 360 2112 aliis
395 2041 633 2113 emethonibus
670 2041 846 2113 custodiae
879 2040 1169 2131 Sandomiriensi,
1195 2042 1239 2113 de
1266 2063 1386 2113 eorum
1414 2043 1507 2132 agris
1534 2042 1832 2115 archidiaconatui

281 2160 552 2234 Sandomiriensi
577 2162 614 2233 in
639 2159 865 2257 pontianam,
901 2163 985 2233 item
1012 2161 1161 2251 praefati
1194 2163 1393 2234 emethones
1420 2163 1603 2234 vicariales
1630 2165 1832 2237 canonicum

281 2280 593 2355 Sandomiriensem
621 2282 664 2354 de
690 2282 891 2372 praebenda
916 2272 1123 2373 Pyekarska
1144 2303 1222 2354 cum
1248 2284 1326 2355 aliis
1355 2285 1594 2356 emethouibus
1620 2284 1723 2356 villae
1740 2286 1832 2356 eius-

282 2401 360 2476 dem
377 2401 423 2473 ad
439 2403 672 2493 praebendam
690 2401 895 2495 Pyekarska
916 2403 1182 2494 pertinentibus,
1203 2404 1245 2475 “m
1271 2403 1485 2496 Pyekary
1510 2404 1706 2478 venientem
1725 2406 1830 2479 semel

282 2523 319 2597 in
345 2543 436 2595 anno
463 2524 649 2614 excipiunt,
676 2530 713 2595 et
740 2504 858 2613 avena,
884 2521 996 2615 foeno,
1022 2524 1134 2615 gallis,
1162 2525 1309 2597 cervisia
1335 2530 1372 2597 et
1397 2546 1486 2616 pane
1513 2532 1719 2616 pmcurant;
1744 2528 1830 2599 item
1866 2524 1872 2532 '

282 2643 481 2733 praebenda
506 2643 665 2734 praefata
690 2643 895 2737 Pyekarska
912 2645 1108 2729 nonbabet
1134 2644 1282 2737 domum,
1310 2652 1371 2718 aut
1397 2667 1515 2718 aream
1539 2645 1831 2721 Sandomiriae

282 2764 375 2838 inter
402 2764 594 2836 santonicos.
876 2826 880 2831 .
1637 2776 1643 2783 ·

387 2884 475 2957 ltem
501 2885 698 2976 praebenda
723 2885 881 2977 praefata
914 2887 1013 2960 iuxta
1047 2888 1163 2961 omnia
1188 2893 1347 2979 regestra
1380 2893 1503 2962 taxata
1530 2895 1584 2961 est
1610 2889 1656 2960 ad
1682 2895 1831 2981 quatuor

283 3024 427 3081 marcas.

767 3391 1011 3474 Praebenda
1046 3391 1355 3499 Dwyekoaslra.

387 3614 592 3691 Praebenda
616 3614 906 3687 Sandomiriensis
933 3614 1173 3705 Dvyclroszka
1207 3615 1520 3688 denominationem
1546 3637 1644 3687 suam
1674 3617 1833 3693 trahite

285 3737 367 3809 villa
384 3736 567 3828 principali
594 3737 649 3809 sui
674 3734 811 3827 fundus,
835 3735 1133 3828 vayekoszy,
1159 3737 1257 3808 cuius
1285 3734 1434 3828 collatio,
1460 3737 1614 3827 previsio
1633 3743 1669 3809 et
1687 3740 1830 3828 quaevis

285 3857 468 3948 dispositio
503 3857 549 3929 ad
581 3857 780 3948 episcopum
815 3854 1079 3929 Gracovienscm
1115 3878 1179 3946 pro
1206 3863 1362 3947 tempore
1396 3858 1567 3948 pertinet,
1603 3879 1706 3949 quam
1741 3878 1833 3932 nuuc

284 3984 382 4050 tenet
408 3977 637 4069 Sbigneus
664 3978 707 4049 de
733 3976 1020 4050 Oleschnica
1045 3978 1171 4050 nobilis
1190 3978 1232 4049 de
1250 3978 1356 4049 armis
1381 3977 1584 4051 Dambno
1611 3981 1710 4069 regni
1728 3980 1831 4053 Polo-

285 4099 364 4171 niae
389 4099 699 4191 vicecancellarius,
728 4100 824 4171 cadus
850 4105 932 4171 sunt
958 4105 1147 4190 proventus
1173 4098 1396 4190 infrascripti

388 4220 612 4312 vavnuozv,
637 4221 722 4294 villa
745 4221 846 4293 iuxta
871 4221 1012 4293 fluvium
1038 4219 1236 4293 Lukawa
1263 4225 1299 4291 et
1317 4221 1381 4293 sub
1408 4221 1574 4311 parochia
1599 4220 1763 4294 ecclesiae
1790 4222 1833 4296 de

285 4339 407 4435 Gory
433 4343 512 4433 sita,
537 4342 664 4416 iimdus
681 4343 867 4434 primarius
886 4342 1104 4434 praebendae
1121 4341 1410 4415 Sandomiriensis
1435 4342 1683 4434 vayekcszka,
1710 4328 1834 4436 inqua

285 4471 368 4539 sunt
402 4464 520 4539 decem
547 4472 583 4538 et
608 4470 686 4538 octo
713 4465 806 4537 lanei
832 4464 1085 4557 emethonales,
1112 4470 1148 4536 et
1175 4464 1321 4555 quilibet
1355 4484 1419 4555 pro
1446 4484 1561 4537 annuo
1593 4484 1700 4539 censu
1727 4465 1832 4538 solvit

283 4608 408 4661 novem
435 4592 584 4678 mattos,
619 4588 703 4660 item
731 4592 880 4678 quatuor
905 4586 1029 4659 choros
1057 4607 1187 4660 avenae
1214 4585 1503 4658 Sandomiriensis
1538 4607 1721 4660 mensurae
1751 4607 1832 4659 con-

284 4707 404 4799 fertae,
431 4709 515 4781 item
540 4708 629 4782 duos
654 4709 775 4800 gallos,
802 4728 921 4781 caseos
947 4715 1064 4781 autem
1090 4728 1160 4779 non
1187 4707 1287 4798 dant,
1313 4727 1426 4799 neque
1452 4728 1526 4780 ova
1570 4709 1660 4780 Item
1687 4709 1833 4800 quilibet

286 4829 329 4901 de
356 4830 456 4903 laneo
483 4834 623 4901 tenetur
648 4850 752 4901 unam
779 4829 871 4901 diem
888 4830 925 4901 in
943 4829 1139 4920 septimana
1153 4828 1314 4901 laborare
1331 4829 1474 4920 proprio
1501 4834 1619 4902 aratro
1637 4836 1699 4902 aut
1717 4850 1832 4921 cumu,

285 4952 370 5024 item
396 4949 561 5024 ducturas
586 4949 727 5045 faciunt,
753 4951 815 5025 sed
833 4950 880 5025 ad
895 4951 1067 5023 rationem
1094 4950 1228 5023 dierum
1245 4951 1283 5023 in
1301 4949 1495 5045 septimana
1516 4948 1723 5041 debitorum
1749 4951 1833 5023 item

284 5078 367 5146 sunt
392 5073 441 5145 ibi
467 5079 618 5165 quatuor
643 5074 809 5145 tabernae
834 5072 1002 5146 babentes
1029 5092 1151 5164 agros,
1179 5092 1325 5164 quarum
1351 5072 1464 5163 prima
1490 5092 1554 5164 pro
1581 5093 1695 5145 annuc
1727 5093 1832 5147 censu

284 5194 390 5269 solvit
415 5193 501 5267 duas
526 5214 674 5284 marcas,
710 5194 862 5266 secunda
887 5214 991 5266 unam
1017 5213 1095 5265 cum
1121 5193 1265 5267 dimidia
1289 5213 1449 5285 marcam,
1476 5193 1585 5268 tertia
1609 5215 1711 5267 unam
1739 5215 1832 5266 mar-

285 5334 371 5409 cam,
396 5322 523 5413 quarta
547 5315 652 5391 etiam
679 5332 783 5389 unam
809 5336 978 5408 marcam,
1014 5315 1151 5391 labores
1178 5321 1294 5391 autem
1321 5316 1566 5411 septimanales
1593 5336 1663 5393 uon
1688 5315 1831 5391 iaciunt.
