4050 6054
234 450 308 520 598

232 656 343 727 bonas
369 655 501 746 sylvas,
530 674 573 725 en
600 655 724 743 quibus
761 661 877 746 potest
911 656 1076 727 notabilis
1102 657 1287 746 provemre
1313 657 1466 747 utilitas,
1493 659 1523 728 si
1551 660 1639 731 bene
1665 666 1791 732 custo·

234 776 377 847 diuutur
402 783 438 845 et
463 779 644 865 reguntur,
671 775 754 845 item
782 775 817 845 in
845 777 964 847 eadem
987 775 1071 847 villa
1097 783 1151 847 est
1177 778 1274 848 curia
1299 779 1458 849 canonici
1484 780 1572 849 bene
1600 778 1790 851 aedificata

235 902 271 967 et
296 895 474 984 praedium
510 894 642 965 habens
677 916 779 984 agros
805 896 906 984 latos,
935 897 970 966 in
996 902 1070 967 tres
1103 917 1241 986 campos
1273 898 1421 987 divisos,
1456 918 1499 969 ex
1535 899 1661 988 quibus
1696 899 1790 972 nulli

233 1016 338 1087 solvit
364 1016 549 1104 decimam,
585 1016 645 1086 sed
672 1037 747 1087 eam
775 1037 838 1105 pro
866 1038 903 1088 se
930 1018 1023 1087 tollit
1049 1023 1085 1088 et
1111 1018 1146 1087 in
1173 1018 1335 1089 borreum
1372 1039 1471 1089 sunm
1508 1020 1648 1091 inducit
1693 1021 1788 1092 Item

234 1136 317 1207 villa
352 1134 509 1225 praelata
544 1136 695 1207 continet
730 1156 806 1207 cum
843 1138 952 1208 villis:
989 1138 1391 1228 Npeuszlrurzow,
1432 1140 1788 1242 Baczkowicze,

234 1258 453 1327 Baranow
490 1257 750 1347 episcopalibus,
778 1258 1066 1329 Vladislaviensis
1104 1260 1341 1349 epIscopatus,
1368 1265 1404 1330 et
1431 1282 1508 1331 curn
1534 1261 1628 1333 villis
1652 1261 1788 1333 milita-

233 1378 329 1449 ribus
347 1377 586 1469 Pyskrzyn
614 1386 650 1449 ot
666 1378 913 1470 Slopyccz,
940 1386 976 1451 ct
994 1379 1120 1471 ubique
1139 1385 1221 1451 sunt
1238 1381 1331 1452 inter
1344 1381 1446 1453 villas
1465 1382 1566 1471 signa
1583 1387 1620 1453 et
1637 1382 1786 1473 scopuli

642 1642 801 1744 Quarta
837 1641 1078 1745 praebenda
1112 1643 1153 1723 S.
1186 1642 1370 1748 Georgii.

336 1862 469 1953 Quarta
495 1863 693 1953 praebenda
720 1855 753 1935 S.
782 1862 924 1954 Georgii
950 1884 1013 1954 per
1040 1865 1201 1935 abbatem
1232 1864 1255 1935 J
1265 1865 1488 1935 ohannem
1517 1865 1786 1956 Tbyuiciensem

232 1983 274 2055 de
292 2004 460 2056 consensu
479 1984 585 2055 totius
604 1985 760 2055 coenobii
780 1984 1019 2076 ThyniciensiS
1038 1984 1082 2054 ad
1101 1984 1302 2074 petitionem
1331 1983 1555 2056 Gasimiri
1581 1985 1782 2059 Secundi

232 2103 396 2176 Polouiae
432 2106 524 2194 regis
555 2104 699 2176 lundata
726 2111 762 2176 ct
789 2106 911 2176 dotata
936 2110 1008 2194 est,
1044 2111 1081 2175 et
1107 2105 1189 2175 villa
1224 2106 1379 2176 coenobii
1408 2105 1646 2197 Thyniciensis
1672 2107 1786 2179 Bru·

232 2226 434 2297 nowioze
468 2247 577 2317 prope
613 2225 902 2315 Graeculam,
938 2246 1007 2296 una
1042 2246 1119 2298 curn
1149 2226 1282 2297 decima
1315 2226 1515 2298 frumentali
1555 2233 1592 2298 ot
1616 2228 1787 2318 granaria

233 2347 268 2416 in
296 2346 412 2419 dotem
438 2348 490 2417 illi
517 2349 721 2437 consignata
747 2353 801 2418 cst
827 2345 1013 2418 donatione
1039 2352 1209 2437 perpetua
1235 2352 1272 2418 et
1298 2348 1536 2437 irrevocabili,
1564 2369 1667 2438 quam
1689 2370 1786 2421 nunc

233 2473 330 2539 tenet
354 2467 532 2540 Johannes
559 2468 651 2558 Rey
686 2468 729 2538 de
764 2467 1032 2557 Scbumsko,
1067 2468 1193 2539 nobilis
1229 2467 1272 2539 de
1300 2469 1407 2540 armis
1442 2467 1645 2560 Okscha,
1680 2470 1783 2543 cuins

234 2587 446 2679 infrascripti
473 2594 554 2687 sunt
581 2594 779 2679 proventus.

336 2710 595 2799 Buuuowrczn,
622 2708 707 2780 villa
733 2710 797 2780 sub
819 2709 984 2799 parocbia
1011 2709 1176 2780 ccclesiae
1204 2708 1246 2780 de
1274 2691 1400 2781 Sancto
1419 2710 1595 2800 Stephano
1622 2711 1659 2782 in
1676 2710 1785 2783 Gra-
1815 2710 1819 2717 '

233 2829 366 2899 coria
392 2828 467 2918 sita,
494 2829 592 2900 cuius
619 2829 815 2918 proprietas
833 2828 878 2899 ad
896 2834 1058 2919 quartum
1083 2828 1373 2918 praebendarium
1401 2831 1502 2920 pleno
1521 2830 1597 2902 iure
1619 2831 1787 2922 pertinet,

232 2951 268 3023 in
296 2972 365 3043 qua
391 2955 472 3022 sunt
497 2950 589 3021 lanei
624 2949 741 3020 decem
777 2950 1028 3038 cmethonales,
1064 2955 1101 3020 et
1128 2948 1274 3038 quilibet
1299 2950 1404 3021 solvit
1438 2972 1502 3041 pro
1529 2972 1643 3023 annuo
1675 2972 1785 3024 censu

232 3080 268 3143 et
293 3093 357 3162 pro
384 3070 518 3142 decima
543 3070 750 3160 manipulari
776 3091 841 3160 pro
867 3069 956 3142 lesto
974 3070 1007 3141 S.
1025 3069 1172 3141 Martini
1198 3090 1262 3160 pro
1285 3072 1537 3160 praebendario
1564 3093 1668 3144 unam
1688 3093 1785 3145 mar·

234 3215 308 3264 cam
336 3193 526 3264 communis
553 3191 737 3282 pecuniae,
773 3191 856 3262 item
882 3191 969 3262 duas
996 3211 1174 3263 mensuras
1202 3210 1331 3263 avenae
1358 3192 1548 3283 confertas,
1583 3194 1668 3265 item
1694 3193 1787 3269 duos

233 3336 392 3404 capones,
419 3315 502 3385 item
521 3334 589 3385 non
608 3312 769 3384 laborant
794 3312 929 3403 aliquos
957 3312 1084 3382 diesin
1104 3311 1306 3402 septimana
1333 3334 1444 3403 nequo
1463 3312 1627 3386 ducturas
1645 3314 1785 3406 aliquas

231 3436 370 3507 iaciunt.
415 3434 502 3507 Item
529 3434 564 3505 in
591 3434 712 3505 eadem
738 3433 823 3505 villa
849 3437 931 3504 sunt
958 3433 1026 3503 duo
1053 3433 1144 3504 lanei
1171 3431 1383 3530 praediales,
1420 3433 1465 3503 ad
1492 3434 1784 3523 praebendarium

231 3558 457 3649 pertinentes,
485 3556 528 3626 de
556 3555 681 3646 quibus
708 3554 892 3625 canonicus
919 3553 1005 3624 nulli
1031 3553 1136 3625 soluit
1163 3553 1331 3624 decimam
1358 3554 1607 3644 manipularem
1625 3561 1662 3627 et
1678 3576 1786 3629 cana·

230 3678 354 3769 palem,
382 3677 443 3749 sed
470 3676 564 3747 solus
592 3676 687 3769 illam
713 3675 862 3767 percipit
879 3682 915 3745 ct
931 3675 968 3745 in
986 3673 1149 3746 horreum
1169 3696 1268 3746 suum
1295 3675 1437 3764 inducit
1464 3677 1785 3765 praedium-autem

231 3798 429 3871 huiusmodi
455 3797 653 3869 cmethones
680 3797 784 3869 villae
816 3795 993 3887 praefatae
1020 3801 1183 3867 tenentur
1219 3817 1296 3867 cum
1331 3796 1425 3867 omni
1460 3796 1641 3887 diligentia
1665 3797 1787 3889 dispo-

230 3940 331 4010 nere,
358 3918 508 4008 arando,
535 3917 742 4008 amicando,
770 3917 990 4006 seminando,
1016 3917 1175 3987 metendo
1203 3916 1302 3987 etin
1329 3917 1493 3988 borreum
1519 3918 1676 3990 canonici
1700 3939 1787 3992 con-

231 4041 397 4113 ducendo.
423 4039 540 4111 Habet
562 4039 668 4111 etiam
695 4044 842 4129 pratum,
869 4037 960 4127 qood
979 4035 1148 4127 praedicti
1167 4037 1365 4109 omethones
1383 4043 1549 4110 tenentur
1566 4038 1783 4132 falcastrare,

232 4169 387 4234 rastrare
422 4167 459 4233 ct
486 4161 521 4230 in
547 4161 711 4232 horreum
746 4157 919 4231 inducere.
962 4159 1051 4229 Item
1077 4158 1113 4229 in
1141 4157 1260 4229 eadem
1286 4157 1370 4229 villa
1397 4161 1451 4228 est
1478 4159 1656 4249 scoltetia,
1691 4181 1784 4251 quae

233 4284 340 4356 babet
367 4281 518 4374 quinque
545 4282 663 4353 laneos
689 4281 817 4353 liberos
845 4284 881 4350 et
907 4300 928 4349 a
954 4300 1058 4351 censu
1086 4283 1122 4349 ct
1148 4299 1170 4349 a
1196 4279 1350 4369 qualibet
1375 4278 1517 4379 decima.
1560 4279 1649 4351 Item
1675 4281 1787 4355 habet

231 4425 337 4475 unum
362 4410 502 4494 pratum
529 4422 708 4493 magnum,
746 4402 829 4472 item
856 4401 964 4472 babet
990 4401 1077 4471 duas
1104 4399 1273 4489 plscinaS,
1300 4420 1404 4471 unam
1430 4420 1609 4492 magnam,
1635 4402 1784 4499 alteram

230 4545 384 4615 parvam;
411 4525 495 4595 item
521 4523 627 4595 habet
653 4542 756 4594 unam
782 4523 972 4612 tabernam,
999 4522 1184 4593 habentem
1211 4541 1315 4611 agros
1342 4520 1386 4593 de
1412 4521 1572 4595 scoltetia
1598 4522 1651 4593 illi
1676 4522 1784 4615 largi-

231 4653 296 4736 ωε,
323 4646 383 4737 qui
409 4644 495 4717 nihil
522 4645 685 4716 laborans
712 4643 818 4716 solvit
844 4663 907 4734 pro
936 4663 1042 4714 censu
1068 4648 1142 4713 tros
1168 4661 1311 4730 marcas,
1339 4641 1423 4713 item
1451 4647 1601 4731 quatuor
1626 4644 1785 4717 hortula-

231 4768 307 4839 nias
333 4768 438 4839 etiam
464 4766 632 4838 habentes
658 4785 780 4855 agros,
807 4764 850 4836 de
877 4765 1039 4837 scoltetia
1065 4763 1135 4835 illis
1161 4763 1325 4853 largitos,
1352 4768 1389 4834 et
1415 4764 1560 4853 quilibet
1586 4764 1691 4837 solvit
1717 4786 1783 4858 pro

232 4910 337 4961 censu
363 4908 467 4959 unam
492 4906 643 4957 marcam
672 4892 708 4957 et
734 4906 841 4957 unum
868 4886 958 4958 diem
985 4883 1166 4975 pedestres
1192 4883 1354 4956 laborant
1379 4884 1416 4956 in
1444 4885 1645 4974 septimana

335 5008 424 5082 Item
451 5007 604 5079 confluat
638 5005 795 5097 praelata
820 5006 905 5078 villa
940 5026 1017 5077 cum
1043 5006 1136 5078 villis
1163 5004 1364 5096 Thanye,
1401 5003 1578 5079 etaltera
1609 5006 1784 5081 Bauno-

232 5133 387 5221 wicze,
430 5129 696 5220 Midlnylry,
740 5127 1040 5218 Krowodrza,
1094 5126 1319 5218 Rzaszka,
1362 5125 1657 5219 Modlnycza,
1701 5146 1781 5200 anm

232 5253 390 5325 omuibus
417 5247 586 5348 aspaszdp,
624 5249 685 5321 sed
711 5269 786 5321 cum
823 5247 1099 5339 Modlnycza
1134 5248 1277 5338 scopuli.

336 5372 431 5447 Villa
456 5370 614 5467 praelata
640 5371 677 5443 iu
703 5375 830 5462 monte,
856 5370 915 5465 qni
943 5369 1070 5445 dicitur
1096 5368 1294 5442 Wrozna
1321 5365 1461 5462 Gora,
1488 5368 1558 5442 sita
1583 5374 1652 5461 est,
1677 5368 1785 5463 quim
