4050 6054
336 816 530 899 Sananda
566 815 808 921 praebenda
842 816 1146 896 Tarnovienaia
1178 814 1321 895 Sancti
1356 815 1680 897 Bartholomaei.

335 1055 494 1126 Secunda
519 1054 719 1144 praebenda
737 1053 992 1143 TarnoviensiS,
1020 1074 1107 1143 quae
1125 1059 1270 1125 vocatur
1288 1053 1321 1124 S.
1339 1052 1610 1144 Bartholomaei,
1636 1052 1790 1126 fundata

231 1183 268 1247 et
294 1175 415 1247 dotata
441 1181 496 1246 est
514 1195 556 1246 ex
574 1176 802 1265 proventibus
830 1175 952 1246 altaris
980 1175 1151 1264 quendam
1179 1174 1298 1244 Sancti
1326 1174 1593 1265 Bartholomaei,
1619 1175 1656 1246 in
1675 1174 1791 1247 eecle-

231 1298 284 1369 sia
310 1296 537 1368 Tarnoviensi
564 1296 632 1385 siti,
660 1316 763 1386 quam
790 1295 926 1366 obtinet
951 1294 1187 1367 MartInus
1211 1295 1254 1367 de
1273 1349 1436 1366 .......
1462 1294 1659 1388 presbyter,
1685 1296 1789 1369 cuins

232 1416 444 1506 infrascripti
470 1423 552 1488 sunt
577 1421 776 1506 proventae.

336 1536 682 1608 Tarnovienses
708 1536 935 1608 Pistores.
974 1537 1062 1608 Item
1089 1536 1344 1608 Tarnovienses
1370 1537 1520 1627 pistores
1547 1538 1688 1611 solvunt
1717 1538 1789 1611 sei·

233 1679 382 1749 vereque
409 1663 573 1729 tenentur
598 1679 662 1747 pre
689 1678 795 1728 censu
822 1680 936 1728 annuo
964 1664 1000 1728 et
1026 1663 1194 1747 perpetuo
1225 1658 1362 1728 ratione
1389 1679 1531 1730 suorum
1558 1659 1788 1733 macellerum

232 1800 292 1850 sex
320 1798 454 1849 mareas
482 1779 518 1847 in
545 1784 668 1867 parata
694 1784 731 1849 et
756 1783 939 1849 numerata
974 1779 1120 1868 pecunia
1153 1799 1217 1868 pro
1244 1776 1334 1849 festo
1371 1777 1489 1850 Sancti
1515 1779 1681 1871 Marbni,
1718 1780 1788 1853 ael·

231 1898 361 1971 vendas
388 1898 607 1988 praebendae
634 1897 860 1969 Tamovieusi
887 1896 1066 1969 secundae.
1640 1958 1674 1989 ·..·

335 2017 552 2092 Gamerae
579 2023 800 2090 sutorum.
843 2020 931 2091 Item
960 2019 995 2089 iu
1022 2017 1149 2109 oppido
1178 2018 1370 2090 Tarnow
1398 2025 1480 2091 sunt
1505 2040 1662 2093 camerae
1687 2027 1789 2095 euta-

232 2162 318 2230 rum,
346 2140 388 2210 de
415 2140 540 2229 quibus
568 2159 628 2210 sex
655 2160 792 2212 marcae
820 2141 1002 2211 solvuntur
1028 2139 1248 2229 praebendae
1275 2140 1445 2212 secundae
1464 2140 1693 2214 Tarnoviensi
1719 2160 1788 2234 pra

232 2282 336 2333 censu
374 2280 487 2331 annno
515 2265 551 2331 et
576 2264 761 2350 perpetuo,
798 2262 857 2350 qui
884 2261 988 2332 debet
1015 2260 1103 2332 solvi
1129 2261 1165 2330 in
1192 2259 1281 2331 festa
1309 2261 1341 2332 S.
1368 2261 1524 2333 Martini.
1567 2264 1657 2334 Item
1683 2283 1790 2354 prae·

231 2380 344 2453 benda
369 2380 526 2470 praefata
552 2380 660 2453 habet
687 2379 826 2452 demum
852 2381 889 2452 iu
917 2381 1108 2453 Tarnew
1135 2382 1333 2471 contiguam
1360 2381 1477 2455 domui
1503 2382 1728 2474 praebendae
1754 2384 1790 2457 S.

231 2501 368 2572 Mariae
394 2500 438 2572 de
464 2506 589 2572 eastre.

334 2621 423 2692 Item
449 2622 648 2712 praebenda
673 2620 832 2712 praefata
857 2626 979 2694 taxata
1005 2628 1060 2694 est
1086 2622 1130 2694 ad
1150 2677 1313 2693 .......

647 3005 812 3086 vicaria
842 3005 1062 3086 secundae
1096 3006 1380 3113 praebendae.

335 3227 422 3297 Item
450 3226 649 3317 praebenda
674 3227 826 3299 secunda
852 3226 1108 3318 Tarnovieusis,
1134 3249 1222 3319 quae
1241 3229 1273 3300 S.
1292 3229 1552 3301 Bartholomaei
1578 3230 1790 3324 appellatur,

232 3349 340 3420 habet
365 3349 531 3420 vicariam
556 3353 761 3438 perpetuam
787 3349 823 3419 in
850 3348 996 3419 eeclesia
1022 3348 1260 3439 Tarnoviensi‚
1288 3352 1385 3421 cuius
1404 3353 1589 3423 canonieus
1615 3372 1681 3443 pra
1698 3358 1790 3425 tem-

231 3489 315 3560 pere
341 3469 463 3540 unicus
490 3473 545 3541 est
572 3469 718 3540 collator
743 3475 781 3541 et
806 3474 983 3560 patronus,
1012 3491 1115 3560 quam
1142 3491 1232 3542 nune
1258 3475 1356 3543 tenet
1374 3526 1382 3541 .
1400 3525 1408 3541 .
1427 3526 1434 3541 .
1454 3525 1462 3541 .
1481 3527 1515 3542 ..

421 3849 667 3933 Praebenda
700 3853 825 3932 tertia
858 3849 1173 3955 Tarnovienaia,
1206 3851 1317 3935 dieta
1357 3853 1608 3936 Lakowakr.

335 4072 455 4145 Tertia
480 4072 679 4166 praebenda
705 4072 964 4164 Tarneviensis‚
991 4095 1079 4165 quae
1106 4078 1251 4147 vocatur
1268 4074 1475 4168 Lukowska,
1501 4076 1647 4151 fundata
1665 4078 1786 4153 et‘de·

232 4198 308 4266 tata
334 4199 406 4284 est,
432 4198 473 4266 ut
497 4193 535 4265 in
563 4194 801 4285 superioribus
837 4194 1095 4285 praemisimus,
1130 4215 1194 4285 per
1227 4195 1250 4267 J
1261 4197 1484 4270 ohannem
1520 4198 1563 4270 de
1590 4198 1787 4273 Tarnow

232 4316 424 4406 palatinum
442 4314 706 4388 (iraeoviensem
724 4321 760 4387 et
776 4336 977 4405 germanum
996 4315 1070 4387 eius
1088 4315 1291 4407 Spitkonem
1318 4317 1341 4390 J
1350 4318 1652 4411 aroslawsky,
1679 4340 1785 4411 quam

231 4457 324 4507 nune
354 4436 490 4509 obtinet
523 4434 548 4509 J
557 4437 763 4509 ohannes
799 4435 842 4508 de
869 4436 1067 4508 Bobowa
1101 4437 1303 4529 presbyter,
1339 4439 1435 4510 euius
1461 4438 1675 4532 infrascripti
1700 4447 1785 4515 aunt

231 4561 431 4647 proventus.

335 4676 495 4767 Lmrow,
531 4676 614 4750 villa
640 4677 704 4749 sub
731 4676 896 4768 parochia
923 4677 1087 4749 eeclesiae
1115 4675 1158 4748 de
1184 4677 1359 4768 Lyasza
1385 4674 1506 4751 Gora
1541 4679 1630 4770 sita,
1657 4676 1786 4756 fundus

229 4797 352 4871 amena
378 4797 598 4887 praebendae
634 4798 761 4871 tertiae
796 4798 910 4871 dietae
937 4798 1135 4871 Lnlmwslra
1162 4797 1427 4891 Tamoviensis,
1462 4801 1560 4874 euius
1586 4802 1786 4893 proprietas

231 4926 268 4992 et
294 4918 484 4992 dominium
520 4917 565 4990 ad
592 4920 792 4991 eanonicam
827 4918 1048 5009 praebendae
1082 4919 1303 5012 Lnkewskey
1337 4941 1402 5012 pro
1428 4927 1585 5013 tempore
1619 4924 1786 5017 pertinet,

230 5041 266 5112 in
294 5060 363 5133 qua
390 5047 473 5113 sunt
506 5060 630 5112 novem
665 5040 757 5112 lanei
793 5040 1045 5132 amethonales‚
1073 5046 1109 5112 et
1136 5042 1281 5133 quilibet
1315 5061 1379 5135 pro
1406 5062 1511 5117 eensu
1536 5063 1652 5118 annua
1679 5042 1788 5120 solvit

231 5161 395 5236 canonice
422 5160 574 5234 infesta
601 5160 634 5234 S.
660 5160 807 5234 MartIni
834 5163 1031 5235 eommunis·
1049 5163 1215 5254 pecuniae
1234 5217 1402 5234 .......
1621 5180 1624 5185 ·

333 5280 423 5354 Item
450 5283 598 5373 quilibet
623 5280 666 5355 de
692 5282 793 5355 laneo
824 5283 930 5355 solvit
964 5303 1029 5373 pro
1056 5284 1221 5355 canonico
1257 5284 1405 5375 triginta
1439 5304 1522 5376 ova,
1559 5283 1646 5360 duna
1671 5286 1788 5379 gallos

230 5408 267 5476 et
291 5400 378 5477 dnos
406 5424 543 5497 caseos;
579 5405 663 5479 item
689 5405 829 5481 solvunt
856 5424 1000 5479 avenam
1028 5405 1114 5481 alias
1142 5422 1296 5503 omrpep,
1332 5405 1395 5480 sed
1423 5427 1493 5481 non
1514 5428 1579 5504 pro
1606 5408 1789 5507 00000100,
