4050 6054
1615 442 1688 515 265

140 666 253 737 neque
279 645 522 718 molendinum.
557 646 644 718 Item
671 653 725 719 est
752 648 800 721 ibi
828 648 1008 738 praedium
1030 647 1173 733 ,mricum
1199 647 1368 737 militare,
1405 647 1449 718 de
1475 648 1572 719 cuius
1599 651 1693 739 agris

141 766 288 839 solbitur
315 767 448 839 decima
474 769 698 859 manipularis
726 770 889 840 ecclesiae
914 770 952 841 in
977 767 1303 859 Pogu‘iszdow.

245 887 534 979 Lasczowrcza,
569 890 653 962 villa
679 891 742 962 sub
770 890 937 981 parocbia
963 890 1126 977 acclesiae
1153 890 1196 979 de
1223 888 1378 961 Obelm
1412 910 1521 980 prope
1546 889 1689 962 fluvium

142 1008 267 1080 Raba
293 1009 368 1099 sita,
396 1011 495 1083 cuiuis
521 1011 717 1103 proprietas
743 1017 779 1081 et
805 1011 995 1084 dominium
1021 1002 1190 1101 pertinet·
1200 1011 1245 1082 ad
1272 1011 1484 1082 abbatissam
1511 1017 1547 1081 et
1573 1032 1692 1083 mona-

48 1182 62 1190 .
143 1129 287 1200 sterium
314 1108 625 1233 sanctimonialium
653 1132 695 1202 dc
722 1131 1062 1224 Sthauyautlry,
1089 1132 1125 1201 in
1145 1152 1213 1222 qua
1231 1138 1313 1202 sunt
1331 1136 1478 1222 quatuor
1504 1131 1598 1201 lanei
1616 1152 1693 1203 cunr

124 1248 256 1353 ¹,medio
283 1248 538 1343 ametbouales,
573 1253 657 1323 item
686 1274 755 1323 uua
780 1253 944 1341 taberna,
980 1251 1064 1323 item
1091 1252 1292 1323 hortulania
1318 1273 1388 1323 una
1410 1252 1542 1333 habens
1568 1272 1691 1342 agr0s3

93 1344 188 1491 ᾖ
214 1371 341 1461 quibus
368 1372 527 1443 omnibus
554 1371 702 1443 solvitur
729 1373 863 1445 decima
886 1372 1114 1462 manipularis
1141 1394 1205 1463 pro
1232 1373 1472 1444 mansionariis
1490 1373 1704 1477 etpropriis·

99 1466 112 1491 ⁸
143 1464 301 1563 curribus
336 1511 400 1582 per
430 1491 566 1564 incolas
602 1493 740 1563 diruitur
766 1494 803 1565 in
829 1494 994 1565 horreum
1020 1514 1042 1564 a
1068 1495 1311 1565 mansionariis
1337 1494 1532 1583 locandum,
1561 1500 1597 1565 et
1625 1493 1694 1564 sol·

143 1619 229 1683 vrmt
255 1613 421 1684 decimam
448 1616 571 1703 canapi
607 1635 668 1704 per
695 1622 843 1704 quatuor
879 1616 1016 1704 ierugas
1044 1621 1080 1685 et
1107 1617 1204 1687 valor
1232 1615 1382 1687 decimae
1418 1616 1622 1686 aestimatur
1648 1615 1692 1686 ad

144 1735 294 1825 quinque
320 1756 465 1805 marcas.
490 1734 558 1806 Est
584 1736 689 1806 etiam
716 1736 765 1806 ibi
792 1734 1034 1827 molendinum,
1061 1737 1122 1808 sed
1149 1758 1218 1808 uon
1250 1738 1357 1809 habet
1383 1757 1502 1825 agros3
1529 1737 1614 1809 item
1640 1743 1694 1807 est

143 1856 239 1925 curia
262 1856 470 1927 coenobialis
496 1856 627 1927 habeus
655 1878 758 1946 agros
785 1857 999 1949 praediales,
1026 1859 1069 1929 de
1097 1858 1221 1948 quibus
1249 1857 1416 1929 decimam
1445 1856 1693 1947 manipularem

113 1998 118 2005 ·
145 1977 231 2065 uulli
260 1976 373 2067 solvit,
400 1978 461 2048 sed
487 1977 581 2048 illam
608 1999 672 2068 pro
700 1999 737 2049 se
764 1978 860 2050 tollit
876 1984 921 2059 ¹et
947 1980 983 2050 in
1010 1980 1175 2051 horreum
1202 2001 1302 2051 suum
1328 1980 1472 2051 inducit.

418 2241 551 2319 Prima
586 2242 865 2322 mansionaria
899 2242 1026 2322 babet
1059 2265 1181 2321 unam
1214 2240 1433 2322 decimam.

228 2458 479 2557 ..Gauscuora
508 2463 591 2532 villa
626 2463 757 2534 habeus
794 2464 828 2533 in
857 2484 893 2533 se
921 2463 1100 2534 eeclesiam
1127 2463 1380 2555 parochialem,
1406 2463 1503 2535 cuius
1529 2461 1697 2533 haeredes

80 2628 86 2637 -
146 2581 340 2655 Stauislaus
373 2581 652 2675 Kawaczslry
688 2584 731 2654 de
758 2583 859 2655 domo
1045 2584 1223 2683 lohannes
1250 2584 1490 2675 Gzyaruek
1527 2584 1698 2655 dedomo

146 2702 451 2805 ...,Nicolaus
486 2704 692 2796 Krzycsz
729 2706 771 2776 de
799 2705 900 2775 domo
928 2760 935 2775 .
963 2760 971 2775 .
1077 2713 1114 2777 et
1140 2705 1332 2777 Stauislaus
1371 2703 1698 2795 Goszwiczsky

147 2824 318 2898 dedomo
345 2880 354 2895 .
381 2879 389 2895 .
416 2880 423 2895 .
452 2880 468 2914 .,
505 2827 540 2895 in
568 2847 636 2916 qua
663 2833 744 2897 sunt
771 2826 888 2897 decem
916 2826 1007 2897 lanei
1022 2804 1285 2917 ¹''emethonalea
1313 2828 1396 2898 item
1422 2832 1495 2897 tres
1522 2827 1698 2914 tabernac,

148 2946 232 3017 item
256 2944 487 3035 hortulaniae,
516 2946 598 3017 item
626 2968 731 3017 unum
750 2947 995 3039 molendinum,
1013 2968 1100 3038 quae
1118 2948 1234 3021 omnia
1251 2948 1382 3019 habent
1400 2967 1504 3038 agros
1521 2946 1698 3037 speciales,

146 3066 191 3153 de
227 3067 352 3157 quibus
388 3068 546 3138 omnibus
583 3067 730 3138 solvitur
766 3069 899 3139 decima
933 3068 1179 3160 manipularis,
1206 3074 1243 3141 et
1273 3069 1425 3159 propriis
1451 3068 1610 3140 curribus
1637 3086 1701 3158 per

147 3187 279 3259 incolas
306 3188 444 3259 ducitur
472 3210 535 3277 pro
563 3189 806 3260 mansionariis
834 3190 867 3258 iu
896 3189 1073 3260 horreum?
1087 3210 1150 3280 per
1176 3189 1427 3261 mansionarios
1454 3188 1700 3275 locandurn,et

148 3309 288 3381 solvunt
322 3309 488 3381 decimam
525 3310 646 3399 canapi
682 3331 745 3399 per
780 3317 927 3400 quatuor
964 3311 1102 3399 ierugas
1129 3316 1165 3380 et
1192 3311 1398 3381 aestimatur
1423 3308 1521 3380 valor
1548 3309 1700 3380 decimae

148 3428 325 3519 praefatae
352 3429 398 3501 ad
424 3436 502 3501 octo
529 3451 683 3519 marcas;
707 3430 791 3501 item
818 3430 934 3501 curiae
960 3428 1130 3501 militares
1157 3429 1309 3501 eiusdem
1336 3431 1439 3501 villae
1466 3430 1640 3501 decimant
1657 3427 1701 3499 de

149 3551 243 3641 agris
270 3550 479 3624 militaribus
505 3550 653 3641 plebano
680 3557 717 3622 et
742 3550 907 3622 ecclesiae
933 3551 1062 3624 ibidem
1090 3552 1124 3620 in
1153 3549 1407 3623 Grusszow.

401 3762 596 3896 Secunda
631 3816 910 3895 mansionaria
945 3815 1073 3894 babet
1106 3813 1211 3894 duas
1245 3813 1446 3894 decimas.

255 4035 503 4137 Branoowrrn
531 4034 599 4107 alio
627 4038 762 4107 nomine
789 4036 818 4106 P
827 4038 1041 4127 yeskowa
1067 4035 1237 4127 Wolya,
1264 4035 1347 4106 villa
1374 4035 1437 4106 sub
1466 4034 1631 4125 parochia
1648 4055 1704 4107 ec-

150 4154 286 4239 clesia‘d·
301 4158 344 4228 de
371 4156 613 4247 Szanspow
638 4158 716 4247 sita,
743 4159 839 4229 cuius
857 4160 981 4229 haeres
999 4158 1125 4229 Petrus
1144 4155 1511 4247 Schalfrauyecz
1539 4157 1702 4228 dedomo

150 4280 460 4373 Antiquarum
492 4279 738 4369 Equorum,
766 4281 801 4350 iu
829 4300 898 4370 qua
924 4287 1005 4352 suut
1032 4286 1111 4351 octo
1138 4278 1229 4349 lanei
1255 4268 1509 4365 emethonal'es3
1536 4278 1620 4349 item
1646 4284 1701 4348 ta·

149 4403 259 4475 berna
292 4401 341 4471 ibi
376 4401 471 4471 nulla
507 4408 578 4490 est,
605 4402 688 4472 item
722 4401 899 4472 hortulani
926 4422 995 4472 uon
1022 4407 1121 4490 suut,
1148 4399 1191 4470 do
1219 4399 1342 4490 quibus
1370 4399 1528 4471 omnibus
1556 4399 1703 4469 solvitur

151 4523 283 4594 decima
307 4523 533 4613 manipularis
561 4523 801 4593 mansionariis
829 4530 864 4593 et
890 4543 953 4613 per
980 4523 1109 4594 incolas
1137 4522 1238 4593 villae
1266 4520 1603 4621 propriispnnibus
1634 4520 1697 4592 du·

135 4644 242 4715 citur
269 4645 305 4714 in
331 4644 496 4714 horreum
524 4664 545 4714 a
572 4644 812 4715 mansionariis
841 4644 1042 4734 locandum,
1061 4643 1271 4719 ‚et-solvunt
1297 4641 1465 4713 decimam
1492 4642 1614 4731 canapi
1639 4662 1704 4731 per

152 4771 300 4856 quatuor
335 4766 472 4855 ierugas
508 4768 544 4834 et
578 4764 675 4835 valor
702 4766 855 4836 decimae
882 4766 1086 4855 aestimatur
1111 4762 1157 4835 ad
1183 4770 1334 4856 quatuor
1359 4782 1512 4850 marcas;
1541 4763 1623 4833 item
1650 4770 1705 4833 est

152 4887 201 4958 ibi
237 4888 374 4958 unicum
411 4886 590 4976 praedium
626 4888 794 4975 militaro,
821 4886 865 4958 de
901 4887 997 4958 cuius
1025 4887 1119 4977 agris
1146 4887 1294 4959 solvitur
1321 4884 1454 4957 decima
1480 4883 1705 4975 manipularis

151 5008 316 5081 ecclesiae
344 5008 534 5099 parochiali
560 5009 596 5077 in
625 5007 874 5098 Suanspow.

265 5129 464 5219 Sausr’OW,
491 5129 576 5201 villa
609 5129 741 5200 habens
777 5129 812 5198 in
849 5149 887 5199 se
922 5127 1155 5218 parochialem
1175 5127 1381 5216 ecclesiam,
1409 5128 1506 5199 cuius
1533 5127 1704 5198 haeredes

150 5248 329 5323 Johannes
356 5258 392 5321 et
418 5249 568 5321 lacobus
596 5248 780 5340 Spitek,
808 5250 843 5320 in
871 5271 939 5339 qua
966 5255 1047 5320 sunt
1073 5249 1196 5338 viginti
1223 5248 1315 5318 lanei
1342 5249 1593 5338 cmethonales,
1621 5248 1705 5318 item

151 5373 300 5444 taberna
334 5391 421 5462 una,
449 5372 531 5443 item
557 5371 752 5460 hortulani,
780 5372 862 5443 item
889 5370 1141 5467 molendinum,
1168 5369 1211 5440 de
1238 5370 1363 5460 quibus
1390 5369 1548 5440 omuibus
1575 5369 1707 5489 apsque

255 5539 303 5579 aaa.
318 5538 414 5579 aeneae.
1510 5508 1551 5566 34
