4050 6054
232 502 307 574 420

234 708 371 780 ducitur
401 702 552 795 propriis
580 701 738 773 cmribus
766 699 802 768 in
829 699 993 769 horreum
1019 717 1041 765 a
1068 693 1211 767 custode
1241 692 1434 782 locandum,
1461 696 1498 762 et
1524 691 1668 763 solvunt
1694 688 1797 761 dcci-

234 848 324 899 mam
351 824 473 914 canapi
499 842 563 913 per
580 825 729 911 quatuor
756 819 894 908 ierugas
912 822 948 887 et
965 814 1064 887 valor
1091 814 1242 885 decimae
1262 813 1467 883 aestimatur
1494 811 1539 882 ad
1557 831 1617 884 sex
1635 830 1795 899 marcas3

235 950 318 1019 item
345 947 380 1016 in
408 944 528 1016 eadem
554 941 637 1013 villa
663 962 732 1011 non
759 944 840 1010 sunt
865 937 1094 1009 hortulaniae.
1122 936 1209 1006 Item
1227 936 1263 1005 in
1281 934 1402 1005 eadem
1429 933 1512 1004 villa
1530 938 1583 1005 est
1601 932 1794 1023 praedium

231 1068 381 1139 militare
408 1071 443 1136 et
470 1064 566 1134 curia
591 1062 722 1132 habens
750 1081 862 1149 agros,
890 1059 933 1128 de
961 1058 1085 1147 quibus
1113 1056 1246 1127 decima
1273 1054 1498 1144 manipularis
1525 1054 1705 1126 abstracta
1734 1057 1795 1123 est

234 1190 277 1259 ab
305 1186 450 1258 ecclesia
475 1186 511 1256 in
539 1182 723 1270 Ghotel,
750 1181 795 1250 ad
814 1200 916 1270 quam
935 1177 1116 1268 spectabat
1142 1177 1217 1247 iure
1236 1175 1437 1266 parochiali,
1457 1181 1492 1246 et
1509 1174 1659 1246 solvitur
1676 1173 1794 1245 eccle-

231 1310 306 1380 siae
332 1303 524 1396 parochiali
551 1309 586 1374 et
612 1302 759 1391 plebano
786 1301 822 1370 in
849 1299 1095 1370 Michalow
1122 1318 1185 1388 per
1212 1296 1480 1386 usurpationem.

337 1426 537 1512 Hoauozn,
567 1421 650 1492 uilla
676 1421 739 1492 sub
767 1420 932 1510 parochia
959 1418 1125 1490 ecclesiae
1151 1416 1195 1487 de
1222 1415 1391 1525 Ghotel
1416 1417 1502 1507 sita,
1536 1415 1632 1487 cuius
1659 1415 1796 1488 haeres

235 1546 401 1619 Derslaus
428 1542 742 1631 Sborzensky‚
763 1541 896 1611 nobilis
923 1538 966 1609 de
993 1538 1095 1609 domo
1123 1537 1400 1628 cygnorum,
1426 1537 1462 1608 in
1481 1557 1550 1627 qua
1567 1541 1649 1608 sunt
1666 1535 1796 1608 decem

234 1668 326 1739 lanei
354 1662 596 1752 emethonales‚
623 1662 706 1733 item
733 1682 801 1732 una
827 1661 975 1731 taberna
1001 1658 1133 1729 habens
1161 1679 1279 1750 agros,
1306 1658 1389 1729 item
1417 1678 1523 1729 unum
1548 1657 1796 1729 molendinum

233 1787 366 1858 habens
393 1806 505 1875 agros,
532 1783 575 1854 de
602 1783 726 1872 quibus
754 1781 912 1852 omnibus
939 1780 1087 1852 solvitur
1113 1779 1247 1850 decima
1272 1778 1498 1869 manipularis
1526 1778 1706 1851 custodiae
1725 1778 1797 1850 Vi-

235 1907 386 1978 sliciensi
412 1911 449 1976 et
465 1924 529 1995 per
545 1902 675 1975 incolas
701 1902 853 1993 propriis
881 1901 1041 1974 curribus
1068 1901 1207 1972 ducitur
1229 1901 1265 1971 in
1281 1900 1447 1972 horreum
1466 1922 1487 1971 a
1505 1899 1649 1972 custode
1668 1899 1797 1972 locan-

234 2029 323 2117 dum,
351 2031 387 2097 et
414 2023 553 2096 solvunt
587 2022 755 2094 decimam
792 2023 916 2113 canapi
941 2043 1004 2112 per
1031 2027 1180 2112 quatuor
1215 2021 1353 2111 ierugas
1381 2026 1418 2092 et
1443 2020 1542 2092 valor
1576 2021 1653 2092 eius
1681 2022 1798 2093 aesti-

234 2153 350 2217 matur
377 2145 422 2216 ad
449 2151 526 2216 octo
553 2163 696 2232 marcas,
723 2142 910 2233 aliquando
938 2142 982 2214 ad
1009 2143 1136 2213 decem.
1163 2141 1251 2213 Item
1278 2149 1352 2212 tres
1379 2148 1462 2212 sunt
1487 2141 1523 2213 in
1553 2141 1676 2212 eadem
1702 2138 1805 2215 villo¹

232 2267 462 2354 hortulaniae,
489 2286 576 2356 quae
603 2264 646 2335 de
673 2263 767 2353 agris
794 2263 1029 2353 praedialibus
1055 2264 1189 2334 locatae
1217 2267 1307 2352 sunt,
1334 2261 1501 2333 decimam
1529 2262 1698 2334 eeclesiae
1725 2284 1800 2354 pa·

235 2386 381 2459 rochiali
407 2387 443 2456 in
471 2384 638 2456 Ghotel
656 2437 851 2454 ........
875 2383 966 2455 Item
993 2383 1109 2454 estin
1137 2383 1257 2455 eadem
1283 2383 1367 2454 villa
1393 2383 1490 2454 curia
1516 2382 1680 2456 militaris
1709 2404 1799 2477 una,

236 2507 367 2577 habens
393 2506 581 2596 praedium,
609 2506 651 2576 de
670 2504 767 2575 cuius
794 2504 888 2594 agris
906 2503 1039 2574 decima
1064 2502 1291 2594 manipularis
1318 2504 1466 2575 solvitur
1492 2504 1655 2577 ecclesiae
1683 2525 1800 2596 paro·

236 2625 340 2696 chiali
366 2630 402 2696 ot
427 2625 574 2715 plebano
601 2627 637 2696 In
664 2623 851 2715 Ghotel,
878 2631 913 2696 et
940 2625 1144 2696 aestimatur
1170 2625 1268 2697 valor
1295 2624 1441 2697 eiusad
1468 2646 1529 2698 sex
1555 2644 1705 2698 marcas.

456 2884 711 2967 Subur-bium
744 2885 1020 2967 Wisliclense
1054 2887 1158 2967 alias
1190 2887 1543 2995 Przedmyeaeza.

338 3106 427 3177 Item
454 3106 612 3179 custodia
628 3105 845 3179 Visliciensis
863 3108 971 3179 habet
996 3109 1195 3199 habereque
1214 3109 1393 3180 consuevit
1409 3109 1577 3182 vicarium
1603 3090 1671 3208 sep¹
1694 3111 1798 3183 vico-

234 3226 413 3298 eustodem
452 3231 656 3317 perpetuum
683 3228 719 3298 in
746 3228 891 3300 ecclesia
917 3228 1126 3319 Visliciensi,
1153 3231 1249 3302 cuius
1276 3237 1391 3302 custos
1419 3229 1635 3302 Visliciensis
1660 3232 1796 3305 unicus

234 3354 288 3418 est
314 3346 460 3419 collator
486 3353 522 3417 et
548 3352 735 3439 patronus,
772 3369 874 3438 quam
910 3369 1001 3443 nunc
1036 3350 1172 3421 obtinet
1207 3349 1401 3421 Stanislaus
1437 3349 1798 3443 Chroberzslry·,

234 3488 322 3563 quae
348 3487 412 3557 pro
432 3487 495 3539 sua
513 3468 594 3538 dote
621 3468 727 3539 habet
753 3467 919 3539 decimam
947 3470 1197 3560 manipularem
1215 3470 1251 3540 in
1269 3471 1434 3542 suburbio
1453 3470 1660 3560 VislicIensi,
1689 3472 1791 3563 quod

234 3589 298 3658 sub
324 3588 491 3678 parochia
517 3587 683 3658 ecclesiae
709 3588 919 3678 parochialis
947 3588 979 3660 S.
1006 3589 1189 3662 Laurentii
1215 3597 1316 3662 entra
1341 3612 1458 3663 muros
1476 3591 1703 3664 Vislicienses
1729 3602 1793 3667 est

233 3708 357 3797 situm,
384 3709 420 3778 In
447 3728 515 3798 quo
543 3714 626 3779 sunt
653 3729 712 3780 sex
750 3728 826 3779 cum
853 3709 968 3780 medio
995 3710 1087 3782 lanei
1123 3711 1374 3801 cmethonales‚
1402 3712 1445 3784 de
1473 3713 1596 3804 quibus
1622 3713 1792 3787 omnibus

235 3828 365 3918 absque
393 3828 620 3899 diminutione
647 3829 795 3901 solvitur
822 3829 955 3901 decima
981 3831 1207 3921 manipularis
1242 3833 1496 3905 vicecustodiae
1522 3831 1722 3909 Visliciensi
1748 3840 1793 3908 et

234 3969 297 4037 per
323 3969 541 4037 possessores
571 3950 722 4039 propriis
749 3950 908 4022 curribus
944 3950 1081 4023 ducitur
1107 3952 1144 4022 in
1171 3953 1335 4024 horreum
1362 3975 1383 4024 a
1410 3953 1628 4027 vicecustode
1664 3953 1790 4027 locan-

234 4067 325 4156 dum,
351 4074 388 4139 et
414 4068 513 4139 valor
539 4069 691 4143 decimae
718 4072 922 4143 aestimatur
940 4073 984 4143 ad
1003 4071 1182 4143 duodecim
1201 4092 1343 4145 marcas
1370 4074 1459 4146 Item
1476 4074 1642 4146 decimam
1659 4077 1791 4167 canapi

234 4209 303 4258 non
330 4189 486 4278 solvunt,
513 4189 597 4261 item
623 4212 693 4262 non
720 4194 863 4264 suntin
890 4192 1011 4265 eodem
1048 4194 1214 4265 suburbio
1249 4215 1360 4285 neque
1396 4196 1633 4285 hortulaniae,
1667 4216 1790 4288 neque

233 4309 409 4399 tabernae,
435 4331 547 4400 neque
573 4310 780 4401 molendina
807 4334 917 4403 neque
944 4315 1105 4405 praedia3
1132 4314 1214 4385 iteiu
1243 4315 1279 4385 in
1299 4315 1418 4387 eodem
1446 4316 1611 4388 suburbio
1637 4321 1693 4389 cst
1710 4318 1791 4410 ple-

232 4430 344 4502 banus
370 4430 403 4503 S.
429 4430 622 4521 Laurentii,
648 4432 781 4503 habens
809 4454 915 4505 unum
940 4437 1077 4507 laneum
1105 4436 1287 4527 integrum.

335 4551 424 4622 Item
459 4551 618 4623 custodia
644 4552 861 4624 Visliciensis
897 4555 996 4626 iuxta
1030 4558 1173 4648 antiqua
1200 4564 1236 4631 et
1262 4580 1353 4631 nova
1388 4565 1546 4651 regestra
1580 4562 1702 4632 taxata
1730 4567 1789 4635 est

232 4671 277 4743 ad
303 4671 428 4763 viginti
453 4693 598 4743 marcas.

335 4792 425 4865 Item
452 4794 612 4865 custodia
638 4793 853 4868 Visbciensis
880 4802 916 4869 et
943 4799 1017 4870 eius
1045 4804 1161 4871 custos
1189 4821 1252 4891 pro
1280 4805 1436 4890 tempore
1462 4802 1569 4874 habet
1594 4824 1658 4893 pro
1684 4824 1789 4878 man·

232 4914 329 4985 sione
357 4935 421 4984 sua
448 4921 484 4985 et
509 4915 700 4988 residentia
727 4916 813 4988 duas
840 4938 957 5009 areas,
987 4941 1132 5010 quarum
1158 4928 1341 5012 utramque
1368 4921 1547 4994 Johannes
1572 4923 1787 5014 Dlugosch

231 5035 346 5105 senior
373 5039 490 5107 custos
517 5034 735 5108 Visliciensis
762 5032 935 5131 existens,¹
954 5061 1029 5111 cum
1049 5040 1135 5114 alias
1153 5042 1284 5113 nullum
1311 5042 1475 5114 habuerit
1501 5043 1658 5116 custodia
1674 5044 1788 5119 Visli-

231 5154 356 5227 ciensis
382 5156 494 5227 locum
514 5161 550 5228 et
569 5157 789 5249 domicillam,
816 5160 928 5231 cidem
954 5166 1121 5252 perpetuo
1149 5163 1316 5253 adiunxit,
1335 5170 1372 5234 et
1389 5186 1493 5235 unam
1520 5163 1657 5255 quidem
1674 5164 1789 5241 babet

231 5295 347 5347 aream
374 5277 480 5348 latam
508 5283 545 5349 et
570 5280 760 5369 spatiosam
796 5281 948 5353 macellis
984 5284 1198 5387 confignon,
1225 5285 1261 5354 In
1288 5306 1357 5374 qua
1383 5276 1556 5377 quondam
1580 5283 1657 5357 ruit
1682 5285 1788 5361 habi·

230 5394 318 5467 tatio
344 5398 656 5473 mansionariorum
683 5401 892 5476 vicariorum
912 5403 1178 5496 Visliciensium,
1204 5426 1267 5497 per
1285 5404 1493 5479 Jaszkonem
1520 5406 1563 5479 de
1590 5405 1790 5483 Tarnow
