4050 6054
1699 471 1772 548 ser
1911 579 1915 587 ¹

229 682 388 753 omnibus
424 679 571 751 solvitur
607 680 740 751 decima
774 680 1000 769 manipularis
1035 678 1254 768 praebendae
1290 677 1461 749 secundae
1494 677 1529 748 S.
1561 676 1703 769 Georgii
1736 686 1775 755 et

229 802 396 877 inducunt
427 821 501 871 eam
530 801 727 871 cmethones
755 800 791 870 in
818 799 1030 871 horreum'a
1056 800 1219 870 canonico
1246 798 1447 887 locandum,
1483 803 1519 869 et
1545 797 1643 869 valor
1669 801 1783 872 aestiv

227 929 344 993 matur
370 922 443 993 eius
462 922 507 993 ad
526 920 706 992 duodecim
733 941 877 1009 marcas;
904 921 989 990 item
1007 919 1172 990 decimam
1191 920 1390 1009 canapalem
1417 919 1523 991 soluit
1549 940 1612 1009 per
1630 924 1777 1010 quatuor

229 1045 416 1114 iuncturas.
451 1043 539 1112 Item
566 1042 712 1113 taberna
739 1061 809 1112 una
834 1041 965 1112 habens
994 1062 1106 1131 agros,
1134 1041 1217 1111 item
1245 1039 1465 1111 hortulaniae
1494 1040 1582 1111 duae
1607 1040 1776 1114 habentes

228 1185 341 1254 agros²
362 1160 411 1235 'de
438 1163 563 1253 quibus
591 1163 750 1233 omnibus
778 1161 925 1232 solvitur
951 1162 1083 1233 decima
1110 1161 1335 1251 manipularis
1361 1162 1579 1251 praebendae
1606 1161 1777 1236 secundae

228 1285 261 1356 S.
288 1282 430 1374 Georgii
449 1285 485 1354 in
501 1280 719 1378 ponitbroonu
745 1283 829 1354 item
856 1282 999 1372 praedia
1025 1304 1093 1355 non
1111 1282 1285 1372 militaria,
1312 1303 1424 1371 neque
1451 1282 1556 1353 etiam
1582 1283 1688 1373 regia,
1716 1282 1777 1356 sed

229 1405 437 1476 scultetialia
463 1405 541 1494 duo,
570 1409 606 1475 et
632 1404 675 1474 do
702 1405 884 1494 utriusque
911 1404 1006 1493 agris
1033 1404 1180 1474 solvitur
1207 1402 1339 1473 decima
1362 1403 1586 1492 manipularis
1613 1404 1777 1475 ecclesiae

228 1525 418 1616 parochiali
443 1526 480 1595 in
508 1524 744 1595 Trzczana
771 1529 807 1594 ct
834 1525 1067 1611 conventuali3
1095 1524 1253 1594 scoltetia
1279 1525 1369 1594 onim
1396 1528 1450 1594 est
1476 1524 1512 1594 in
1539 1524 1658 1596 eadem
1684 1525 1776 1617 uilla,

152 1627 155 1635 ’
229 1647 320 1719 duos
341 1646 580 1719 tantummodo
607 1646 740 1716 habens
767 1645 895 1735 laneos,
923 1645 958 1715 in
986 1644 1053 1717 duo
1079 1644 1223 1735 praedia
1250 1645 1388 1716 divisos.

333 1766 599 1856 Luoszoszm,
626 1765 710 1837 uilla
737 1767 800 1837 sub
829 1766 993 1856 parochia
1019 1766 1185 1836 ecclesiae
1212 1766 1255 1837 de
1274 1820 1282 1835 .
1300 1820 1309 1835 .
1327 1820 1334 1835 .
1411 1765 1489 1857 sita,
1515 1767 1551 1837 in
1577 1756 1646 1856 qua
1671 1768 1777 1838 etiam

228 1888 397 1965 asseritur
423 1886 446 1958 J
456 1887 662 1958 ohannes
681 1884 920 1958 Oracoviensis
948 1888 1128 1977 opiscopus
1155 1887 1322 1959 decimam
1349 1878 1563 1977 pecunialem
1589 1889 1775 1960 contulisse

229 2008 446 2100 praebendae
473 2007 645 2080 secundae
663 2007 696 2079 S.
711 2005 872 2099 Georgii,
899 2007 1056 2081 sednon
1083 2013 1137 2079 est
1164 2008 1362 2098 praebenda
1387 2008 1423 2079 in
1450 2008 1524 2080 eius
1550 2008 1776 2099 possessione.

514 2366 520 2375 .
655 2271 797 2350 Tertia
833 2270 1072 2375 praebenda
1105 2271 1147 2351 8.
1179 2271 1363 2375 Georpii.

335 2492 455 2563 Tertia
480 2492 679 2582 praebenda
705 2492 737 2563 S.
765 2490 908 2585 Georgii
935 2514 998 2582 por
1024 2491 1268 2563 Matthiam
1297 2493 1497 2583 episcopum
1523 2492 1777 2566 Vladislavien-

233 2635 313 2704 sem,
340 2614 488 2685 nobilem
516 2614 559 2684 de
587 2615 692 2684 armis
720 2614 920 2704 Thapor‚
945 2613 991 2684 'de
1017 2635 1186 2685 consensu
1204 2615 1312 2684 totius
1330 2615 1473 2704 capituli
1490 2614 1777 2686 Vladislaviensis
1866 2601 1869 2606 ¹
1914 2654 1917 2661 ·

237 2734 280 2806 ad
307 2735 508 2826 petitionem
536 2734 756 2806 Gasimiri
782 2736 875 2825 regis
902 2734 1101 2805 Secundi
1128 2734 1209 2806 data
1235 2739 1271 2804 et
1297 2735 1418 2806 dotata
1444 2742 1508 2825 est,
1535 2740 1570 2806 et
1596 2735 1680 2807 villa
1705 2736 1778 2826 epi-

234 2856 381 2946 scopalis
407 2856 658 2928 Janczicze
685 2857 772 2928 alias
798 2856 1028 2928 Janczina
1052 2856 1212 2947 Wolya
1238 2856 1290 2927 illi
1316 2858 1352 2928 in
1379 2857 1495 2928 dotem
1523 2857 1707 2947 assignata,
1735 2855 1777 2928 de

233 2998 300 3068 quo
326 2978 475 3075 habetur
500 2977 603 3048 litera
626 2977 785 3067 specialis
812 2978 921 3068 ipsius
948 2978 1099 3068 episcopi
1125 2977 1355 3048 Matthiae
1383 2978 1599 3068 originaliter
1625 2979 1662 3048 in
1681 2998 1779 3049 aera-

229 3099 286 3171 rio
320 3097 557 3191 Gracoviensi,
602 3098 698 3169 cuius
733 3099 994 3188 iuspatronatus
1029 3098 1074 3168 ad
1109 3098 1366 3169 serenissimum
1402 3098 1577 3170 dommum
1613 3098 1778 3170 Poloniae

231 3238 348 3309 regem
374 3219 546 3309 pertinet,
592 3239 692 3309 quam
720 3240 811 3290 nunc
837 3219 970 3291 obtinet
997 3217 1168 3309 Georgius
1195 3219 1438 3308 Lythwosz
1466 3220 1508 3291 de
1535 3220 1779 3310 Kazanow,

231 3338 357 3412 nobilis
384 3339 427 3411 de
455 3338 555 3411 domo
583 3337 993 3430 Grzymal‘itarum,
1031 3340 1128 3410 cuius
1154 3338 1368 3429 infrascripti
1395 3345 1477 3412 suut
1503 3346 1700 3431 proventus.

335 3458 539 3533 Jnuczrczn
567 3461 653 3532 alias
680 3460 935 3553 Jnuozrczsrn
962 3459 1124 3549 Wonrn,
1151 3459 1235 3530 villa
1261 3460 1324 3530 sub
1352 3461 1518 3550 parochia
1544 3461 1715 3561 ecclesiae,
1736 3463 1779 3534 de

232 3562 560 3672 Baczkowicze
587 3581 670 3652 villa
696 3582 782 3671 sita,
810 3582 905 3652 cuius
932 3581 1128 3671 proprietas
1155 3586 1191 3651 at
1218 3580 1405 3652 dourinium
1432 3582 1476 3652 ad
1504 3583 1646 3652 tertium
1679 3603 1779 3673 prae-

231 3701 436 3773 bendarium
462 3703 565 3792 pleno
592 3702 668 3772 iure
690 3702 853 3791 pertinet,
879 3703 916 3771 in
935 3723 1003 3791 qua
1021 3705 1101 3771 sunt
1118 3700 1244 3790 viginti
1262 3707 1411 3791 quatuor
1428 3700 1519 3773 lanei
1539 3703 1780 3794 cmethonaleS,

233 3830 270 3895 et
295 3823 442 3913 quilibet
468 3822 574 3894 solvit
596 3823 727 3894 tertiae
754 3822 973 3913 praebendae
1000 3843 1063 3912 pro
1091 3843 1204 3893 annuo
1233 3842 1337 3894 censu
1364 3823 1622 3912 quatuordecim
1639 3834 1780 3914 grossos

213 3943 380 4034 usuales,
407 3943 491 4014 item
518 3944 663 4034 triginta
681 3964 756 4034 ova,
783 3945 867 4014 item
885 3943 971 4016 duos
990 3963 1117 4033 caseos,
1145 3943 1228 4014 item
1256 3944 1342 4015 duos
1368 3945 1490 4034 gallos3
1516 3944 1600 4016 item
1618 3950 1781 4019 tenentur

233 4064 383 4156 propriis
411 4064 588 4136 laboribus
607 4070 642 4135 et
660 4065 788 4135 aratris
815 4086 921 4136 uuum
949 4086 1106 4157 campum
1133 4066 1353 4156 praedialem,
1381 4071 1417 4137 et
1444 4066 1549 4137 alium
1575 4088 1639 4157 pro
1658 4067 1780 4159 hyeme

233 4205 344 4276 arare,
372 4185 551 4276 seminare,
578 4190 707 4256 metere
735 4192 771 4258 ct
798 4187 834 4256 in
860 4187 1024 4258 horreum
1050 4188 1231 4278 inducere,
1259 4187 1302 4258 de
1327 4187 1509 4258 humentis
1536 4195 1652 4258 tamen
1680 4210 1781 4261 cano-

233 4307 302 4378 nici
319 4360 460 4377 ......
487 4306 589 4407 Item⁸
602 4312 657 4377 est
683 4307 719 4376 in
747 4308 867 4379 eadem
894 4308 977 4378 villa
1003 4309 1189 4400 scultetus,
1225 4309 1284 4399 qui
1309 4309 1416 4380 babet
1443 4308 1528 4380 duos
1555 4310 1674 4382 laneos
1700 4330 1780 4400 pro-

179 4514 181 4523 .
234 4428 330 4518 prios
356 4434 393 4500 et
418 4433 522 4518 prata
548 4432 584 4498 et
610 4427 744 4519 sylvas,
780 4429 863 4500 item
899 4430 1005 4502 habet
1040 4451 1144 4501 unam
1179 4431 1360 4502 tabernam
1394 4431 1580 4503 habentem
1615 4451 1718 4527 agros
1745 4437 1782 4503 et

233 4554 347 4639 prata,
373 4555 411 4620 et
437 4549 583 4621 sculteto
611 4548 715 4621 solvit
742 4569 892 4640 censum;
919 4551 1003 4622 item
1022 4551 1058 4621 in
1077 4551 1195 4622 eadem
1222 4551 1306 4622 villa
1332 4557 1386 4623 est
1412 4542 1559 4623 taberna
1585 4573 1655 4623 una
1681 4573 1783 4627 cano·

234 4669 304 4739 nici
329 4669 462 4740 habeus
490 4691 592 4759 agros
628 4675 665 4740 et
691 4677 810 4761 prata,
837 4676 874 4741 et
902 4671 1006 4743 solvit
1040 4693 1105 4762 pro
1133 4693 1237 4743 censu
1272 4693 1376 4744 unam
1411 4693 1561 4744 marcam
1598 4675 1783 4764 canonico;

233 4789 320 4861 item
346 4796 429 4861 sunt
455 4789 544 4860 duae
570 4790 789 4861 hortulaniae
825 4792 993 4863 habentes
1021 4813 1142 4884 agros,
1170 4798 1206 4864 ot
1233 4793 1378 4883 quilibet
1413 4794 1619 4867 hortulanus
1646 4795 1783 4867 laborat

234 4931 339 4982 unum
358 4909 450 4981 diem
468 4911 505 4981 in
523 4911 717 5002 septimana
742 4911 915 5002 pedester3
942 4913 1025 4985 item
1043 4920 1116 4984 tam
1134 4914 1342 5004 cmethones,
1369 4919 1440 4985 tam
1463 4915 1649 5006 hortulani,
1667 4918 1783 4988 tab'er-

160 5102 164 5107 ,
235 5037 348 5120 nator,
375 5051 478 5121 quam
496 5032 662 5102 scultetus
681 5031 819 5103 saliunt
838 5032 1005 5103 decimam
1023 5034 1274 5124 manipularem
1291 5035 1510 5124 praebendae
1527 5035 1784 5126 Janczyczskey

235 5157 272 5223 et
298 5171 374 5221 eam
400 5150 553 5242 propriis
580 5153 740 5224 curribus
775 5154 942 5225 inducunt
968 5154 1004 5224 in
1031 5155 1195 5226 horreum
1222 5156 1419 5227 canonicale
1450 5157 1486 5226 iu
1512 5155 1782 5248 Janczieze,

235 5277 272 5342 et
292 5272 397 5344 -valor
432 5273 636 5346 aestimatur
664 5274 738 5344 eius
774 5274 817 5344 ad
846 5296 906 5345 sex
934 5295 1087 5364 marcas3
1122 5277 1205 5346 item
1237 5276 1369 5347 decima
1405 5278 1588 5366 conspolis.
1632 5278 1719 5348 Item
1746 5279 1782 5349 in

236 5393 356 5468 eadem
383 5394 467 5469 villa
493 5399 574 5468 sunt
600 5402 674 5467 tres
702 5396 853 5486 piscinae
881 5396 993 5472 bonae
1021 5397 1248 5493 canonicales,
1276 5398 1359 5474 item
1377 5399 1413 5473 iu
1432 5398 1552 5473 cadem
1579 5398 1661 5471 villa
1678 5400 1784 5474 habet
