4050 6054
677 573 678 576 Ν
740 633 885 715 Altero
917 633 1060 715 Sancti
1093 632 1275 724 Antonii.

338 872 461 944 Altare
488 871 521 943 S.
540 871 612 942 Ant
596 840 683 942 tonii
710 872 746 942 in
773 872 920 943 ecclesia
946 870 1168 943 Cracoviensi
1195 871 1390 943 nonhabet
1411 868 1590 960 propriam
1611 888 1653 941 ea

235 993 332 1067 sed
322 1015 358 1063 m
375 998 475 1082 parte
502 991 720 1062 meridionali
746 991 902 1082 corporis
928 991 1104 1062 ecclesiae
1120 992 1181 1061 nni
1206 990 1331 1062 iomici
1359 988 1668 1101 applicatumfflgt

235 1113 410 1185 Johannes
437 1111 558 1183 Kmit
567 1112 638 1201 ha,
673 1113 797 1184 haeres
824 1113 867 1184 de
894 1111 970 1202 Wy
979 1113 1179 1202 sanicze,
1207 1113 1409 1201 capitaneus
1437 1108 1703 1183 (lracoviensis
1685 1116 1789 1217 ,roff

234 1232 495 1305 bilisdedomo
522 1231 940 1322 Srzeniavvitarnm,
968 1232 1253 1323 subpontiiicatu
1280 1231 1493 1303 Floriani
1521 1229 1679 1331 episcopi
1699 1224 1794 1349 Q

235 1355 414 1443 comensis,
441 1353 530 1423 a..D
561 1354 631 1423 137
636 1354 669 1424 6
694 1352 872 1443 fundavit,
898 1353 1022 1424 dotans
1049 1353 1134 1424 illud
1162 1352 1263 1425 domo
1290 1353 1394 1443 lignis
1421 1350 1619 1441 aedificata,
1644 1344 1690 1433 a
1707 1339 1792 1443 ares

233 1475 270 1544 in
288 1474 410 1564 platea
429 1472 619 1546 canonicali
638 1492 700 1544 sen
717 1473 923 1545 castrensi
913 1495 949 1545 m
972 1478 1071 1563 parte
1099 1474 1201 1544 sinist
1202 1494 1244 1543 ra
1186 1472 1374 1544 teundo
1401 1493 1444 1544 ex
1463 1471 1615 1543 castro
1605 1492 1641 1541 1n
1659 1470 1788 1541 circam

235 1595 319 1683 sita,
347 1600 383 1664 et
409 1613 472 1682 per
506 1592 652 1664 eundem
687 1592 882 1664 Johannem
908 1593 1108 1682 Kmitha,
1147 1593 1239 1682 apud
1265 1593 1504 1663 Derslaum
1521 1590 1660 1691 ‘metum
1686 1588 1789 1679 cap

235 1734 464 1804 waczyan,
490 1712 674 1783 haeredem
693 1713 736 1783 de
754 1711 776 1783 J
786 1713 1027 1803 anowicze,
1054 1721 1231 1802 coempta;
1258 1713 1301 1784 de
1320 1710 1556 1804 quopraeiatl
1571 1708 1790 1803 ularnni

235 1835 387 1926 episcopi
413 1840 448 1905 et
466 1833 608 1923 capituli
630 1831 870 1905 Oraeoviensis
888 1834 1036 1905 habetur
1054 1834 1273 1924 privilegium
1301 1834 1465 1925 speciale,
1491 1832 1671 1922 ordinans,
1696 1829 1789 1927 quod

236 1955 346 2045 altare
371 1953 563 2045 praelatum
595 1954 681 2024 nulli
708 1954 832 2025 debeat
858 1954 1008 2027 conferri
1034 1976 1097 2045 per
1123 1954 1316 2045 praefatum
1344 1951 1787 2052 domanam-Kraitham
1833 1992 1836 2001 ·

235 2081 271 2147 et
289 2096 370 2148 snos
395 2080 554 2165 posteros
582 2081 617 2146 et
636 2095 867 2165 successores,
894 2076 962 2146 nisi
988 2083 1067 2146 actu
1094 2075 1281 2165 sacerdoti,
1309 2076 1367 2166 ιιι
1386 2075 1496 2147 altare
1513 2070 1707 2165 praelatam
1734 2052 1787 2144 iis

233 2196 269 2266 in
296 2196 501 2285 septimana,
528 2195 663 2267 duabus
690 2194 853 2267 videlicet
878 2195 1003 2285 missis,
1031 2217 1099 2266 una
1116 2216 1180 2286 pro
1200 2195 1377 2285 defunctis,
1405 2195 1516 2267 altera
1543 2174 1606 2284 pro
1623 2191 1786 2285 peccatis,

234 2321 270 2386 et
287 2316 433 2388 caeteris
452 2335 515 2404 pro
534 2315 727 2406 devotione,
746 2315 882 2404 agendo
899 2316 936 2386 ιι
954 2316 1039 2405 ipsis
1066 2315 1216 2406 praelati
1233 2314 1381 2387 loannis
1408 2314 1624 2387 Kmithae
1649 2320 1687 2385 et
1704 2332 1787 2384 suae

235 2437 445 2508 conthoralis
471 2437 671 2508 memoriam
699 2436 897 2527 specialem,
924 2443 1086 2508 teneatur
1113 2436 1273 2508 officiare.
1312 2436 1403 2508 Item
1429 2456 1507 2508 cum
1523 2454 1688 2527 processu
1714 2434 1787 2505 die·

233 2577 313 2637 ram
346 2556 467 2628 domus
502 2556 614 2629 dotati
649 2556 771 2629 altaris
806 2556 956 2647 praelati
991 2556 1114 2628 luisset
1150 2556 1309 2628 incendio
1344 2557 1382 2629 in
1415 2563 1528 2631 totum
1564 2554 1787 2646 conflagrans,

233 2697 297 2748 nec
322 2677 448 2768 aliquis
483 2676 527 2747 ad
554 2678 784 2767 reparandam
811 2698 887 2749 eam
915 2678 1067 2748 animum
1103 2678 1208 2748 vellet
1235 2678 1436 2767 intendere,
1470 2683 1649 2768 staretque
1687 2676 1786 2773 annis

234 2797 352 2868 multis
379 2797 553 2888 desolata,
589 2804 625 2870 et
651 2798 764 2870 officia
782 2798 905 2870 alteris
923 2819 966 2869 ex
985 2797 1121 2870 deiectu
1147 2807 1377 2889 proventuum
1391 2799 1513 2871 altaris
1538 2797 1653 2868 forent
1679 2795 1789 2869 inter-

233 2901 349 3007 missa}
377 2918 568 2990 Thomas
603 2920 750 3009 primus,
777 2919 959 3009 episcopus
992 2898 1240 3009 Gracoviensis,
1267 2919 1464 2991 huiusmodi
1500 2916 1788 3023 deiectniffl'nge-

235 3038 420 3111 ricorditer
450 3060 667 3129 compassus,
703 3039 790 3111 duas
818 3039 968 3110 decimas
1003 3060 1141 3110 mensae
1173 3040 1377 3130 episcopalis
1408 3039 1592 3130 capitulari
1618 3056 1789 3133 comensp

188 3212 191 3221 .
234 3159 434 3249 accedente,
471 3160 574 3232 altari
609 3160 767 3251 praelato
803 3160 839 3231 in
870 3161 941 3232 vim
976 3166 1013 3231 et
1042 3180 1300 3251 recompensam
1336 3161 1458 3233 domus
1493 3166 1531 3233 et
1560 3178 1663 3231 areae
1684 3178 1790 3251 prae-

232 3278 395 3371 fatorum,
423 3282 458 3351 in
485 3282 577 3353 villis
604 3281 799 3352 Rdzavva
825 3286 862 3352 et
888 3280 1121 3371 Kamyona
1147 3281 1310 3375 donavit3
1336 3302 1453 3353 aream
1479 3301 1562 3379 vero
1588 3277 1788 3377 huiusmodi

233 3400 396 3495 capitulo¹
410 3400 633 3473 Oracoviensi
659 3401 851 3491 inscripsit,
886 3402 922 3473 ιι
950 3421 1036 3492 ιιι,
1068 3408 1106 3473 et
1132 3402 1245 3474 altera
1270 3421 1354 3475 area
1380 3402 1448 3473 sibi
1474 3402 1654 3493 contigua,
1682 3420 1786 3492 quam

232 3521 348 3593 cleriei
380 3523 580 3593 canonistas
616 3542 660 3592 er
686 3523 873 3594 donatione
899 3523 1085 3612 capitulari
1116 3523 1342 3617 obtinebant,
1367 3529 1406 3596 et
1431 3543 1520 3613 quae
1551 3519 1785 3613 magnoqaere

233 3648 268 3712 et
295 3649 450 3733 sumptu,
487 3642 550 3715 sed
574 3643 698 3714 maiori
725 3642 930 3714 difficultate
963 3643 1007 3715 ab
1034 3643 1262 3719 universitate
1293 3640 1516 3715 Graeoviensi
1546 3642 1797 3730 liberatos-,auh

233 3762 353 3834 domus
388 3763 621 3852 pulcherrime
656 3784 755 3834 muro
792 3763 907 3835 coctili
935 3784 964 3835 a.
990 3762 1032 3833 D.
1063 3764 1171 3835 1470.
1207 3762 1244 3835 in
1271 3763 1546 3837 anniversarium
1577 3767 1784 3855 perpetuum

233 3881 442 3973 Sbignei,
470 3889 609 3955 sanctae
636 3870 823 3956 memoriae
850 3885 1037 3957 cardinalis
1064 3890 1101 3955 et
1127 3885 1279 3976 episcopi
1306 3883 1560 3974 cracoviensis,
1584 3882 1786 3975 superaedi-

232 4001 335 4072 ficata
360 4010 414 4074 est
432 4024 495 4092 per
511 4003 705 4075 iohannem
732 4005 904 4076 seniorem
930 4005 1175 4111 Dlugosqh,
1203 4005 1257 4076 sui
1275 4006 1477 4079 testamenti
1502 4011 1733 4078 ιιιιιιιιιιιι.

335 4122 521 4214 ιιιιιιιι,
548 4126 632 4196 villa
650 4126 715 4196 sub
733 4127 899 4215 parochia
917 4127 1082 4197 ecclesiae
1100 4124 1145 4199 de
1171 4124 1408 4218 Trzezyana
1433 4126 1516 4218 sita,
1537 4120 1642 4198 'cuins
1658 4125 1784 4227 haema

231 4241 409 4315 «Iohannes
435 4244 727 4337 dezawsky,
753 4246 879 4318 nobilis
908 4246 950 4317 de
968 4247 1069 4318 domo
1098 4301 1258 4337 .......
1284 4248 1408 4338 inqua
1433 4252 1516 4319 sunt
1532 4251 1670 4337 sepiens
1691 4245 1785 4329 lanai

233 4365 475 4455 emethonales,
501 4366 585 4436 item
612 4367 772 4456 taberna,
798 4368 881 4438 item
909 4368 1127 4438 hortulaniae
1172 4421 1385 4458 .........
1412 4367 1455 4439 dc
1474 4366 1609 4459 quibua,
1622 4364 1784 4473 ompibus

230 4486 377 4557 solvitur
403 4486 535 4559 decima
562 4487 787 4576 manipularis
814 4489 918 4560 altari
944 4487 1120 4578 praefato,
1147 4495 1184 4562 et
1200 4510 1263 4579 per
1280 4488 1412 4559 incolas
1438 4488 1598 4587 propriis¹
1617 4480 1780 4577 curtillus

231 4606 369 4678 ducitur
395 4608 430 4678 in
457 4608 621 4679 horreum
648 4608 692 4678 ab
712 4608 873 4681 altarista
897 4608 1112 4700 eligendum,
1139 4615 1175 4681 et
1202 4610 1342 4681 solvunt
1368 4609 1536 4680 decimam
1571 4605 1695 4699 canapi
1720 4586 1784 4697 per

230 4734 380 4817 quatuor
405 4728 544 4818 ierugas
572 4734 608 4800 et
635 4729 840 4800 aestimatur
866 4729 964 4801 valor
991 4730 1144 4801 decimae
1170 4729 1347 4819 praefatae
1375 4729 1418 4800 ad
1436 4729 1523 4801 duas
1545 4748 1693 4829 musas,
1708 4727 1783 4807 ali-

231 4846 367 4937 quando
394 4848 439 4919 ed
456 4855 549 4938 tres;
575 4849 611 4920 in
631 4848 752 4921 eadem
777 4849 862 4922 ville
888 4856 943 4922 est
959 4871 1029 4921 une
1047 4851 1144 4923 curia
1170 4850 1341 4940 mihtaris,
1369 4851 1465 4922 cuius
1493 4849 1570 4940 agri
1587 4847 1782 4939 praediales

229 4968 370 5041 solvunt
396 4969 563 5041 decimam
588 4969 838 5060 manipularem
864 4970 1013 5063 plebano
1041 4977 1077 5042 et
1103 4970 1267 5042 ecclesiae
1292 4971 1330 5043 ln
1357 4969 1603 5061 Trzciana,
1630 4975 1668 5042 et
1683 4967 1783 5043 valor

229 5088 304 5159 eius
330 5091 531 5162 aestimatur
558 5090 603 5160 ad
629 5089 716 5161 duas
743 5110 885 5162 mareas.
1554 5172 1557 5176 ‚
1714 5156 1717 5161 .

332 5209 525 5281 Kanvonn
543 5211 629 5307 alias
647 5210 897 5300 Osszuxowh,
923 5210 1008 5283 villa
1024 5213 1090 5284 sub
1108 5212 1273 5301 parochia
1299 5211 1463 5299 eeclesiae
1486 5212 1528 5283 de
1547 5210 1781 5300 Tricciana,

230 5330 328 5401 cuius
354 5330 477 5402 haeres
507 5331 667 5403 Urbanas
694 5331 869 5422 Lapka,
899 5331 1026 5405 nobilis
1057 5331 1100 5402 de
1128 5331 1228 5403 domo
1254 5333 1507 5431 Druszina,
1543 5333 1580 5403 in
1607 5351 1676 5423 qua
1701 5337 1783 5405 sunt
