4050 6054
373 366 445 439 302

369 575 453 646 item
480 575 562 643 sunt
589 566 808 641 hortulaniae
835 567 1003 639 babentes
1030 587 1144 656 agros,
1172 562 1346 637 solventes
1374 568 1410 636 et
1437 562 1602 639 ducentes
1629 561 1937 635 decimam-cano·

369 696 463 782 nico,
490 700 528 763 et
553 690 653 762 valor
687 690 760 760 eius
788 688 831 758 ad
859 688 1002 777 viginti,
1030 686 1204 758 interdum
1231 685 1276 756 ad
1302 685 1429 776 uiginti
1455 706 1515 757 sex
1542 705 1675 757 mareas
1702 684 1936 787 aestimatur.

368 815 456 885 Item
483 818 564 883 sunt
590 811 639 882 ibi
665 809 741 899 agri
769 808 989 896 scultetiales,
1017 808 1242 898 appropriato
1269 805 1413 896 praedio
1441 806 1548 896 regio,
1576 806 1618 877 de
1642 805 1770 896 quibus
1787 804 1936 876 decima

369 932 592 1023 manipularis
620 930 766 1001 solvitur
791 929 827 998 in
851 925 1059 1023 palatharum
1085 927 1302 1017 praebendae
1329 926 1609 1016 Sandomiriensi,
1637 926 1698 997 sed
1723 946 1798 996 non
1816 906 1935 997 'duci-

369 1060 436 1125 tur.
470 1054 558 1123 Item
589 1050 770 1142 praedium
798 1049 847 1121 ibi
874 1049 1011 1120 unicum
1039 1049 1189 1138 regium,
1217 1048 1259 1118 de
1288 1047 1384 1118 cuius
1412 1048 1506 1137 agris
1534 1046 1761 1137 manipularis
1788 1046 1935 1117 decimu

370 1174 518 1245 solvitur
543 1171 707 1256 ecclesiae
735 1169 925 1260 parochiali
952 1170 987 1239 in
1014 1168 1354 1240 Brudzowicze.
1810 1260 1822 1271 ι

473 1293 711 1381 Summanu,
737 1290 820 1361 uilla
855 1290 919 1361 sub
955 1290 1120 1380 parochia
1155 1288 1320 1360 ecclesiae
1348 1289 1391 1360 de
1417 1289 1683 1360 Drzewicza
1709 1288 1796 1377 sita,
1824 1289 1933 1360 cuius

368 1416 491 1486 haeres
526 1412 704 1484 Johannes'
741 1410 1092 1500 Strzeszowslry
1129 1409 1171 1481 de
1206 1410 1311 1480 annis
1348 1409 1650 1501 daemonum,
1678 1410 1813 1498 inqua
1841 1416 1932 1489 sunt

368 1537 485 1609 decem
511 1516 601 1605 lanei
629 1531 871 1625 cmethonales,
899 1531 941 1603 dc
968 1532 1092 1621 quibus
1119 1530 1345 1620 manipularis
1364 1530 1504 1620 decima,
1523 1537 1559 1602 et
1576 1550 1640 1621 per
1657 1536 1810 1621 quatuor
1827 1531 1931 1603 ieru-

368 1678 430 1748 gas
458 1655 641 1745 canapaliS,
669 1654 816 1725 solvitur
841 1652 1060 1743 praebendae
1085 1651 1370 1741 Kobierniczska,
1397 1657 1433 1723 et
1459 1653 1589 1723 ducunt
1615 1672 1691 1723 eam
1719 1652 1931 1725 cmethones

370 1778 405 1848 in
431 1779 595 1849 horreum
622 1796 643 1844 a
669 1774 832 1845 canonico
859 1773 1060 1862 locandum,
1087 1773 1184 1844 cuius
1211 1773 1309 1843 valor
1336 1772 1380 1844 ad
1407 1777 1503 1862 octo,
1530 1773 1702 1844 interdum
1729 1772 1774 1843 ad
1801 1773 1930 1846 decem

369 1918 503 1968 marcas
530 1897 743 1967 aestimatur.
769 1894 856 1965 Iteni
883 1895 1049 1965 tahemae
1075 1893 1111 1964 in
1139 1892 1258 1964 eadem
1285 1893 1369 1964 villa
1395 1914 1464 1963 non
1490 1893 1673 1982 habentur,
1695 1893 1779 1964 item
1798 1894 1931 1966 bortru-

368 2019 481 2090 laniae
508 2017 613 2087 ctiam
640 2017 675 2086 in
703 2014 785 2085 villa
810 2013 969 2105 praefata
995 2034 1063 2084 non
1091 2020 1191 2102 sunt;
1217 2014 1300 2083 item
1328 2013 1506 2103 praedium
1534 2014 1672 2085 unicum
1698 2013 1862 2106 militare,
1883 2016 1932 2087 de

370 2160 437 2229 quo
465 2137 596 2208 decima
622 2134 848 2225 manipularis
875 2134 1022 2205 solvitur
1048 2134 1213 2204 ecclesiae
1240 2134 1432 2223 parochiali
1458 2134 1494 2203 in
1521 2134 1797 2206 Drzeuicza.

473 2258 736 2346 Berisamum,
763 2255 847 2326 villa
882 2254 945 2326 sub
981 2255 1146 2344 parochia
1182 2254 1346 2325 ecclesiae
1384 2254 1426 2324 de
1462 2252 1681 2346 Gelnyow
1708 2254 1794 2344 sita,
1822 2256 1930 2326 cuius

370 2380 493 2450 haeres
530 2377 677 2448 Thomas
713 2375 970 2465 Mszczugii
1005 2375 1048 2445 de
1083 2374 1261 2467 Skruyn
1293 2374 1336 2446 de
1365 2376 1469 2445 armis
1496 2375 1760 2467 Lyahancz,
1787 2376 1823 2446 in
1853 2399 1929 2467 qua

369 2504 451 2570 sunt
476 2499 627 2589 quinque
653 2497 744 2568 lanei
771 2496 1012 2586 cmethonalm,
1039 2497 1123 2567 item
1150 2516 1219 2566 una
1246 2497 1392 2567 taberna
1417 2496 1549 2566 hahens
1576 2518 1696 2587 agros,
1724 2497 1767 2567 de
1794 2498 1927 2586 quibus

370 2620 528 2691 omnihus
556 2618 703 2690 solvitur
730 2616 956 2707 manipularis
984 2616 1126 2706 decima,
1153 2622 1191 2687 ot
1208 2636 1272 2706 per
1290 2623 1439 2707 quatuor
1457 2618 1595 2707 inrugas
1614 2617 1800 2708 canapalis,
1817 2638 1927 2707 prae-

369 2740 502 2811 bendae
530 2738 811 2828 Kobiemiczsha,
830 2743 866 2808 et
884 2736 1015 2808 ducunt
1034 2758 1107 2807 earn
1128 2738 1327 2808 cmethones
1345 2738 1379 2808 in
1400 2739 1562 2809 horreum
1582 2760 1603 2808 a
1621 2739 1785 2809 canonico
1803 2737 1926 2810 locan-

369 2860 459 2951 dum,
486 2861 584 2931 cuius
610 2860 813 2931 aestimatur
840 2858 939 2929 valor
967 2858 1011 2929 ad
1039 2864 1187 2949 quatuor
1213 2879 1356 2929 marcas.
1382 2858 1471 2929 Item
1498 2860 1715 2931 hortulaniae
1742 2859 1777 2929 in
1797 2860 1922 2930 eadem

370 2982 453 3052 uilla
485 3003 554 3053 non
582 2980 776 3068 habentur;
812 2981 895 3049 item
922 2979 1101 3068 praedium
1128 2980 1265 3049 unicum
1292 2978 1461 3070 militare,
1489 2981 1531 3051 de
1558 3002 1625 3071 quo
1653 2981 1785 3052 dechna
1800 2982 1926 3053 'mani-

370 3102 502 3191 pularis
529 3101 676 3173 solvitur
703 3099 866 3171 ecclesiae
893 3099 1084 3189 parochiali
1111 3100 1145 3169 in
1174 3097 1401 3190 Gelnyow.
1880 3092 1885 3099 ’

474 3220 675 3311 Surorum,
703 3221 786 3292 villa
813 3221 876 3291 sub
903 3221 1068 3310 parochia
1094 3220 1257 3291 ecclesiae
1275 3221 1311 3290 in
1337 3219 1574 3312 Szwulyen
1601 3222 1679 3312 sita,
1697 3222 1732 3292 in
1752 3240 1820 3313 qua
1837 3228 1925 3293 suunt

370 3364 492 3414 novem
520 3342 611 3414 lanei
637 3342 879 3430 cmethonales,
907 3342 1003 3412 cuius
1029 3341 1197 3412 haeredes
1223 3341 1394 3412 Henricus
1421 3347 1457 3412 et
1483 3341 1660 3413 ,lohannes
1678 3341 1924 3434 Szycmlya

369 3463 412 3536 de
439 3464 544 3533 annis
571 3462 855 3552 Serpentum,
883 3462 925 3532 de
953 3463 1077 3552 quibus
1104 3462 1251 3533 solvitur
1277 3461 1409 3533 decima
1437 3460 1673 3553 manipularis
1700 3469 1737 3534 et
1754 3484 1816 3554 per
1834 3484 1924 3554 qua·

368 3590 450 3655 tuor
476 3584 614 3674 iemgas
642 3583 827 3673 canapalis,
853 3582 1071 3673 praebendae
1097 3582 1379 3673 Kobierniczsha,
1406 3590 1443 3655 et
1469 3582 1600 3654 ducunt
1626 3604 1700 3654 eam
1719 3584 1923 3657 cmethones

368 3706 404 3775 in
431 3705 594 3776 horreum
621 3726 643 3775 a
669 3705 832 3775 canonico
868 3703 1067 3793 locandum,
1095 3709 1131 3776 ct
1157 3705 1255 3775 valor
1283 3705 1356 3775 eius
1384 3704 1428 3774 ad
1456 3724 1516 3775 sex
1543 3725 1676 3778 marcas
1704 3705 1922 3777 aestimatur.

367 3822 456 3896 Item
482 3826 636 3915 taberna,
656 3826 747 3895 'item
774 3824 960 3914 hortulani,
987 3825 1071 3896 item
1097 3825 1277 3915 praedium
1306 3824 1432 3914 duplex
1451 3823 1597 3896 duarum
1615 3827 1798 3917 curiarum,
1816 3830 1852 3897 et
1870 3826 1917 3897 de

368 3951 516 4034 utroque
544 3943 676 4015 decima
702 3945 927 4035 manipularis
953 3944 1059 4016 datur
1085 3946 1250 4017 ccclesiae
1277 3945 1470 4035 parochiali
1496 3947 1533 4018 in
1559 3946 1808 4038 Szwolyen.

472 4064 690 4155 Knczruzn,
717 4064 801 4136 villa
836 4067 899 4137 sub
935 4066 1102 4156 parochia
1129 4067 1171 4138 de
1199 4066 1387 4138 Midlow
1413 4067 1499 4156 sita,
1527 4069 1623 4139 cuius
1650 4067 1819 4141 haeredes
1845 4067 1920 4139 An·

369 4183 470 4255 dreas
503 4184 891 4277 hliedzwieczsky
927 4186 969 4257 de
1005 4188 1111 4258 armis
1148 4186 1262 4278 Ora,
1289 4192 1327 4258 et
1351 4186 1530 4259 lohannes
1556 4187 1849 4279 Malszinsky
1875 4189 1919 4260 de

369 4304 475 4376 armis
510 4306 836 4397 Bippennium‚
862 4306 898 4376 in
926 4328 995 4397 qua
1012 4313 1103 4378 sunt
1130 4309 1281 4399 quinque
1308 4328 1385 4379 cum
1413 4309 1527 4380 medio
1553 4308 1645 4380 lanei
1673 4310 1918 4401 cmethonales,

369 4426 411 4497 de
448 4426 573 4516 quibus
607 4426 834 4516 manipularis
870 4426 1021 4518 decima,
1048 4434 1084 4499 et
1110 4448 1174 4519 per
1210 4434 1360 4520 quatuor
1386 4430 1525 4519 ierugas
1551 4431 1746 4522 canapalis,
1772 4422 1920 4505 soluitur

367 4546 586 4638 praebendae
612 4546 940 4639 Kobiemiczskiey,
968 4553 1004 4620 et
1030 4548 1161 4621 ducunt
1187 4570 1264 4620 eam
1291 4551 1490 4623 cmethones
1516 4551 1553 4622 in
1579 4552 1743 4623 horreum
1769 4572 1791 4623 a
1815 4572 1919 4623 uano-

367 4667 661 4757 nico·locandum,
689 4669 786 4740 cuius
813 4668 911 4740 valor
936 4669 980 4740 ad
1007 4671 1158 4760 quinque
1184 4690 1317 4742 marcas
1335 4672 1550 4744 aestimatur.
1576 4673 1665 4745 Item
1683 4673 1831 4745 tabema
1846 4694 1917 4745 una

366 4790 499 4862 habens
526 4810 640 4881 agros,
666 4795 704 4863 et
729 4788 878 4861 decimat
905 4790 1069 4863 canonico
1097 4790 1369 4863 Sandomiriensi
1396 4793 1431 4864 in
1455 4790 1672 4888 pupillianam,
1693 4794 1778 4866 item
1796 4794 1917 4866 hortu-

367 4908 461 4981 lauia
496 4931 564 4981 una
599 4910 731 4982 hahens
757 4930 877 5001 agros,
905 4916 943 4982 et
969 4910 1118 4983 decimat
1151 4913 1317 4984 canonico
1343 4911 1615 4987 Sandomiriensi
1642 4914 1678 4984 in
1702 4911 1917 5010 pontiliacum,

368 5029 449 5101 item
477 5030 621 5120 praedia
647 5030 715 5103 duo
742 5030 916 5121 militaria,
943 5030 987 5103 de
1014 5032 1138 5122 quihus
1165 5032 1313 5106 solvitur
1338 5032 1504 5106 ecclesiae
1538 5034 1575 5105 in
1601 5032 1801 5125 Mydlou
1825 5033 1917 5106 deci-

368 5168 424 5218 ma
450 5150 685 5241 marripularis.

470 5269 648 5363 Koerrow,
675 5272 758 5344 villa
783 5274 1040 5364 subparochia
1066 5276 1230 5349 ecclesiae
1256 5275 1300 5348 de
1326 5274 1698 5348 Strzeszowicze
1724 5274 1802 5369 situ,
1819 5275 1917 5347 cuias
