4050 6054
1713 444 1785 519 103

228 640 391 723 curribus
416 639 556 721 ducitur
582 645 617 720 in
643 643 808 729 borreum
834 667 857 719 a
882 642 1047 719 canonico
1074 644 1291 737 eligendum,
1319 653 1354 718 et
1380 645 1521 720 solvrmt
1545 646 1711 748 decimam
1729 671 1786 723 ca-

228 767 312 858 napi
338 787 405 857 per
432 773 584 857 quatuor
610 768 770 859 ierugas,
798 769 882 839 item
909 768 945 837 in
972 766 1093 837 eadem
1120 767 1204 837 villa
1230 772 1285 838 est
1312 768 1408 839 ouria
1442 768 1629 859 militaris,
1655 771 1786 843 babens
1863 784 1868 798 ’

217 888 334 978 'agros
361 887 539 977 speciales,
566 890 651 959 item
679 909 739 959 sex
766 888 986 961 hortulaniae
1014 887 1118 957 etiarn
1145 887 1314 958 habentes
1332 908 1436 977 agros
1455 888 1630 978 speciales,
1650 889 1692 960 de
1711 889 1787 987 qui·

227 1007 294 1078 bus
321 1008 480 1081 omnibus
508 1008 656 1080 solvitur
682 1008 816 1079 decima
833 1007 1058 1095 manipularis
1078 1007 1224 1095 plebano
1252 1012 1288 1077 et
1305 1007 1471 1079 ecclesiae
1498 1009 1534 1077 in
1562 1007 1786 1093 Ozolicze.
1836 1008 1838 1016 “

228 1110 347 1207 116166.
363 1129 470 1199 etiarn
497 1128 650 1199 decimae
678 1128 887 1199 canonicalis
914 1127 1119 1198 aestimatur
1146 1126 1191 1197 ad
1218 1125 1397 1199 duodecim
1423 1148 1568 1198 marcas.

333 1248 422 1320 Item
450 1248 557 1320 habet
584 1250 724 1321 tertiam
752 1248 1002 1338 manipularem
1036 1247 1203 1318 decimam
1231 1248 1267 1317 in
1294 1246 1575 1338 Ochmanovv,
1611 1248 1694 1319 villa
1721 1249 1786 1322 sub

228 1369 394 1459 parochia
421 1369 587 1441 ecclesiae
615 1370 650 1440 in
677 1368 945 1458 Bodzanov,
972 1368 1069 1439 cuins
1095 1367 1292 1458 proprietas
1311 1373 1347 1439 et
1364 1367 1552 1440 dominium
1571 1370 1724 1459 pertinet
1740 1368 1785 1440 ad

215 1489 440 1561 'abbatissam
467 1496 504 1561 et
529 1490 779 1562 monasterium
799 1488 1111 1560 sanctimonialium
1130 1487 1173 1560 de
1192 1488 1530 1581 Stanyanrhky.
1557 1491 1597 1560 ln
1617 1510 1684 1580 qua
1701 1496 1783 1560 sunt

229 1617 308 1681 octo
335 1610 428 1697 lanei
455 1610 709 1700 cmethcuales,
735 1610 820 1681 item
846 1630 916 1680 una
941 1609 1089 1680 taberna
1114 1608 1247 1681 habens
1273 1629 1394 1698 agros.
1421 1609 1505 1680 item
1531 1615 1605 1681 tres
1632 1609 1787 1682 hortula-
1871 1659 1876 1674 .

229 1732 308 1802 niae
335 1731 439 1802 etiam
466 1731 635 1803 habentes
662 1748 783 1822 agree,
820 1729 864 1801 de
892 1729 1016 1820 quibus
1043 1731 1203 1801 omnibus
1230 1729 1377 1821 solvitur
1403 1729 1536 1800 decima
1561 1731 1786 1820 manipularis
1838 1716 1846 1725 ’

230 1873 293 1943 pro
320 1853 520 1943 praebenda
547 1852 724 1944 praelata,
752 1858 789 1922 et
814 1871 877 1941 per
903 1850 1035 1922 incolas
1061 1850 1167 1923 villae
1193 1849 1331 1922 ducitur
1348 1851 1384 1921 in
1403 1851 1566 1922 borreum
1584 1871 1605 1922 a
1623 1852 1787 1923 canonico

231 1972 446 2064 eligendum,
474 1975 678 2089 ettaolvnnt
704 1972 872 2044 decimam
899 1972 1023 2061 canapi
1049 1992 1112 2062 per
1139 1977 1304 2061 quatuor.
1325 1972 1482 2061 ierugas,
1517 1977 1554 2043 et
1580 1973 1784 2045 aestimatur

230 2094 328 2164 valor
355 2094 429 2164 eius
456 2093 503 2164 ad
529 2100 607 2166 octo
633 2113 788 2180 marcas;
813 2093 898 2163 item
925 2097 980 2163 est
1006 2091 1055 2162 ibi
1073 2090 1253 2182 praedium
1271 2091 1488 2181 coenobiale,
1514 2091 1558 2164 de
1576 2093 1673 2164 cuius
1691 2092 1785 2183 agris

231 2215 436 2312 coenobium
461 2215 610 2305 puoipit
636 2213 821 2303 decimam,
849 2218 886 2284 et
912 2213 949 2283 in
975 2232 1074 2283 suum
1101 2213 1265 2285 horreum
1289 2212 1432 2285 inducit.

102 2359 104 2364 ·
333 2334 423 2407 Item
448 2334 557 2407 babet
592 2319 753 2426 quartam
788 2333 1039 2424 manipularem
1074 2332 1242 2405 decimam
1264 2333 1314 2405 in
1340 2330 1676 2425 Rovlowycze,
1701 2333 1786 2407 villa

232 2455 297 2528 aab
324 2455 490 2545 parochia
515 2455 680 2527 ecclesiae
707 2455 751 2527 (16
777 2454 1081 2544 Luborzycza
1107 2455 1192 2542 sita,
1219 2454 1317 2524 cuius
1335 2453 1459 2526 haeres
1477 2453 1647 2546 Nanayko
1665 2453 1786 2546 Wye-

233 2577 665 2688 loglowshy,nobilis
702 2575 874 2648 dedomo
909 2575 1220 2665 Antiquorum
1256 2575 1496 2665 Equorum.
1535 2575 1672 2666 inqua
1705 2582 1787 2649 sunt

237 2705 385 2788 quatuor
411 2698 503 2768 lanei
530 2688 781 2787 cmethonaleS,
809 2697 853 2768 (16
880 2697 1005 2787 quibus
1032 2696 1179 2767 solvitur
1205 2695 1339 2767 decima
1356 2696 1600 2787 manipularis;
1627 2696 1687 2768 sed
1706 2717 1785 2788 per·
1920 2793 1926 2804 ,

231 2817 346 2909 ceptio
371 2817 446 2889 eins
474 2817 730 2889 diversificatur
747 2817 784 2888 in
802 2816 889 2889 duas
916 2817 1132 2907 praebendas
1160 2814 1424 2906 cracovienseS,
1451 2816 1614 2889 videlicet
1631 2817 1666 2888 in
1685 2837 1785 2907 prae-

230 2943 362 3009 sentem
389 2938 622 3029 praebendam
650 2935 949 3031 Gosthczyczska,
977 2943 1013 3009 et
1039 2938 1073 3008 in
1101 2937 1265 3026 alteram,
1301 2957 1388 3027 quae
1414 2943 1559 3010 vocatur
1585 2937 1786 3010 Marchocz-

231 3058 313 3148 ska,
330 3064 378 3130 ¹et
404 3059 585 3130 alternatis
613 3058 747 3131 vicibus
774 3064 810 3130 et
836 3059 937 3130 annis
964 3058 1136 3149 hyemalia
1163 3063 1199 3128 et
1225 3057 1406 3129 aestivalia
1432 3057 1525 3129 inter
1551 3079 1588 3130 se
1615 3058 1785 3147 dividunt

231 3200 300 3250 uno
328 3180 419 3251 enim
445 3186 554 3251 anno·
572 3200 739 3270 praesens
776 3179 975 3270 praebenda
1010 3176 1289 3269 Gosthozyczska
1323 3179 1471 3268 percipit
1505 3179 1677 3269 hyemalia
1712 3180 1785 3250 sine

232 3299 474 3399 aestivalibus,
510 3300 733 3391 alterovero
759 3299 943 3372 aestivalia
978 3299 1052 3370 sine
1079 3297 1314 3389 hyemalibuS,
1350 3304 1386 3370 et
1412 3297 1531 3370 eodem
1558 3298 1658 3370 modo
1685 3320 1786 3390 prae·

127 3491 131 3497 .
164 3515 167 3519 ,
232 3420 348 3494 benda
372 3419 624 3493 Marchoczsha
659 3442 733 3493 eam
761 3420 939 3493 consuevit
965 3419 1104 3506 sortiri;
1139 3422 1301 3488 tenentur
1333 3424 1448 3490 autem
1484 3420 1682 3491 ometbones
1709 3440 1785 3492 earn

232 3542 385 3632 propriis
411 3543 572 3615 curribus
599 3541 762 3614 inducere
790 3541 825 3612 in
853 3540 1015 3611 horreum
1043 3558 1064 3607 a
1090 3536 1253 3608 canonico
1281 3536 1494 3628 eligendum,
1521 3543 1557 3609 et
1582 3539 1785 3611 aestimatur

233 3663 333 3736 valor
358 3663 566 3755 hyemalium
586 3663 631 3735 ad
650 3668 799 3754 quatuor
825 3679 978 3747 marcae,
1005 3655 1221 3729 aestivalium
1241 3655 1389 3728 adduas
1415 3677 1568 3749 marcas,
1593 3663 1631 3731 ot
1647 3661 1786 3734 solvunt
1880 3666 1886 3679 '

233 3781 400 3855 decimam
437 3784 560 3874 canapi
587 3804 650 3874 per
677 3788 826 3874 quatuor
854 3781 1049 3866 iuncturas,
1086 3773 1147 3845 sod
1174 3772 1249 3844 sola
1269 3776 1473 3866 praebenda
1508 3776 1785 3871 Gesthczyczska
1919 3848 1924 3855 ,

232 3904 382 4001 percipit
407 3905 574 3977 decimam
610 3903 753 3994 canapi;
789 3902 873 3973 item
900 3904 954 3970 est
982 3899 1015 3969 in
1044 3895 1163 3967 eadem
1190 3894 1274 3966 villo
1308 3897 1405 3971 curia
1439 3899 1618 3994 militaris,
1653 3902 1785 3977 habeus

233 4045 338 4116 agros
355 4025 577 4119 praediola,
604 4026 688 4096 item
714 4043 784 4096 una
810 4022 974 4109 taberna,
1002 4019 1085 4090 item
1103 4016 1171 4088 duo
1190 4017 1384 4114 hortulani,
1412 4020 1598 4115 dequibus
1624 4026 1785 4100 omnibus

233 4146 383 4238 percipit
407 4147 573 4220 decimam
600 4146 768 4237 plebanus
795 4151 831 4216 61
857 4141 1003 4213 ecclesio
1030 4140 1065 4210 in
1091 4138 1398 4233 Mislovycze.
1522 4206 1525 4211 .

337 4267 427 4340 Item
453 4269 560 4353 habet
586 4268 740 4358 quintam
768 4261 1015 4355 manipularem
1043 4262 1208 4335 decimam
1235 4263 1271 4336 in
1288 4263 1584 4364 Wagyercze,
1611 4270 1696 4347 villa
1721 4273 1784 4349 sub

234 4390 401 4492 parocbia
434 4389 601 4463 ecelesiae
629 4389 672 4461 de
699 4388 758 4459 Bo
771 4387 955 4459 dzanow
982 4385 1070 4476 sita,
1108 4385 1205 4459 cuius
1232 4391 1428 4482 proprietas
1464 4395 1616 4483 pertinet
1642 4397 1687 4471 ad
1701 4416 1786 4473 166·

233 4512 425 4584 nasterium
452 4509 765 4585 sanctimonialium
791 4509 828 4581 in
855 4508 1192 4602 Stanyanthky.
1227 4511 1268 4583 In
1297 4536 1365 4605 qua
1391 4522 1472 4587 sunt
1509 4519 1660 4608 quinque
1693 4518 1785 4619 lapsi

235 4634 488 4724 ometbonales,
523 4639 559 4704 61
584 4653 654 4703 uua
678 4632 826 4704 taberna
852 4631 983 4704 habens
1018 4653 1122 4724 agros
1149 4632 1260 4725 quinti
1286 4636 1399 4727 lanei,
1433 4636 1630 4732 dequibus
1656 4622 1785 4730 absque

236 4755 527 4830 diversificatione
562 4753 711 4827 solvitur
736 4753 869 4826 decima
893 4773 958 4845 pro
984 4754 1184 4845 praebenda
1209 4759 1404 4850 praesenti,
1439 4764 1477 4832 et
1501 4765 1665 4834 tenentur
1690 4761 1784 4832 illam

234 4864 386 4968 propriis
413 4877 573 4948 curribus
600 4876 799 4947 cmetbones
826 4875 862 4947 in
880 4875 1042 4950 horreuui
1061 4898 1086 4948 a
1100 4862 1265 4951 canonico
1292 4880 1473 4952 locandum
1501 4882 1636 4971 ducere,
1663 4887 1699 4952 et
1717 4883 1786 4954 sol·

236 5004 321 5072 vunt
353 4999 519 5071 decimam
555 4997 678 5087 canapi
704 5018 767 5089 per
794 5004 944 5088 quatuos
976 5000 1174 5090 iuncturas,
1209 5006 1245 5072 et
1270 5002 1473 5073 aestimatur
1507 5001 1606 5075 valor
1640 5001 1784 5077 eiusad

237 5121 388 5212 quinque
413 5136 559 5194 marcu
585 5117 665 5191 Non
691 5125 746 5190 est
771 5120 820 5192 ibi
846 5120 1043 5212 praedium,
1070 5114 1184 5211 neque
1208 5121 1435 5193 hortulaniae.
1481 5142 1532 5177 ·(-

340 5242 429 5312 11616
450 5241 561 5316 habet
586 5220 719 5313 sextam
755 5242 1002 5333 manipularem
1030 5243 1196 5314 decimam
1223 5243 1257 5313 iu
1285 5242 1366 5315 Sto
1375 5265 1533 5334 guyon
1541 5264 1664 5338 ycae,
1702 5240 1788 5320 nilla

236 5362 494 5459 aob'parochia
527 5361 691 5436 eeclesiae
727 5361 771 5433 de
797 5361 1169 5458 Proscbovyere,
1210 5364 1307 5439 cuius
1341 5364 1465 5444 haeres
1499 5367 1784 5447 Bartholomaeus
