4050 6054
238 521 313 596 422

237 734 274 802 91
298 730 481 821 episeopus
507 727 756 819 cracoviensis,
784 731 820 803 in
847 731 952 802 alium
978 732 1091 803 locum
1118 731 1297 820 aptiorem,
1323 731 1370 803 ad
1395 731 1509 821 ripam
1525 730 1699 805 videlicet
1716 730 1798 805 bor·

236 871 296 923 rae
322 850 564 923 Radloriensis
591 851 780 941 transtulit,
808 856 843 925 91
869 852 912 925 (19
939 852 1049 923 sterili
1067 851 1150 923 villa
1167 853 1333 942 optimam
1351 851 1481 940 efferim
1499 851 1656 926 babebat
1675 856 1795 927 99199(

235 971 377 1063 antiqua
411 972 495 1043 villa
530 978 603 1044 tres
638 973 757 1043 laneos
793 972 1045 1061 99911999199,
1072 972 1115 1044 (19
1143 974 1268 1063 quibus
1295 973 1498 1046 solvebatur
1523 977 1561 1045 et
1586 993 1683 1047 nunc
1710 972 1795 1047 villa

235 1091 408 1164 199991919
434 1092 539 1163 solvit
564 1092 730 1164 decimam
757 1093 1005 1184 manipularem
1031 1099 1068 1165 et
1094 1080 1292 1183 canapalem
1319 1113 1383 1183 per
1410 1098 1558 1184 quatuor
1584 1094 1741 1184 ierugbs‚
1757 1097 1796 1166 et

236 1212 374 1284 ducitur
408 1213 445 1284 in
480 1214 644 1285 horreum
671 1234 693 1284 a
718 1214 883 1286 canonico
910 1213 1092 1285 locandum
1118 1219 1154 1286 et
1181 1214 1280 1286 valor
1306 1215 1380 1287 eius
1407 1213 1616 1287 aestimatur
1640 1214 1692 1287 ed
1717 1220 1793 1289 tres

235 1354 390 1422 marcas3
418 1334 501 1406 item
527 1333 667 1406 fuerunt
694 1341 731 1405 et
757 1328 847 1405 nune
873 1338 954 1407 sunt
980 1335 1041 1405 alii
1068 1335 1135 1406 duo
1162 1334 1254 1407 lanei
1281 1335 1531 1425 memorales,
1559 1335 1620 1425 qni
1646 1334 1794 1409 solvunt

235 1453 401 1526 decimam
436 1454 687 1545 manipularem
724 1448 875 1544 capellae
911 1455 1041 1526 Beatae
1067 1454 1203 1527 Mariae
1229 1454 1459 1545 Magdsleuae
1485 1456 1522 1528 in
1547 1455 1794 1545 Gracoris,

235 1575 318 1646 item
346 1575 406 1645 alii
433 1574 501 1646 duo
528 1575 619 1646 lanei
646 1576 886 1665 emetbonales‚
914 1576 973 1666 qui
1000 1574 1139 1647 solvrmt
1165 1575 1333 1648 decimam
1352 1576 1603 1667 manipularem
1619 1576 1794 1651 9999199199

234 1695 425 1785 parochiali
451 1695 487 1765 in
513 1694 720 1784 Radlow3
746 1696 830 1767 item
856 1717 925 1768 non
952 1703 1007 1768 est
1033 1696 1082 1767 ibi
1108 1696 1298 1786 praedium,
1316 1717 1428 1787 neque
1448 1697 1656 1787 hortulanis,
1676 1717 1795 1788 neque

233 1816 387 1905 taberna,
412 1836 525 1907 neque
551 1816 799 1904 molendinum3
826 1817 965 1888 novalia
991 1816 1129 1888 solvunt
1155 1818 1326 1907 episcopo.

336 1935 516 2026 11999999,
544 1936 627 2009 villa
658 1937 721 2011 sub
747 1937 913 2027 parocbia
938 1937 1104 2011 ecclesiae
1130 1937 1174 2011 (19
1200 1937 1386 2011 Radlou
1412 1937 1499 2027 sita,
1527 1937 1625 2010 culus
1652 1937 1693 2009 in
1721 1958 1795 2011 una

234 2061 335 2148 parte
370 2057 494 2130 haeres
530 2058 716 2149 Slanka‚
743 2058 869 2130 nobilis
905 2058 947 2131 de
983 2059 1084 2130 domo
1120 2058 1439 2149 Kopasebyna‚
1467 2059 1526 2149 qui
1552 2059 1690 2131 babens
1718 2059 1794 2133 illie

233 2177 364 2251 curiam
391 2183 427 2248 et
452 2178 641 2269 praedium,
669 2178 774 2251 solvit
799 2178 968 2251 decimam
993 2180 1243 2269 manipularem
1270 2178 1313 2254 de
1339 2179 1482 2269 praedio
1500 2179 1666 2253 eeclesiae
1685 2200 1794 2271 paro·

232 2297 336 2370 obiali
362 2297 399 2370 in
425 2297 619 2371 Radlow.
646 2298 734 2373 Sunt
759 2299 831 2371 illie
858 2305 1007 2389 quatuor
1033 2299 1252 2372 hortulaniae
1278 2300 1447 2373 babentes
1473 2319 1586 2390 agros,
1612 2300 1704 2375 item
1721 2320 1795 2373 uns

232 2418 380 2491 taberna
405 2419 510 2490 etiam
536 2420 669 2492 babens
695 2439 808 2511 agros,
836 2417 878 2490 de
905 2420 1029 2510 quibus
1056 2420 1214 2493 omnibus
1243 2419 1390 2493 solvitur
1407 2420 1542 2493 decima
1558 2419 1794 2511 manipularis

233 2543 270 2612 et
296 2538 435 2611 ducitur
461 2561 524 2630 per
550 2541 680 2614 incolas
706 2540 743 2612 in
769 2539 932 2614 horreum
951 2541 1115 2631 canonici,
1134 2544 1169 2613 91
1186 2540 1284 2612 valor
1303 2541 1377 2615 eius
1395 2540 1600 2615 aestimatur
1617 2541 1664 2617 ad
1682 2562 1794 2615 unam

234 2678 449 2748 sexagenam.
488 2660 576 2731 Item
613 2661 649 2734 19
684 2661 795 2735 911999
832 2667 931 2751 parte
967 2662 1071 2733 villae
1097 2661 1285 2735 dominium
1311 2662 1464 2752 pertinet
1490 2661 1535 2733 ad
1561 2660 1732 2737 abbatem
1756 2669 1796 2739 91

233 2780 482 2854 monasterium
521 2781 805 2872 Thynicieusem,
832 2782 868 2853 in
896 2803 964 2873 qua
990 2787 1074 2855 sunt
1100 2788 1248 2872 quatuor
1273 2781 1366 2855 lauei
1391 2781 1626 2856 cmetbonales
1652 2788 1694 2895 et
1722 2806 1795 2857 999

233 2900 380 2975 taberna
404 2901 536 2974 babens
562 2922 674 2993 agros
702 2901 745 2977 de
771 2903 895 2993 quibus
922 2903 1080 2977 omnibus
1106 2902 1254 2977 solvitur
1280 2902 1413 2977 (1991999
1429 2902 1656 2993 manipularis
1673 2905 1792 2981 99919-

233 3021 307 3094 siae
333 3022 525 3113 parochiali
550 3022 587 3095 19
613 3020 971 3113 Opathkowiaze
998 3044 1106 3114 prope
1133 3023 1330 3113 Melstin,
1357 3026 1393 3097 et
1418 3010 1516 3097 ider
1543 3022 1618 3099 eius
1636 3023 1684 3099 ad
1703 3046 1793 3117 qua·

233 3147 314 3215 tuor
340 3147 402 3217 aut
427 3143 577 3234 quinque
603 3165 739 3218 marcas
764 3144 983 3233 aestimatum
1009 3145 1093 3217 item
1112 3144 1220 3219 abbas
1238 3144 1392 3219 babebat
1408 3144 1590 3234 praedium
1606 3143 1646 3219 iu
1663 3146 1793 3225 eadem

233 3262 325 3353 villa,
352 3260 395 3335 Ι(19
421 3264 638 3356 9919999919
663 3265 751 3341 nulli
776 3266 882 3341 solvit
907 3265 1084 3357 decimam,
1112 3265 1173 3341 sed
1200 3285 1276 3339 eam
1302 3285 1366 3356 pro
1394 3285 1431 3337 se
1457 3264 1551 3339 tollit
1576 3269 1613 3339 et
1628 3264 1669 3341 19
1685 3287 1794 3343 suum

231 3383 397 3459 borreum
423 3384 564 3458 inducit.
1597 3402 1604 3417 ·
1760 3406 1765 3415 ·

337 3502 748 3595 meracissimam,
776 3505 877 3595 villa,
903 3506 1035 3581 habeus
1071 3507 1107 3576 in
1139 3526 1177 3579 se
1203 3496 1436 3595 parochialem
1462 3504 1662 3596 ecclesiam,
1688 3504 1792 3583 99199

232 3626 357 3699 haeres
393 3623 619 3702 Barthossius
654 3624 1021 3718 Charbnowslry,
1047 3626 1173 3700 nobilis
1211 3626 1254 3699 de
1281 3625 1382 3699 domo
1406 3624 1626 3716 Saulima,
1652 3626 1691 3701 19
1719 3648 1792 3720 qus

233 3752 314 3821 suut
340 3754 419 3823 oeto
445 3747 538 3821 19991
564 3748 807 3837 99911999199,
834 3747 877 3821 (19
903 3747 1028 3838 quibus
1055 3749 1214 3821 omnibus
1241 3747 1389 3821 solvitur
1407 3747 1540 3821 decima
1555 3746 1789 3839 99919919919

233 3867 447 3939 canonicatui
483 3872 518 3939 et
552 3868 771 3958 praebendae
805 3867 989 3959 praefatis,
1016 3874 1053 3939 et
1088 3873 1249 3942 19999199
1284 3867 1380 3941 illam
1407 3868 1606 3941 cmetbones
1631 3870 1791 3961 propriis

232 3989 391 4061 curribus
417 3988 544 4061 ducere
570 3990 606 4059 in
632 3989 797 4063 borreum
822 4010 845 4061 9
870 3990 1035 4063 99999199
1053 3989 1245 4079 locandum,
1264 3994 1301 4062 et
1318 3987 1458 4065 9919991
1475 3988 1644 4065 declinam
1662 3991 1790 4083 999991

231 4127 295 4199 999
322 4114 472 4203 quatuor
499 4109 648 4199 brugas,
675 4114 713 4182 91
738 4110 838 4184 valor
853 4108 1017 4182 'decimae
1043 4108 1221 4199 praefatae
1247 4108 1453 4183 aestimatur
1478 4109 1524 4181 ad
1541 4112 1620 4185 9919
1638 4124 1789 4187 mardes

231 4228 321 4302 Item
354 4233 411 4303 est
445 4229 495 4303 ibi
528 4231 626 4303 curia
651 4230 812 4305 militaris
838 4252 908 4303 una
933 4230 1189 4320 tantummodo,
1216 4230 1348 4302 habeas
1374 4250 1477 4320 agros
1502 4229 1718 4323 9999119199,
1744 4230 1790 4307 (19

232 4350 359 4442 quibus
385 4350 520 4426 decima
544 4352 771 4443 manipularis
797 4351 944 4427 solvitur
967 4352 1134 4427 eeclesiae
1152 4350 1346 4441 parochiali
1364 4351 1400 4422 in
1420 4350 1541 4425 eadem
1558 4350 1642 4426 villa
1659 4342 1799 4431 wira?

230 4472 549 4564 eboslswicze,
576 4473 660 4547 item
685 4473 831 4549 taberna
857 4528 865 4545 .
893 4527 901 4545 .
928 4476 954 4563 .,
980 4474 1064 4546 ilem
1090 4471 1268 4546 hortulani
1294 4526 1302 4543 .
1329 4526 1337 4541 .
1365 4525 1372 4543 .

343 4592 553 4685 Gonoaow,
579 4595 664 4668 villa
698 4596 764 4670 sub
801 4594 967 4685 parocbia
1001 4594 1166 4669 ecclesiae
1201 4593 1245 4665 de
1272 4591 1396 4669 Gora
1423 4593 1509 4683 sita,
1536 4592 1634 4671 auius
1659 4593 1791 4671 haeres

230 4714 519 4789 Bartholomaeus
547 4713 925 4807 charbinowsky‚
953 4715 1079 4789 nobilis
1106 4715 1149 4788 de
1175 4714 1277 4789 domo
1304 4713 1791 4806 8191199199999991

229 4835 339 4927 aliqui
375 4837 485 4926 campi
521 4836 842 4927 99911999199,(19
878 4837 1002 4927 quibus
1040 4836 1198 4910 omnibus
1226 4835 1373 4909 solvitur
1399 4834 1534 4911 decima
1558 4835 1791 4927 manipularis

228 4957 448 5033 99999199191
474 4962 512 5031 91
537 4957 757 5050 praebendae
782 4956 971 5049 praefatis·
986 4963 1022 5031 91
1049 4958 1179 5033 (199991
1206 4956 1302 5032 illam
1328 4955 1480 5049 propriis
1506 4955 1668 5031 curribus
1694 4977 1792 5033 ome·

94 5124 97 5129 -
229 5077 356 5150 thanes
392 5078 429 5149 in
463 5079 629 5151 horreum
663 5100 685 5150 a
720 5079 884 5152 canonico
919 5077 1103 5150 locandum
1139 5085 1176 5151 et
1211 5079 1350 5151 solvunt
1377 5076 1545 5151 decimam
1571 5078 1698 5170 canapi
1722 5100 1792 5171 per

229 5205 381 5291 quatuor
416 5199 574 5293 1999999,
600 5207 637 5275 91
671 5200 771 5274 valor
805 5200 959 5273 decimae
993 5200 1198 5273 aestimatur
1225 5198 1476 5275 9119919999
1517 5199 1607 5275 11999
1632 5220 1706 5279 999
1730 5208 1792 5275 est

231 5318 267 5391 19
302 5320 423 5394 eadem
457 5321 542 5399 villa
576 5321 737 5400 militaris
773 5322 889 5415 curia,
917 5322 1001 5394 item
1035 5320 1203 5397 tabernae
1229 5342 1298 5397 uon
1326 5326 1425 5413 9991,
1452 5320 1536 5395 item
1562 5320 1791 5405 bortulauiae

232 5448 419 5519 9999991
1747 5480 1756 5487 ·
