4050 6054
91 438 95 443 ’
244 485 317 565 cea

230 718 361 771 arenae
394 714 575 769 mensurae
609 689 785 769 confertae
821 691 1079 784 cracoviensis,
1127 692 1211 765 item
1245 689 1349 765 solvit
1383 686 1471 777 duos
1503 708 1670 784 capones,
1708 686 1800 763 item

229 819 374 909 triginta
400 838 482 907 eva,
509 819 592 890 item
611 817 697 889 duos
724 838 852 889 caseos.
878 816 966 888 Item
993 817 1030 886 in
1057 815 1178 886 eadem
1205 814 1290 885 villu
1316 818 1398 886 snut
1419 804 1514 886 'duae
1539 814 1729 902 tabernae,
1755 816 1798 883 et

230 938 404 1029 quaelibet
428 939 575 1010 taberna
600 939 707 1009 babet
724 939 883 1028 proprios
911 957 1013 1027 aornos
1042 941 1076 1008 et
1102 940 1214 1026 prata,
1240 939 1277 1006 et
1302 934 1479 1026 quaelibet
1503 933 1651 1006 taberna
1682 932 1795 1005 solvit

235 1080 298 1148 pro
326 1077 431 1129 censu
458 1077 571 1129 annue
599 1063 670 1129 tres
696 1078 850 1146 marcas3
886 1079 956 1129 non
982 1061 1144 1128 tenentur
1170 1061 1285 1127 autem
1310 1054 1551 1127 tabernatures
1578 1054 1623 1125 ad
1641 1054 1793 1145 'aliquos

235 1179 373 1249 labores
399 1177 466 1248 nisi
493 1178 538 1248 ad
557 1175 751 1271 pomulam.
776 1178 863 1248 Item
882 1178 1015 1249 suntin
1034 1177 1153 1248 eadem
1170 1176 1254 1247 villa
1271 1181 1344 1246 tres
1369 1174 1590 1246 hortulaniae
1616 1174 1793 1245 habentes

233 1318 356 1389 agros,
388 1302 424 1368 et
450 1298 625 1388 quaelibet
650 1297 755 1369 solvit
779 1318 844 1386 pro
871 1317 975 1368 ceusu
1003 1317 1115 1368 annue
1142 1317 1249 1367 unum
1283 1296 1473 1384 fertonem,
1509 1315 1613 1366 unum
1649 1314 1795 1385 qnoque

233 1417 324 1489 dIem
343 1418 379 1489 iu
405 1419 596 1508 septimana
623 1418 784 1508 pedester
809 1419 963 1506 laborat;
991 1420 1073 1488 item
1099 1423 1170 1488 tam
1198 1417 1410 1505 emptiones,
1436 1421 1508 1487 tarn
1533 1415 1794 1505 tabematores,

234 1559 337 1629 quam
352 1538 529 1608 hortulani
547 1537 686 1609 solvunt
704 1538 868 1608 decimam
896 1538 1144 1627 manipularem
1162 1542 1197 1608 et
1223 1558 1286 1627 per
1304 1543 1453 1628 quatuor
1480 1536 1618 1626 ierugas
1638 1555 1795 1625 canapa-

231 1658 299 1730 lem
333 1657 550 1749 praebendae
588 1659 720 1748 primae
755 1657 788 1728 S.
824 1657 963 1748 Aegidii
999 1658 1210 1730 Szadowslra
1248 1664 1284 1729 et
1320 1657 1488 1728 inducunt
1522 1677 1598 1728 eam
1634 1657 1793 1747 propriis

233 1778 392 1850 curribus
427 1778 463 1849 in
498 1778 661 1851 horreum
696 1779 908 1850 acanonico
949 1778 1150 1868 locandum,
1186 1783 1222 1850 et
1256 1778 1355 1850 valor
1390 1777 1465 1849 eius
1500 1777 1705 1849 aestimatur
1740 1775 1791 1847 ad

235 1898 383 1970 sedecim
409 1918 553 1970 marcas.

336 2018 425 2090 Item
459 2024 514 2090 est
543 2019 579 2088 in
615 2017 732 2089 eadem
767 2018 852 2090 nilla
877 2019 974 2090 curia
1000 2023 1036 2090 et
1060 2020 1240 2109 praedium
1275 2017 1472 2089 canonicale
1508 2038 1584 2089 cum
1610 2016 1723 2108 pratis
1748 2017 1791 2089 iu

234 2144 306 2211 tres
332 2160 471 2229 campos
497 2138 645 2210 divisum
701 2139 743 2210 de
770 2140 868 2212 cuius
895 2141 989 2231 agris
1016 2141 1201 2211 canonicus
1228 2139 1314 2211 nulli
1342 2139 1447 2210 solvit
1481 2138 1648 2209 decimam
1673 2138 1790 2210 mani-

233 2258 396 2349 pularem,
423 2259 484 2332 sed
502 2279 578 2330 eam
596 2281 659 2350 pro
678 2280 716 2331 se
733 2260 825 2331 tellit
843 2265 878 2330 et
903 2261 940 2331 in
952 2261 1116 2332 horreum
1138 2280 1237 2331 suum
1256 2259 1399 2347 inducit
1425 2260 1509 2330 item
1526 2257 1609 2330 villa
1627 2256 1791 2348 praefata

232 2380 339 2452 habet
374 2380 538 2469 specialia
570 2380 668 2469 gaia,
704 2384 739 2449 et
765 2379 912 2470 quilibet
938 2381 1084 2469 emetha,
1112 2387 1148 2451 et
1167 2378 1312 2469 quilibet
1336 2380 1548 2467 tabernator‚
1575 2381 1610 2449 et
1637 2378 1792 2468 quilibet

233 2500 438 2572 hortulanus
457 2500 563 2571 babet
580 2499 655 2571 loca
673 2500 837 2589 specialia
855 2498 1052 2590 designata,
1080 2501 1115 2570 in
1134 2500 1259 2590 quibus
1285 2499 1448 2571 scindunt
1472 2498 1566 2589 ligna
1582 2516 1650 2588 pre'
1665 2518 1791 2569 eorum

229 2624 368 2715 privata
380 2621 567 2692 domestica
579 2620 793 2709 necessitate,
808 2620 905 2691 curia
921 2621 1026 2691 etiarn
1042 2621 1249 2691 canonicalis
1266 2620 1373 2691 babet
1390 2620 1569 2710 proprium
1586 2620 1704 2709 gaium
1718 2638 1787 2709 pro

235 2765 299 2816 sua
315 2731 530 2830 necessitate,
548 2740 631 2811 item
650 2741 686 2810 in
703 2741 824 2812 eadem
842 2741 924 2811 villa
941 2762 1010 2812 nen
1029 2747 1082 2811 est
1099 2741 1340 2812 molendinum.
1366 2740 1453 2810 Item
1470 2741 1606 2812 ratione
1623 2758 1792 2829 agrem

235 2868 271 2935 et
296 2868 485 2954 pratorum,
512 2881 598 2950 quos
617 2865 653 2931 et
670 2880 758 2950 quae
783 2861 950 2950 piscinam
977 2861 1080 2932 villae
1107 2861 1308 2951 capitularis
1336 2858 1537 2932 Gosscza
1561 2879 1626 2931 sua
1651 2859 1792 2949 piscina

98 2975 106 2994 '
179 3026 185 3037 2
239 2981 428 3071 inundavit,
469 2980 654 3069 capitulum
682 2978 911 3052 Gracoviense
937 2985 973 3051 et
998 3002 1123 3071 regens
1149 2981 1266 3053 villam
1293 2977 1496 3052 Gesscza
1521 2979 1656 3051 solvere
1681 2998 1792 3051 unam

235 3122 386 3174 marcam
412 3100 576 3172 canonico
602 3098 814 3173 Szadowska
839 3099 956 3171 Sancti
983 3101 1123 3191 Aegidii
1149 3106 1295 3172 tenetur.

344 3222 432 3293 Item
466 3220 550 3292 villa
588 3218 745 3311 praefata
780 3220 931 3292 continet
970 3243 1047 3292 curn
1086 3222 1178 3293 villis
1214 3220 1434 3311 Gosscza,
1477 3220 1789 3313 Zagorzycze,

234 3343 610 3432 Sueborowicze,
637 3341 891 3433 Luczycze,
917 3341 1266 3432 Marszowicze‚
1293 3347 1330 3413 et
1347 3343 1473 3433 ubique
1492 3346 1573 3414 sunt
1589 3341 1790 3413 distinctio-

234 3485 296 3536 nes
322 3463 409 3535 alias
433 3459 602 3558 m'y'uszdy.

546 3638 1451 3760 &mmmmmffimmwm.

343 3823 501 3898 Secunda
525 3824 724 3916 praebenda
742 3822 774 3895 S.
793 3824 932 3914 Acgidii
958 3830 1154 3915 nuncupata
1172 3829 1226 3895 est
1244 3822 1456 3914 Gereczska,
1483 3823 1636 3913 eoquod
1661 3823 1782 3898 villam

233 3945 386 4018 Gorka
420 3947 527 4017 babet
551 3965 616 4035 pro
642 3944 748 4017 fundo
784 3965 861 4017 cum
897 3943 999 4035 pleno
1035 3944 1187 4017 dominio
1224 3951 1270 4017 et'
1285 3945 1517 4036 proprietate,
1553 3964 1655 4047 quam
1693 3965 1787 4017 nnnc
1825 3988 1830 3996 -

232 4070 329 4137 tenet
345 4064 522 4136 Iohannes
548 4064 720 4137 Otthae
749 4064 792 4135 de
818 4063 1106 4156 Plyesch0w‚
1133 4065 1260 4137 nubilis
1278 4064 1321 4136 de
1338 4064 1784 4155 armisBippcnnium,

232 4187 268 4257 in
295 4206 364 4277 qua
389 4189 472 4257 sunt
496 4185 588 4257 lanei
614 4185 856 4258 emethonales.

336 4303 481 4394 Goaun,
506 4305 589 4377 uilla
613 4305 679 4377 sub
705 4294 872 4395 parocbia
897 4305 1063 4376 ecclesiae
1090 4305 1134 4376 de
1160 4305 1518 4377 Proschowicze
1545 4304 1629 4395 sita,
1654 4302 1786 4379 fundus

232 4430 287 4496 est
310 4424 434 4496 unicus
459 4424 677 4514 praebendae
703 4423 737 4496 S.
763 4424 921 4515 Aegiali,
956 4426 1093 4496 ratione
1120 4425 1217 4496 cuius
1244 4422 1444 4497 Goreczska
1469 4429 1624 4513 vocatur,
1648 4422 1686 4494 in
1701 4442 1785 4515 qna

231 4549 313 4615 sunt
339 4543 431 4615 lanei
459 4544 609 4636 quinque
637 4544 880 4634 emetbenales,
907 4551 943 4615 et
970 4544 1116 4635 quilibet
1143 4545 1247 4616 solvit
1272 4565 1336 4634 pro
1364 4565 1477 4617 annuo
1505 4543 1674 4617 censuim
1690 4541 1784 4615 leste

231 4662 265 4735 S.
281 4662 428 4737 Martini
445 4684 550 4735 unam
574 4684 728 4735 marcam
754 4669 791 4735 et
808 4669 886 4735 octe
911 4683 1073 4755 gross0s3
1099 4666 1183 4736 item
1208 4670 1351 4737 tenetur
1369 4665 1518 4755 quilibet
1544 4663 1587 4735 de
1612 4663 1716 4735 laneo
1746 4663 1784 4735 in

234 4783 391 4873 qnalibet
403 4783 620 4855 bebdomada
633 4804 696 4874 per
709 4789 820 4856 totum
833 4804 961 4855 annum
979 4807 1084 4857 unum
1099 4785 1190 4856 diem
1203 4786 1346 4877 proprio
1359 4806 1464 4856 curru
1478 4787 1539 4856 aut
1555 4786 1674 4855 aratro
1686 4782 1787 4855 labn-

230 4923 330 4992 rare,
356 4903 441 4974 item
466 4908 631 4975 tenentur
656 4902 771 4975 lacere
796 4903 980 4994 ducturas,
1005 4905 1068 4977 sed
1092 4904 1139 4976 ad
1164 4905 1336 4977 rationem
1362 4905 1497 4977 dierum
1523 4905 1559 4975 in
1586 4902 1786 4993 septimus

232 5021 448 5112 debiturnm3
480 5023 566 5095 item
600 5023 746 5113 quilibet
769 5022 814 5095 de
839 5023 940 5096 laneo
966 5030 1108 5096 tenetur
1143 5024 1279 5097 solvere
1314 5024 1401 5096 duas
1435 5042 1616 5096 mensuras
1651 5040 1785 5095 avenae

231 5162 413 5215 merrsurae
440 5142 616 5215 confertae
641 5142 934 5235 Proscboviensis‚
960 5145 1050 5228 item*
1069 5144 1156 5217 duos
1183 5164 1347 5235 capones,
1373 5144 1458 5217 item
1484 5142 1680 5234 quindecim
1705 5162 1786 5233 eva,

231 5280 351 5335 emens
375 5268 491 5337 autem
517 5284 587 5337 non
613 5264 762 5336 solvunt.
787 5264 877 5337 Item
894 5269 949 5336 eat
974 5264 1010 5335 in
1028 5264 1149 5336 eadem
1167 5265 1252 5336 villa
1268 5266 1417 5337 taberna
1434 5284 1505 5337 una
1517 5264 1651 5337 babens
1666 5282 1786 5353 agros,

230 5400 320 5473 quae
345 5380 450 5455 solvit
474 5402 539 5475 pre
565 5402 680 5457 annuo
715 5404 822 5457 censu
857 5385 943 5457 duaa
975 5404 1111 5457 marcas
1137 5391 1175 5457 et
1200 5405 1306 5458 unum
1340 5384 1493 5476 lapidem
1519 5383 1614 5474 sepi,
1647 5387 1687 5455 et
1710 5398 1785 5477 nep
