4050 6054
231 428 304 498 522

232 629 545 703 Scarbimiria
571 627 801 699 consistentes
836 627 872 695 et
898 624 942 694 ad
970 622 1160 694 custodiam
1187 621 1419 712 pertinentes,
1447 618 1587 689 solvunt
1615 614 1796 686 dealmam

230 751 479 841 manipularem
497 745 751 821 vicecustodiae
770 744 1046 817 Scarbimiriensi
1069 749 1105 814 et
1123 763 1199 814 eam
1216 741 1368 832 propriis
1387 739 1547 811 curribus
1564 738 1602 809 in
1620 736 1795 809 horreum

139 845 144 857 ἦ
229 893 328 943 snum
354 868 517 940 iuducere
543 871 721 955 tenentur;
750 867 834 937 item
862 863 1194 959 custodia-praefata
1211 863 1317 934 habet
1336 862 1473 933 domum
1492 859 1675 950 propriam
1701 857 1795 927 bene

231 991 449 1062 aedificatam
476 1011 551 1060 cum
579 989 733 1077 pomerio
761 988 795 1057 in
823 991 923 1076 parte
950 985 1115 1056 ecclesiae
1141 984 1358 1055 meridionali
1386 982 1497 1053 sitam.

334 1113 422 1182 Item
449 1108 607 1201 praelata
634 1108 791 1180 custodia
809 1106 1102 1178 Scarbimiriensis
1128 1090 1250 1178 taxata
1268 1110 1322 1175 est
1348 1103 1392 1174 ad
1411 1103 1562 1193 quinque
1589 1118 1743 1170 marcas.

593 1370 760 1452 Vlcaria
791 1368 1023 1452 custodiae
1047 1366 1421 1449 Scarbimiriensis.

335 1592 502 1669 Custodia
528 1590 821 1663 Scarbimiriensis
848 1592 954 1662 habet
981 1591 1178 1681 habereque
1211 1588 1390 1660 consvevit
1416 1586 1581 1658 vicariam
1607 1581 1796 1675 propriam

233 1718 307 1789 sive
334 1713 620 1802 vicecustodiam,
657 1735 760 1804 quam
787 1733 877 1783 nunc
911 1716 1007 1782 tenet
1043 1711 1236 1782 Stanislaus
1267 1707 1559 1797 Bosczinsky
1593 1704 1798 1796 presbyter,

230 1843 267 1908 et
293 1836 389 1907 cuius
425 1835 546 1905 unicus
582 1839 748 1923 patronus
784 1838 820 1903 ct
847 1832 993 1904 collator
1028 1838 1083 1903 est
1109 1837 1225 1902 custos
1261 1828 1576 1918 ScarbimiriensIs,
1603 1846 1696 1918 qnae
1725 1843 1794 1915 pro

232 1979 295 2029 sno
321 1955 427 2027 fundo
455 1960 490 2026 et
508 1954 589 2025 dote
607 1956 713 2026 habet
740 1953 906 2024 decimam
933 1954 1182 2043 manipularem
1208 1956 1289 2042 post
1305 1932 1426 2022 laneos
1453 1948 1687 2021 cmetbonalos
1717 1947 1795 2017 sive

232 2076 426 2168 praediales
444 2075 479 2144 in
499 2074 626 2164 oppido
644 2074 921 2146 Scarbimiriensi
944 2073 989 2144 ad
1007 2075 1183 2145 custodem
1201 2073 1436 2162 pertinenteS,
1465 2090 1567 2161 quam
1585 2068 1795 2140 emethones

231 2199 267 2269 in
288 2198 417 2269 eisdem
435 2196 546 2266 laneis
564 2196 725 2266 sedentes
743 2201 907 2266 tenentur
924 2196 1050 2266 ducere
1068 2194 1219 2284 propriis
1238 2194 1398 2265 curribus
1417 2193 1452 2263 in
1471 2192 1637 2262 horreum
1653 2188 1795 2271 vicarii,

233 2326 270 2391 et
296 2318 395 2389 valor
421 2318 626 2388 aestImatnr
653 2316 727 2386 eins
755 2315 800 2386 ad
825 2321 898 2387 tres
925 2336 1068 2386 marcas.
1104 2316 1193 2387 Item
1220 2316 1327 2386 habet
1352 2314 1528 2404 propriam
1556 2312 1697 2383 domum
1727 2331 1794 2401 pro

232 2460 296 2511 sua
321 2438 558 2525 habitatione,
586 2437 668 2506 item
700 2436 807 2508 habet
833 2437 1028 2526 portionem
1055 2436 1232 2526 aequalem
1263 2456 1338 2505 cum
1367 2434 1445 2505 aliis
1472 2433 1612 2505 vicariis
1639 2431 1694 2502 de·
1714 2432 1794 2505 uni·

234 2560 345 2631 versis
372 2557 598 2648 proventibus
620 2556 733 2628 dictae
760 2557 934 2648 ecclesiae,
953 2557 1113 2629 videlicet
1131 2556 1287 2646 decimis,
1314 2555 1581 2643 columbatione,
1608 2550 1795 2624 offertorio

234 2684 270 2750 et
297 2677 444 2749 caeteris
472 2677 681 2767 quaestibus.

608 2872 740 2950 Prima
776 2870 1016 2975 praebenda
1049 2871 1423 2957 Scarbimiriensis.

337 3038 542 3111 Praebenda
576 3040 689 3129 prima
725 3038 1018 3112 Scarbimiriensis
1054 3063 1123 3111 non
1150 3041 1256 3112 babet
1284 3039 1423 3131 aliquod
1450 3037 1612 3128 fundum,
1649 3060 1694 3109 ex
1717 3059 1797 3130 -quo

235 3168 353 3252 posset
380 3160 603 3251 singulariter
630 3161 855 3251 denominari,
882 3169 918 3233 et
936 3162 980 3233 ab
1008 3163 1086 3235 aliis
1113 3163 1278 3234 distincta
1305 3162 1425 3250 videri,
1453 3166 1668 3251 quapropter
1694 3161 1797 3233 illam

235 3289 339 3374 prout
374 3290 411 3353 et
442 3288 625 3375 sequentes
661 3283 748 3354 alias
781 3283 1007 3355 numeraliter
1032 3285 1165 3373 potius,
1203 3305 1305 3374 quam
1331 3283 1490 3355 localiter
1522 3282 1798 3372 nuncupandum

234 3425 310 3476 esse
336 3404 548 3493 censuimus,
575 3403 735 3494 ponendo
763 3404 858 3476 illam
884 3406 920 3474 ln
956 3402 1099 3476 numero
1136 3405 1319 3494 primario,
1356 3405 1453 3476 cuins
1493 3407 1585 3475 nunt
1619 3402 1797 3494 magister

240 3525 434 3597 Stanislaus
461 3525 505 3595 de
521 3525 750 3597 Kobilino
778 3527 995 3598 decretorum
1022 3528 1144 3598 doctor
1169 3525 1441 3615 praebendarius
1468 3530 1523 3596 est
1540 3530 1576 3596 et
1593 3525 1799 3617 canonicus,

235 3665 323 3735 quae
350 3644 489 3735 quidem
515 3644 714 3733 praebenda
740 3666 804 3735 pro
831 3667 894 3716 sno
920 3645 1026 3717 fundo
1061 3652 1165 3737 atque
1193 3646 1274 3717 dote
1300 3647 1406 3717 habet
1432 3645 1468 3716 in
1496 3644 1621 3735 oppido
1648 3643 1797 3718 Scarbi-

232 3765 387 3837 miriensi
414 3771 488 3835 tres
514 3765 632 3836 laneos
660 3766 893 3836 cmetbonalos
920 3786 997 3838 cum
1023 3767 1134 3855 pratis
1161 3766 1205 3836 ad
1227 3767 1477 3856 proprietatem
1504 3765 1659 3838 eiusdem
1686 3785 1797 3858 prae·

233 3885 367 3956 bendae
384 3887 610 3975 pertinentes,
638 3906 784 3975 quorum
811 3886 956 3976 quilibet
974 3887 1077 3958 solvit
1096 3888 1260 3958 canonico
1287 3908 1350 3977 pro
1369 3908 1473 3958 censu
1500 3908 1614 3960 annno
1640 3887 1678 3958 in
1696 3885 1795 3961 festo

234 4005 267 4076 S.
293 4005 441 4076 Martini
477 4012 625 4095 quatuor
651 4026 786 4077 marcas
821 4013 858 4077 et
885 4006 971 4078 duos
998 4029 1155 4098 capones.
1194 4009 1282 4079 Item
1313 4007 1462 4097 praefati
1489 4008 1690 4080 emethones
1715 4030 1793 4081 non

234 4125 365 4197 faciunt
390 4126 525 4216 aliquos
543 4126 681 4198 labores
708 4148 771 4216 pro
790 4129 965 4218 canonIco,
991 4151 1060 4201 non
1079 4130 1164 4200 dant
1191 4149 1354 4218 avenam,
1381 4150 1493 4220 neque
1519 4150 1648 4220 caseos,
1675 4150 1794 4220 neque

235 4267 318 4336 ova,
353 4267 464 4337 neque
500 4247 634 4338 aliquas
669 4248 756 4319 alias
792 4248 926 4338 decies,
964 4269 1074 4339 nequo
1109 4249 1154 4320 ad
1189 4250 1267 4321 illas
1302 4254 1474 4321 tenentur.
1514 4250 1602 4322 Item
1628 4248 1795 4340 praelata

234 4368 432 4459 praebenda
458 4366 703 4458 primahabet
730 4370 875 4459 singulis
902 4371 1001 4441 annis
1028 4392 1131 4441 urnam
1158 4371 1212 4442 vel
1241 4370 1327 4441 duas
1355 4392 1397 4442 ex
1424 4371 1566 4442 decimis
1593 4371 1792 4462 manipula-

234 4489 332 4560 ribus
359 4489 523 4560 ecclesiae
551 4488 845 4561 Scarbimiriensis
872 4512 915 4561 ex
942 4490 1063 4561 ordine
1091 4513 1167 4562 eam
1194 4492 1466 4582 contingentem,
1495 4512 1583 4582 quae
1608 4495 1682 4562 tam
1709 4491 1792 4584 sibi,

239 4630 342 4700 quam
361 4609 439 4680 aliis
456 4609 664 4699 praebendis
682 4608 1024 4683 ScarbImiriensibus
1042 4613 1078 4681 in
1092 4613 1313 4703 perceptione
1331 4613 1467 4702 aequali
1485 4618 1567 4684 sunt
1580 4632 1792 4684 communes

338 4731 426 4802 Item
441 4729 598 4820 praefata
611 4732 809 4821 praebenda
822 4733 935 4822 prima
947 4734 1055 4804 babet
1068 4733 1206 4804 domum
1220 4735 1395 4824 propriam
1410 4739 1447 4804 et
1460 4754 1576 4805 aream
1590 4735 1679 4806 bene
1692 4734 1793 4806 aedi·

235 4853 371 4924 licatam
390 4873 453 4943 pro
472 4852 525 4922 sui
540 4853 697 4924 canonici
714 4853 930 4925 habitatione
949 4874 1099 4943 congrue
1119 4861 1383 4945 competentem,
1406 4856 1490 4926 item
1504 4861 1576 4927 tres
1590 4856 1792 4929 laneicme·

234 4974 403 5064 tlnonales
421 4973 466 5044 ad
475 4974 725 5063 proprietatem
739 4974 871 5063 primae
880 4975 1098 5065 praebendae
1107 4975 1400 5048 Scarbimiriensis
1413 4977 1638 5067 pertinentes
1646 4977 1793 5049 solvunt

235 5095 403 5166 decimam
417 5095 667 5184 manipularem
681 5095 812 5167 vicario
826 5096 1017 5167 canonicali
1031 5097 1207 5185 praefatae
1225 5098 1357 5188 primae
1371 5097 1599 5187 praebendae,
1617 5103 1655 5170 et
1666 5104 1794 5171 tenen·

235 5220 294 5286 tur
311 5214 405 5285 illam
424 5216 576 5306 propriIs
594 5216 754 5287 curribus
772 5215 898 5288 ducere
917 5216 961 5287 ad
978 5217 1142 5288 horreum
1161 5239 1182 5288 a
1200 5219 1330 5290 vicario
1348 5218 1538 5290 locandum.

338 5333 428 5406 Item
445 5336 603 5425 praefata
619 5337 819 5429 praebenda
836 5338 949 5428 prima
967 5336 1262 5411 Scarbimiriensis
1280 5345 1401 5412 taxata
1418 5340 1529 5411 estad
1548 5395 1555 5410 .
1575 5394 1583 5411 .
1656 5398 1664 5415 .
1684 5398 1692 5415 .
1712 5399 1721 5417 .
