4050 6054
418 438 521 551 aa

412 680 550 731 currum
575 659 747 748 lignorum
773 654 942 747 profesto
962 655 1093 729 Christi
1119 661 1259 728 tenetur
1285 653 1563 729 extraordinarie
1588 653 1869 729 caecarat-1
1897 691 1902 719 ι
1926 688 1931 718 ι
2006 654 2011 661 “

413 800 488 851 curn
514 778 625 849 villis:
651 777 937 867 Sczepanow,
963 777 1236 868 Baaszunya
1262 784 1298 848 et
1324 776 1607 849 Walonicze.
1977 756 1983 763 ’

465 914 469 921 ·
513 896 727 986 Gouoazru,
754 897 837 968 villa
864 898 928 969 suh
956 897 1122 987 parochia
1146 897 1313 969 ecclcsiae
1342 896 1385 966 de
1411 896 1571 969 Boron
1597 897 1685 985 sita,
1711 896 1811 969 cmm
1838 896 1984 971 haereo

412 1018 588 1090 lohannes
616 1017 658 1087 dc
686 1016 898 1106 Oziszow,
925 1017 1051 1088 nobilis
1080 1017 1122 1087 de
1149 1017 1250 1087 donno
1277 1015 1521 1088 Polukoza
1556 1017 1597 1087 Iu
1618 1038 1694 1107 -qua
1719 1022 1802 1089 aunt
1828 998 1982 1107 septu

412 1139 503 1208 lanei
530 1137 772 1225 cmetlioualeS‚
799 1138 882 1207 item
902 1136 989 1206 duae
1008 1138 1185 1225 tabernae,
1211 1137 1294 1207 item
1321 1136 1520 1207 hortulanis
1546 1136 1785 1208 tantummodo
1811 1156 1899 1226 una
1929 1136 1979 1209 de

413 1259 536 1349 quihus
572 1256 730 1328 omnibus
766 1257 913 1327 solvitur
949 1256 1082 1327 decima
1116 1254 1341 1345 manipularis
1375 1256 1673 1327 archidiaconatui
1706 1252 1904 1355 praesidiale,
1935 1262 1976 1327 et

328 1424 331 1431 -
412 1384 574 1448 tenentur
600 1377 695 1446 illam
721 1376 853 1447 incolae
880 1375 1031 1465 propriis
1059 1377 1217 1446 curribus
1236 1374 1425 1459 ducerein
1450 1376 1614 1447 horreum
1641 1377 1686 1447 ab
1713 1374 1972 1447 archidiacono

411 1498 592 1569 locandum
619 1503 655 1566 et
681 1496 779 1567 valor
806 1496 879 1566 eius
905 1496 1111 1569 aestimatur
1129 1496 1173 1566 ad
1191 1496 1277 1567 duas
1302 1514 1448 1567 marcas.
1474 1495 1691 1586 Frequenter
1715 1496 1807 1569 enim
1833 1494 1970 1569 fluuius

411 1616 546 1688 Visla
577 1617 674 1686 iuxta
692 1637 794 1706 qcram
813 1617 880 1687 sita
907 1621 968 1705 est,
996 1636 1099 1705 agros
1117 1621 1153 1685 et
1171 1614 1317 1687 inundat
1343 1621 1380 1686 et
1405 1615 1558 1687 devorat
1584 1616 1673 1687 Item
1700 1616 1879 1707 decimam,
1907 1636 1970 1691 oa·

411 1738 493 1826 napi
520 1736 624 1807 solvit
649 1756 713 1824 per
739 1739 888 1825 quatuor
914 1735 1052 1824 ierugas
1079 1736 1165 1807 alias
1191 1732 1308 1829 laoy,
1335 1736 1420 1807 item
1445 1756 1554 1824 prope
1581 1734 1710 1807 dictam
1736 1734 1966 1809 (111111100-

411 1877 595 1946 morzyn
622 1862 677 1925 est
695 1856 791 1925 curia
807 1854 978 1943 militaris,
1006 1862 1128 1926 vocata
1147 1855 1373 1927 communiter
1400 1855 1677 1944 Falowicae‚
1703 1855 1836 1930 habeus
1854 1876 1964 1947 agros

411 1976 604 2065 praediales
631 1974 747 2063 largos
774 1981 810 2045 et
826 1975 946 2062 honos,
965 1975 1008 2044 de
1027 1975 1151 2064 quibus
1177 1975 1336 2047 omnibus
1362 1995 1432 2046 uon
1459 1975 1755 2047 archidiaconatui
1779 1974 1964 2048 haicho-

411 2096 536 2184 stensi,
572 2095 633 2165 sed
660 2094 826 2164 ecclcsiae
862 2094 1052 2183 parochiali
1080 2093 1227 2165 Sanctae
1255 2093 1390 2165 Mariae
1417 2095 1453 2167 iu
1479 2094 1775 2171 Zanichosth
1810 2095 1965 2171 solvitur

411 2216 544 2287 decima
569 2214 793 2304 manipularis
820 2221 856 2284 et
882 2214 980 2285 valor
1007 2214 1081 2285 eius
1108 2216 1314 2286 aestimatur
1340 2215 1385 2287 ad
1411 2216 1498 2286 duas
1525 2236 1668 2287 marcas.

513 2335 755 2423 wiceman,
782 2335 865 2406 villa
892 2336 1075 2405 coniuncta
1101 2342 1137 2405 et
1163 2336 1261 2406 unita
1287 2357 1363 2406 cum
1390 2336 1475 2407 villa
1500 2336 1778 2426 Bogatczin,
1804 2336 1871 2409 snb
1897 2358 1965 2427 pa·

409 2455 531 2526 rochia
558 2455 721 2525 ecclesiae
749 2454 791 2524 de
818 2454 842 2525 J
851 2455 1115 2525 aukowicze
1142 2456 1219 2544 sita,
1248 2456 1344 2527 cuius
1371 2456 1537 2527 haeredes
1563 2454 1763 2529 Zaklilra
1791 2458 1830 2527 at
1852 2454 1966 2529 Jaco-

411 2577 476 2648 bus
502 2576 546 2647 de
581 2574 931 2666 Myedzigorze,
966 2576 1100 2648 nobiles
1137 2576 1179 2646 de
1207 2576 1312 2646 armis
1349 2576 1668 2666 Bippennium.
1711 2577 1752 2649 In
1778 2596 1849 2667 qna
1874 2586 1965 2650 aunt

410 2696 536 2785 viginti
562 2702 634 2766 tres
661 2695 753 2766 lanei
779 2696 1032 2784 cmethonales‚
1060 2696 1103 2765 de
1130 2697 1254 2786 quibus
1281 2717 1349 2766 non
1376 2703 1492 2766 tamen
1521 2697 1689 2785 omnihus,
1725 2684 1872 2770 solvitur
1898 2696 1966 2773 de-

411 2816 498 2886 cima
524 2815 749 2904 manipularis
786 2815 1084 2886 archidiaconatui
1120 2815 1288 2905 praelato,
1315 2823 1350 2886 et
1377 2816 1509 2887 incolae
1541 2817 1692 2906 propriis
1718 2816 1879 2889 curribus
1906 2824 1965 2891 te-

410 2942 537 3009 nentur
563 2936 656 3006 illam
674 2935 801 3007 ducere
820 2937 855 3005 in
873 2937 1037 3007 horreum
1056 2937 1099 3007 ab
1115 2937 1357 3008 archidiacono
1375 2936 1566 3025 locandum,
1592 2944 1629 3007 et
1647 2932 1813 3009 decimam
1833 2939 1966 3028 canapi

411 3057 550 3127 solvunt
575 3077 638 3146 per
664 3063 816 3146 quatuor
842 3056 981 3145 ierugas
1000 3063 1036 3127 et
1054 3057 1153 3127 valor
1180 3057 1254 3127 eius
1272 3058 1477 3127 aestimatur
1495 3057 1539 3128 ad
1557 3058 1681 3146 viginti
1698 3077 1841 3149 marcas.
1866 3056 1965 3133 Item

410 3183 491 3247 sunt
517 3177 566 3247 ibi
594 3182 743 3267 quatuor
768 3178 936 3248 tabernae
963 3177 1132 3249 hahentes
1158 3198 1270 3267 agros,
1298 3177 1340 3247 de
1368 3178 1492 3267 quibus
1518 3178 1623 3248 etiam
1650 3179 1796 3250 solvitur
1821 3177 1964 3255 amima

409 3296 712 3385 archidiaconatui,
738 3297 831 3367 inter
857 3298 943 3368 istos
969 3303 1085 3367 autem
1111 3298 1234 3387 viginti
1261 3304 1333 3368 tres
1360 3296 1478 3368 laneos
1505 3299 1748 3387 cmethonales,
1776 3318 1836 3369 sex
1862 3297 1964 3375 lanei
2011 3314 2014 3319 ’

409 3416 547 3488 solvunt
566 3418 732 3488 decimam
751 3417 997 3506 manipularem
1017 3418 1180 3489 ecclesiae
1199 3419 1235 3489 in
1253 3417 1275 3488 J
1284 3418 1558 3489 ankowicze.
1585 3417 1651 3488 Est
1669 3419 1772 3489 etiam
1789 3417 1832 3488 de
1846 3438 1965 3509 prope

409 3538 588 3626 praedium
614 3538 766 3609 militare
793 3538 923 3608 dictum
955 3536 977 3608 J
987 3538 1273 3627 ankowicze,
1310 3538 1352 3608 de
1378 3539 1476 3609 cuius
1502 3538 1688 3610 medietate
1724 3537 1873 3627 percipit
1899 3559 1965 3611 ar-

409 3657 630 3729 chidiaconns
656 3657 832 3746 decimam,
860 3657 903 3727 de
931 3657 1043 3728 altera
1070 3677 1153 3729 uero
1180 3659 1324 3730 ecclesia
1350 3660 1385 3729 in
1412 3658 1436 3730 J
1445 3659 1720 3730 ankon’iczo.

511 3777 677 3849 Mutilata
702 3782 757 3848 est
783 3784 898 3849 autem
926 3777 1058 3848 decima
1084 3778 1242 3867 praefata
1267 3779 1303 3849 in
1330 3779 1477 3851 notabili
1503 3779 1558 3852 sui
1583 3785 1684 3869 parte
1710 3799 1774 3868 per
1799 3777 1965 3853 Clemen-

407 3901 478 3966 tem
505 3896 720 3969 Cholewa
752 3897 937 3986 plebanum
972 3899 1008 3967 in
1036 3897 1357 3988 Targoniska‚
1393 3899 1452 3989 qui
1478 3920 1542 3989 pro
1569 3898 1701 3989 aliquot
1726 3898 1836 3969 laneis
1863 3916 1963 3975 eme·

408 4015 617 4105 thonalibus.‚
635 4037 677 4087 ex
695 4017 819 4106 quibus
847 4017 960 4087 dictus
987 4017 1250 4089 archidiaconus
1278 4017 1444 4090 decimam
1461 4018 1713 4107 manipularem
1740 4019 1784 4089 ah
1811 4018 1961 4109 antiquo

407 4134 628 4225 percipiebat,
655 4134 848 4207 Johannem
876 4136 918 4206 de
945 4136 1208 4208 Modlnicza
1234 4145 1316 4208 tunc
1335 4138 1614 4212 archidiaconum
1629 4138 1960 4229 Zawiehosteusenr,

408 4254 443 4323 in
471 4254 601 4325 curiam
627 4275 805 4326 romanam
831 4262 989 4327 traxerat
1016 4258 1051 4327 in
1079 4278 1192 4346 causa,
1220 4278 1378 4329 asserens
1405 4279 1508 4347 agros
1535 4258 1732 4330 huiusmodi
1757 4257 1864 4331 luisse
1891 4260 1962 4329 mi·

406 4374 538 4464 litares,
565 4382 601 4447 et
619 4396 681 4465 per
702 4374 880 4446 Andrean
907 4377 1200 4449 contradictarum
1219 4377 1378 4450 Johaune
1406 4379 1449 4450 de
1466 4377 1641 4450 Modlni
1655 4399 1732 4450 aaa
1758 4378 1960 4468 negligente

406 4496 580 4568 sententia
606 4497 758 4584 obtenta,
794 4496 1112 4569 archidiaconatum
1148 4504 1367 4587 praesentem
1394 4498 1436 4569 de
1464 4498 1596 4568 decima
1632 4498 1819 4569 multorum
1848 4518 1959 4593 'agro-

404 4637 482 4687 rum
517 4616 783 4687 cmethonalium
820 4617 982 4705 spoliavit
1007 4626 1044 4690 et
1071 4640 1113 4689 en
1139 4619 1358 4708 possessione
1393 4617 1526 4689 deiecit.
1571 4619 1659 4689 ltem
1699 4640 1769 4690 non
1798 4624 1878 4691 snut
1904 4618 1958 4695 ibi

404 4736 634 4827 hortulaniae‚
662 4738 746 4808 item
773 4757 842 4808 non
870 4745 923 4809 est
949 4739 1192 4811 molendinum.

760 4998 1142 5101 Archldlaeonalua
1174 5001 1364 5082 eluadern
1397 4999 1602 5082 decimae.

519 5218 705 5310 Gnarow,
741 5220 824 5291 uilla
852 5220 917 5292 suh
944 5220 1109 5310 parochia
1144 5220 1308 5291 ecclesiae
1334 5220 1378 5293 de
1405 5219 1516 5293 Gori
1543 5223 1629 5311 sita,
1663 5217 1760 5293 ouius
1787 5218 1957 5297 haeredes

408 5334 533 5411 Petrus
559 5340 847 5412 Zawischius
883 5347 919 5411 et
954 5339 1150 5430 Stephanus
1185 5338 1392 5431 Farurey
1427 5361 1506 5414 cum
1531 5340 1717 5429 asaneus,
1751 5339 1879 5415 nobilia
1904 5338 1952 5415 de
