4050 6054
243 464 319 543 618

239 677 322 750 villa
347 679 428 747 sunt
452 670 682 763 hortulaniae3
708 672 793 745 item
820 690 937 745 omnes
963 669 1056 745 lanei
1083 670 1324 764 cmethonales,
1351 670 1436 745 item
1463 690 1582 745 omnes
1608 662 1688 765 egri
1706 671 1794 746 hor-

242 798 440 869 tulanorum
468 802 504 867 et
529 795 765 867 tabernatoris
793 796 932 866 solvunt
959 795 1126 866 decimam
1144 794 1395 885 manipularem
1419 795 1681 885 archiepiscopo
1700 792 1799 865 Gne-

240 918 358 989 znensi
386 922 424 988 et
449 937 513 1007 per
544 921 693 1008 quatuor
729 917 866 1007 ierugas
902 917 1120 1007 canapalem,
1147 922 1183 987 et
1209 922 1373 987 tenentur
1407 937 1484 990 eam
1520 915 1654 989 incolae
1688 915 1798 987 villae

240 1038 393 1130 propriis
419 1038 579 1109 curribus
606 1037 731 1109 ducere
758 1038 794 1108 in
822 1037 984 1108 horreum
1012 1038 1056 1108 ab
1084 1038 1343 1127 archiepiscopo
1369 1037 1562 1109 locandum.

346 1158 624 1248 Cnenrswrczs,
643 1157 889 1230 Cuuosznrun.
916 1157 1048 1229 Habuit
1066 1165 1102 1229 et
1120 1159 1437 1248 archiepiscopatus
1454 1156 1680 1247 ecclesieque
1697 1154 1797 1229 Gne·

240 1282 376 1353 zneusis
403 1280 438 1351 in
466 1278 614 1351 dioecesi
641 1277 864 1351 Oracoviensi
890 1282 1030 1368 praeter
1056 1279 1148 1351 hona
1175 1281 1414 1370 suprascripta
1428 1279 1526 1351 ‚duas
1554 1278 1655 1350 villas
1673 1279 1797 1367 bonas,

241 1402 402 1477 videlicet
428 1401 746 1493 Grolyeuicze
781 1404 817 1471 et
843 1399 1124 1471 Chroszlina
1158 1401 1194 1471 in
1221 1407 1319 1471 terra
1345 1398 1616 1471 Saudomiriensi
1643 1406 1681 1471 et
1707 1397 1796 1471 Ora-

241 1523 393 1597 coviensi
421 1523 514 1612 sitas,
543 1542 688 1611 quarum
715 1522 827 1592 altera
845 1522 909 1593 sub
928 1522 1095 1611 parochia
1121 1521 1164 1592 de
1192 1522 1439 1613 Bessczye,
1466 1522 1578 1592 altera
1604 1521 1669 1591 sub
1685 1540 1795 1611 paro-

242 1646 319 1717 chia
359 1644 401 1715 de
438 1641 662 1714 Gorzkow
702 1642 878 1733 consistit,
918 1663 988 1713 una
1023 1663 1100 1713 cum
1136 1642 1277 1713 decimis
1315 1642 1590 1731 manipularibus
1628 1640 1793 1713 villarum

241 1764 484 1856 praefatarum.
511 1763 580 1834 Sed
607 1762 866 1835 Oasimirus
893 1762 1130 1835 Secundus
1156 1763 1321 1835 Poloniae
1339 1784 1402 1834 rex
1429 1763 1519 1833 datis
1547 1761 1680 1833 duabus
1697 1762 1794 1833 'villis

243 1888 359 1977 regiis
386 1884 548 1957 videlicet
574 1882 784 1976 Ozyenya
810 1890 846 1954 et
871 1884 1115 1955 Michalow
1141 1905 1250 1974 prope
1277 1882 1474 1974 Oalysch
1501 1884 1536 1954 in
1555 1884 1660 1955 terris
1677 1881 1793 1953 Maio-

247 2008 296 2078 ris
323 2006 488 2079 Poloniae
516 2005 774 2094 archiepiscopo
799 2004 824 2078 J
833 2004 1045 2095 aroslao,
1081 2011 1118 2076 et
1144 2005 1308 2076 ecclesiae
1336 2002 1531 2077 Gneznensi
1559 2024 1589 2075 a.
1618 2004 1661 2074 D.
1692 2004 1792 2075 1359

241 2125 418 2217 praefatas
454 2125 539 2196 duas
575 2125 674 2196 villas
714 2123 1046 2217 Krolyeuycze
1087 2131 1123 2196 et
1162 2125 1443 2197 Chroszlina
1483 2147 1559 2196 eum
1599 2123 1790 2196 earundem

240 2247 382 2318 decimis
400 2246 682 2337 manipularibus
701 2244 784 2315 item
804 2246 921 2317 villam
940 2245 1192 2317 Gzarnkou
1219 2252 1300 2317 onte
1317 2245 1469 2317 Konin
1496 2247 1627 2336 absque
1645 2245 1790 2335 decima,

240 2370 284 2440 ab
311 2368 456 2439 ecclesia
482 2374 518 2438 et
545 2365 803 2457 archiepiscopo
831 2365 1026 2438 Gneznensi
1053 2368 1204 2457 capitulo
1241 2369 1494 2456 consentiente,
1521 2388 1584 2456 per
1609 2366 1792 2438 cambitio-

240 2510 318 2561 nem
345 2490 487 2579 accepit,
515 2494 550 2559 et
577 2488 678 2560 villas
713 2487 849 2578 quidem
886 2489 953 2561 sibi
980 2491 1142 2579 retinuit,
1174 2490 1210 2559 in
1237 2489 1378 2559 decimis
1405 2510 1488 2559 vero
1514 2488 1791 2578 manipularibus

239 2610 562 2701 Krolyewicze
598 2617 634 2681 et
670 2608 961 2701 Ghrozslyna
997 2612 1106 2682 altare
1142 2611 1207 2683 sub
1242 2611 1374 2682 honore
1409 2610 1557 2681 Sanctae
1592 2609 1715 2682 Crucis
1752 2610 1789 2679 in

240 2732 387 2802 eeclesia
413 2729 641 2821 Oracoviensi,
667 2736 749 2802 ante
776 2731 869 2821 quod
896 2731 985 2803 diem
1014 2732 1133 2802 obiens
1160 2732 1317 2821 sepultus
1344 2737 1407 2820 est,
1433 2730 1601 2802 fundavit.

342 2851 594 2941 Wrsurczsn,
613 2851 785 2942 oppidum.
803 2850 1013 2942 Notandum,
1033 2854 1123 2942 quod
1143 2873 1218 2925 cum
1237 2852 1260 2925 J
1266 2854 1448 2925 ohannes
1467 2853 1553 2923 alias
1570 2849 1594 2923 J
1599 2850 1789 2923 anislans

240 2971 453 3044 Gneznensis
489 2972 786 3063 archiepiscopus,
821 2993 850 3043 a
878 2973 919 3044 D.
950 2975 1046 3045 1318
1084 2975 1206 3045 ultima
1241 2974 1297 3045 die
1324 2975 1452 3044 mensis
1486 2971 1668 3062 Octobris,
1703 2984 1790 3044 vasa

239 3113 347 3165 aurea
372 3099 408 3164 et
434 3098 599 3183 argentea
624 3092 789 3164 ecclesiae
816 3091 1012 3165 Gneznensi
1039 3095 1075 3164 in
1102 3101 1252 3166 castrum
1289 3096 1423 3184 regium
1450 3090 1707 3165 Oliariczini
1744 3092 1790 3165 ob

238 3235 407 3305 guerram
436 3214 527 3285 inter
553 3212 768 3285 Vladislanm
795 3214 978 3287 Lokteh
1005 3215 1169 3287 Poloniae
1197 3236 1313 3307 regem
1341 3222 1378 3287 et
1405 3214 1591 3286 cruciferos
1618 3214 1662 3286 de
1679 3212 1789 3287 Prus-

237 3338 292 3407 sia
317 3342 485 3425 exortam,
513 3334 691 3426 deportari
717 3334 865 3426 iecisset,
892 3334 1151 3407 Oasimirus
1177 3336 1342 3408 Poloniae
1368 3358 1430 3409 rex
1466 3336 1579 3408 eidem
1606 3335 1788 3407 Vladislao

237 3457 334 3547 patri
361 3459 397 3528 in
424 3477 568 3546 regnum
595 3455 793 3546 succedens,
821 3478 904 3528 vasa
930 3456 1087 3546 praelata
1105 3455 1301 3529 Gneznensi
1327 3458 1492 3530 ecclesiae
1519 3458 1705 3529 restituere
1732 3458 1788 3529 vel

236 3600 305 3649 non
331 3578 456 3669 potuit,
482 3577 536 3649 vel
555 3577 675 3666 noluit,
702 3577 757 3647 vel
776 3577 1024 3649 dissimulando
1044 3579 1261 3668 detractavit,
1288 3578 1449 3650 damnum
1476 3584 1592 3650 tamen
1619 3576 1788 3651 ecclesiae

236 3696 431 3770 Gneznensi
467 3719 510 3770 ex
537 3696 734 3769 huiusmodi
770 3718 932 3769 vasorum
969 3699 1176 3771 alienatione
1212 3705 1249 3770 et
1274 3698 1525 3771 reformaturus
1552 3705 1586 3769 et
1612 3699 1788 3771 instaura-

235 3826 345 3911 turus,
380 3818 558 3909 praelatae
594 3817 761 3890 ecclesiae
788 3815 983 3889 Gneznensi
1011 3826 1046 3889 et
1072 3820 1144 3890 suis
1171 3821 1440 3911 archiepiscopis
1466 3840 1603 3891 censum
1632 3840 1787 3891 annuum

235 3946 373 4012 centum
408 3960 602 4011 marcarum
637 3939 787 4011 latorum
823 3961 1023 4029 grossorum
1059 3941 1286 4030 Pragensinm
1322 3962 1365 4012 ex
1400 3961 1513 4031 suppa
1549 3939 1784 4031 Wyelyciensi

234 4060 493 4150 solvendarum,
530 4060 639 4130 donec
673 4059 836 4130 universa
871 4082 955 4131 vasa
990 4060 1149 4150 praelata
1183 4067 1245 4132 aut
1279 4082 1397 4132 eorum
1433 4061 1586 4133 valorem
1618 4061 1786 4149 ecclesiae

235 4176 430 4252 Gneznensi
457 4180 630 4271 redderet,
657 4179 809 4272 donavit,
837 4182 1077 4272 appropriavit
1103 4188 1139 4253 et
1161 4182 1349 4272 inscripsit,
1377 4186 1413 4253 et
1439 4188 1511 4252 tam
1529 4202 1567 4253 se
1586 4201 1690 4273 quam
1707 4202 1786 4253 suc-

234 4320 388 4372 cessores
415 4322 496 4373 suos
524 4323 624 4391 reges
651 4300 824 4393 Poloniae,
851 4308 888 4374 et
915 4323 1033 4374 omnes
1065 4302 1228 4374 officiales
1255 4322 1387 4393 zuppae
1414 4302 1684 4392 Wyelycziensis
1709 4308 1784 4375 tam

233 4421 382 4492 maiores
410 4442 513 4512 quam
540 4422 691 4493 minores
718 4423 762 4493 ad
790 4423 991 4494 solvendum
1023 4423 1220 4494 huiusmodi
1247 4429 1383 4494 centum
1410 4443 1604 4494 marcarum
1630 4442 1785 4512 censum,

232 4543 298 4613 sub
325 4543 479 4614 censuris
507 4543 758 4634 ecclesiasticis,
785 4565 893 4634 usque
911 4544 956 4614 ad
974 4544 1181 4616 sententiam
1199 4544 1378 4615 interdicti
1396 4544 1561 4617 inclusive
1587 4564 1651 4634 per
1668 4544 1784 4615 archi-

232 4662 430 4753 episcopum
457 4660 694 4734 Gneznensem
721 4662 882 4754 ferendis,
910 4665 1088 4754 obligavit
1115 4664 1281 4753 adquam
1309 4664 1446 4754 quidem
1473 4665 1719 4754 obligationem
1747 4668 1785 4735 et

231 4802 456 4855 censurarum
483 4804 547 4874 per
568 4782 864 4874 archiepiscopum
884 4782 1121 4856 Gneznensem
1139 4785 1461 4874 promulgationem,
1487 4783 1665 4857 Johannes
1683 4782 1786 4858 Gro-

230 4902 390 4974 thonis
417 4902 601 4994 episcopus
628 4903 885 4994 cracoviensis,
910 4926 974 4995 per
1001 4906 1121 4977 literas
1148 4911 1309 4995 patentes
1335 4911 1371 4976 et
1398 4905 1512 4994 sigillo
1539 4925 1602 4976 sno
1627 4906 1784 4977 munitus

231 5023 421 5113 consensit,
456 5025 501 5095 ab
536 5046 646 5116 eoque
681 5030 839 5116 tempore
867 5024 1088 5098 Gneznenses
1124 5026 1374 5116 archiepiscopi
1413 5045 1552 5096 censum
1587 5018 1817 5116 praelatum

230 5151 367 5216 centnm
403 5164 596 5216 marcarum
631 5145 781 5218 latorum
816 5167 1017 5237 grossorum
1052 5147 1272 5236 integraliter
1307 5152 1343 5217 et
1369 5148 1500 5237 absque
1536 5146 1784 5237 impedimento

229 5265 359 5337 tollunt
384 5270 421 5337 et
446 5266 654 5357 percipiunt,
680 5272 718 5339 et
744 5286 883 5339 censum
911 5268 1022 5358 ipsum
1041 5268 1076 5338 in
1095 5289 1180 5339 usus
1197 5268 1354 5358 privatos
1378 5272 1592 5357 conuertunt,
1618 5288 1783 5339 vasorum

229 5390 346 5457 antem
381 5385 546 5458 ecclesiae
572 5386 638 5458 Dei
664 5382 860 5461 Gneznensi
895 5388 1103 5460 instauratio
1139 5408 1251 5477 noque
1287 5389 1456 5479 sentitur,
1492 5408 1604 5478 neque
1631 5388 1781 5483 ridetur,
