4050 6054
1706 541 1779 614 203

232 761 302 812 non
335 739 458 827 fuerit,
485 744 646 810 teneatur
682 759 719 810 se
746 759 767 808 a
793 739 849 811 die
867 741 1102 811 'assecutionls
1128 739 1219 811 infra
1245 760 1372 812 annum
1397 743 1434 812 in
1461 745 1674 837 sacerdotem
1701 770 1783 837 pro-

232 881 381 948 movere,
409 865 444 931 et
473 859 586 930 faeere
614 860 705 930 circa
723 859 953 949 praebendam
972 859 1161 950 praefatam
1180 861 1405 932 residentiam
1423 864 1647 954 personalem,
1667 870 1784 956 quem-

232 976 415 1052 admodum
455 980 490 1050 in
530 979 712 1069 privilegio
752 977 963 1051 fundationis
1003 987 1039 1052 et
1075 980 1261 1052 dotationis
1292 981 1468 1071 praefatae
1500 983 1784 1057 Helisabeth

233 1102 383 1192 reginae,
410 1099 502 1190 qnod
528 1099 793 1170 Ludovicus
820 1094 984 1171 Poloniae
1012 1106 1047 1171 et
1074 1100 1272 1190 Hungariae
1299 1122 1360 1172 rex
1388 1103 1621 1195 confirmavit,
1649 1106 1783 1195 plenius

233 1215 448 1308 continetur;
475 1241 620 1311 quorum
647 1225 831 1311 utrumque
857 1221 892 1291 in
921 1221 1018 1311 regio
1046 1222 1181 1292 aerario
1209 1220 1466 1294 Gracoviae
1493 1231 1727 1314 conservatur,
1746 1232 1782 1297 et

232 1340 449 1432 praebendae
475 1340 672 1412 huiusmodi
700 1340 865 1412 Poloniae
893 1362 952 1412 rex
973 1341 1103 1412 unicus
1130 1347 1184 1412 est
1211 1343 1365 1414 collator.
1494 1403 1498 1421 ,
1538 1340 1542 1346 ’

284 1490 287 1497 ·
336 1460 452 1532 Onera
478 1468 594 1532 autem
621 1461 850 1551 praebendae
865 1460 1043 1551 praefatae
1071 1468 1152 1533 sunt
1180 1462 1269 1533 duae
1296 1463 1430 1552 missae,
1458 1485 1543 1554 quas
1570 1465 1782 1555 praebenda-

232 1583 305 1654 rius
342 1583 519 1672 praefatae
554 1583 751 1653 huiusmodi
787 1587 925 1653 tenetur
951 1583 1094 1672 singulis
1121 1584 1324 1673 septimanis
1350 1604 1413 1673 per
1441 1605 1477 1654 se
1505 1585 1559 1655 vel
1587 1606 1650 1675 per
1677 1587 1782 1658 alium

232 1704 389 1793 explere3
415 1724 518 1774 uuam
545 1702 706 1773 videlicet
731 1723 795 1792 pro
821 1702 1062 1773 fundatoribus
1088 1704 1228 1793 regibus
1255 1703 1429 1792 Polonfae‚
1447 1704 1591 1776 alteram
1610 1727 1673 1796 pro
1692 1707 1782 1796 regi·

231 1823 296 1896 bus
322 1823 486 1895 Poloniae
513 1824 668 1919 mortuis,
696 1823 795 1911 vivia,
822 1829 858 1894 et
883 1823 1062 1916 morituris
1089 1829 1138 1893 et·
1152 1824 1310 1895 omnibus
1328 1824 1406 1895 aliis
1424 1825 1584 1897 fidelibus
1603 1824 1783 1899 defunctis.

335 1944 422 2015 Item
449 1943 648 2034 praebenda
674 1942 831 2033 praefata
857 1948 977 2015 taxata
1003 1948 1056 2015 est
1083 1997 1270 2014 ......

311 2177 555 2287 Praebendn
589 2204 662 2284 88.
696 2205 849 2286 Felicis
882 2165 930 2285 et
957 2202 1136 2286 Adducti
1171 2207 1209 2284 in
1243 2210 1388 2287 castro
1413 2203 1716 2289 cracoviensi.-

336 2425 539 2497 Praebenda
565 2426 650 2496 haec
677 2426 881 2496 Sanctorum
907 2425 1033 2496 Felicis
1060 2431 1096 2495 et
1123 2423 1273 2496 Adaucti
1300 2426 1335 2495 in
1362 2446 1446 2496 area
1472 2423 1692 2498 Cracoviensi
1712 2429 1780 2500 sita

233 2555 293 2636 est,
321 2549 452 2618 habens
479 2547 656 2617 ecclesiam
684 2545 868 2635 specialem
894 2544 1077 2616 rotundam
1106 2551 1141 2615 et
1168 2545 1283 2634 altam,
1310 2547 1424 2635 prisco
1444 2552 1480 2616 et
1497 2548 1607 2617 veteri
1625 2569 1720 2618 more
1739 2570 1780 2618 ex

231 2666 345 2759 lapide
371 2665 602 2755 fabrefactam,
630 2666 731 2737 idolis
758 2665 938 2755 quondam,
967 2666 1168 2756 priusquam
1195 2665 1316 2737 Poloni
1344 2666 1388 2736 ad
1416 2667 1678 2754 christianitatis
1704 2667 1782 2739 in'ra

231 2789 388 2861 conversi
414 2787 546 2876 forent,
573 2786 730 2858 dicatum.
766 2785 873 2857 Cuius
899 2787 1099 2857 memoriam
1126 2792 1162 2857 et
1187 2785 1352 2857 fabricam
1379 2785 1628 2859 Gasimirus
1655 2787 1782 2859 Secun-

214 2909 293 2981 dus
332 2908 497 2980 Polouiae
532 2927 613 2996 rex,
648 2911 801 2978 castrum
841 2905 1068 2978 Gracoviense
1110 2928 1131 2976 a
1165 2906 1396 2979 fundamentis
1437 2907 1595 2996 initians,
1632 2909 1780 2997 posteris

114 3021 117 3023 ’
230 3050 411 3102 reservare
437 3029 559 3117 voluit,
585 3034 620 3102 et
646 3028 682 3098 in
709 3049 777 3118 qua
802 3027 992 3118 praefatam
1018 3027 1250 3117 praebendam
1276 3028 1451 3119 fundavit,
1478 3029 1577 3119 eique
1604 3029 1639 3099 in
1666 3028 1782 3119 dotem

231 3155 433 3242 perpetuam
468 3149 631 3234 contulit,
650 3153 839 3237 proventus
866 3147 1124 3239 infrascriptos,
1150 3147 1362 3220 fundationis
1389 3154 1505 3220 tamen
1532 3155 1567 3221 et
1593 3149 1782 3220 dotationis

232 3269 459 3360 privilegium,
486 3271 516 3340 si
544 3268 636 3359 quod
663 3276 746 3359 erat,
774 3269 985 3360 investigare
1005 3290 1073 3340 nou
1091 3269 1198 3358 potui,
1217 3268 1433 3358 praebendae
1452 3272 1567 3340 autem
1584 3268 1782 3340 huiusmodi

230 3391 352 3461 unicus
378 3396 547 3480 patronus
572 3396 627 3460 est
652 3389 816 3461 Poloniae
843 3410 905 3461 rex
931 3388 1194 3460 illustrissimus.

285 3567 288 3571 .
334 3509 458 3582 Nronn
484 3509 602 3581 villa
628 3517 664 3581 et
689 3509 811 3582 Niara
832 3510 971 3600 vicus,
998 3510 1062 3581 sub
1088 3509 1254 3601 parochia
1281 3509 1446 3580 ecelesiae
1473 3508 1590 3580 Sancti
1616 3508 1782 3599 Stephani

230 3633 267 3703 in
294 3631 521 3704 Cracovia
556 3632 641 3720 sita,
669 3632 765 3702 cuius
791 3631 987 3721 proprietas
1014 3629 1058 3700 ad
1085 3629 1344 3702 serenissimum
1370 3629 1533 3701 Poloniae
1560 3650 1677 3718 regem
1703 3650 1783 3719 per-

231 3754 330 3839 tinet.
369 3752 411 3824 In
439 3774 507 3842 qna
533 3757 615 3824 sunt
640 3753 745 3841 horti,
774 3771 917 3841 qnorum
945 3751 1091 3841 quilibet
1117 3771 1180 3840 pro
1207 3770 1322 3820 annuo
1350 3770 1455 3820 censu
1483 3749 1587 3821 solvit
1613 3751 1781 3839 praeben-

231 3874 328 3945 dario
355 3873 573 3963 praebendae
600 3871 794 3962 praefatae,
820 3872 1094 3962 inquibuslibet
1120 3876 1269 3961 quatuor
1296 3870 1530 3960 temporibus,
1559 3876 1595 3940 et
1622 3871 1783 3960 provenit

231 3995 274 4066 de
300 3994 496 4066 huiusmodi
528 3995 640 4065 hortis
668 3994 703 4063 in
730 4013 863 4064 summa
888 4013 951 4083 pro
979 3992 1230 4082 praebendario
1258 4012 1327 4062 nna
1354 4013 1525 4081 sexagena
1551 4013 1615 4081 pro
1641 3990 1730 4063 festo
1749 3990 1781 4061 S.

151 4119 158 4126 ’
231 4110 378 4185 Martini
404 4112 571 4185 solvenda
597 4134 660 4203 pro
688 4112 886 4203 praebenda
911 4111 1078 4203 praefata.
1104 4112 1193 4182 Item
1219 4132 1283 4202 pro
1311 4111 1469 4183 custodia
1486 4110 1704 4182 Oracoviensi
1723 4112 1782 4182 ulii

229 4234 335 4324 horti,
362 4233 525 4306 solvendo
552 4255 615 4324 pro
644 4234 855 4325 quibuslibet
882 4240 1030 4324 quatuor
1057 4233 1270 4323 temporibus
1297 4239 1370 4304 tres
1388 4232 1540 4304 fertones
1558 4254 1621 4324 pro
1641 4232 1783 4322 decima,
1844 4270 1847 4274 ι
1885 4260 1888 4265 ·

230 4357 316 4427 dunt
346 4356 382 4426 in
409 4376 543 4427 summa
569 4356 655 4427 duas
681 4363 816 4426 marcas
843 4362 880 4426 et
906 4376 1011 4426 unum
1037 4354 1215 4426 fertonem.
1250 4353 1424 4426 Plebanus
1451 4354 1484 4427 S.
1511 4339 1677 4444 Stephani
1704 4360 1781 4425 tan-

230 4477 406 4551 tummodo
433 4478 540 4550 habet
566 4477 854 4549 columbationem
881 4484 917 4550 et
943 4476 1122 4548 denarium
1149 4476 1182 4548 S.
1208 4476 1314 4548 Petri.

333 4582 559 4689 EnonszoW,
587 4599 669 4670 villa
705 4599 848 4690 antiqua
882 4604 919 4669 et
945 4619 1051 4687 nova,
1079 4598 1144 4669 sub
1170 4598 1336 4688 parochia
1361 4599 1526 4670 ecclesiae
1554 4598 1586 4668 S.
1613 4597 1781 4688 Stephani

148 4782 151 4786 i
230 4719 266 4789 in
293 4718 520 4791 Oracovia
556 4721 642 4809 sita,
670 4719 767 4791 cuius
793 4719 991 4810 proprietas
1018 4725 1054 4790 et
1081 4717 1269 4791 dominium
1296 4718 1341 4791 ad
1368 4718 1625 4790 serenissimum
1651 4718 1780 4808 princi-

229 4859 308 4929 pem
334 4839 510 4939 dominum
537 4839 808 4911 Gasimirum
835 4838 1000 4911 Poloniae
1025 4860 1149 4931 regem.
1166 4841 1327 4930 pertinet.
1353 4840 1393 4910 In
1414 4846 1581 4929 quaeunt
1599 4837 1779 4915 duodecim

228 4961 320 5032 lanei
347 4961 590 5050 cmetbonales‚
618 4961 672 5032 vel
698 4961 815 5052 potius
840 4961 953 5050 horti3
980 4961 1064 5033 item
1090 4960 1320 5051 hortulaniue,
1347 4961 1431 5032 item
1458 4960 1638 5051 praedium
1664 4959 1780 5049 regale

229 5082 361 5153 habens
387 5083 555 5173 speciales
582 5101 703 5172 agros3
730 5083 773 5153 de
800 5082 924 5173 quibus
952 5083 1109 5154 omnibus
1136 5082 1283 5154 solvitur
1310 5080 1442 5152 decima
1467 5081 1690 5171 manipularis
1717 5101 1780 5170 pro

208 5203 429 5292 -praebenda
454 5204 619 5294 praefata,
647 5209 683 5273 et
707 5209 872 5275 tenentur
898 5194 992 5274 illam
1019 5203 1152 5274 incolae
1179 5202 1282 5274 villae
1309 5201 1459 5292 propriis
1478 5202 1637 5273 curribus
1654 5201 1780 5274 ducere
1864 5220 1866 5225 ·

228 5323 264 5393 in
290 5324 454 5396 horreum
480 5345 502 5396 a
528 5323 778 5416 praebendario
805 5325 985 5397 locandum
1011 5328 1048 5394 et
1074 5323 1170 5394 valor
1197 5323 1273 5395 eius
1298 5323 1504 5394 aestimatur
1529 5321 1574 5396 ad
1601 5321 1781 5396 duodecim

228 5462 372 5542 marcas,
399 5445 483 5521 item
510 5445 678 5523 decimam
705 5445 828 5541 canapi
853 5466 924 5517 non
938 5444 1098 5518 solvunt.
