<?xml version="1.0" encoding="UTF-8"?>
<!DOCTYPE html PUBLIC "-//W3C//DTD XHTML 1.0 Transitional//EN"
    "http://www.w3.org/TR/xhtml1/DTD/xhtml1-transitional.dtd">
<html xmlns="http://www.w3.org/1999/xhtml" xml:lang="en" lang="en">
 <head>
  <title>
</title>
<meta http-equiv="Content-Type" content="text/html;charset=utf-8" />
  <meta name='ocr-system' content='tesseract 3.04.00' />
  <meta name='ocr-capabilities' content='ocr_page ocr_carea ocr_par ocr_line ocrx_word'/>
</head>
<body>
  <div class='ocr_page' id='page_1' title='image "./joannisdugoszse00dugoog_0177.png"; bbox 0 0 4050 6054; ppageno 0'>
   <div class='ocr_carea' id='block_1_1' title="bbox 239 447 311 519">
    <p class='ocr_par' dir='ltr' id='par_1_1' title="bbox 239 447 311 519">
     <span class='ocr_line' id='line_1_1' title="bbox 239 447 311 519; baseline -0.014 0"><span class='ocrx_word' id='word_1_1' title='bbox 239 447 311 519; x_wconf 79' lang='lat'>150</span> 
     </span>
    </p>
   </div>
   <div class='ocr_carea' id='block_1_2' title="bbox 95 602 1787 867">
    <p class='ocr_par' dir='ltr' id='par_1_2' title="bbox 95 602 1787 867">
     <span class='ocr_line' id='line_1_2' title="bbox 235 602 1787 745; baseline 0.001 -21"><span class='ocrx_word' id='word_1_2' title='bbox 235 652 449 725; x_wconf 85' lang='lat' dir='ltr'>hortulaniae</span> <span class='ocrx_word' id='word_1_3' title='bbox 468 653 634 735; x_wconf 88' lang='lat' dir='ltr'>habentes</span> <span class='ocrx_word' id='word_1_4' title='bbox 651 672 754 742; x_wconf 80' lang='lat' dir='ltr'>agros</span> <span class='ocrx_word' id='word_1_5' title='bbox 773 602 956 741; x_wconf 89' lang='lat' dir='ltr'>speciales,</span> <span class='ocrx_word' id='word_1_6' title='bbox 974 649 1057 723; x_wconf 81' lang='lat' dir='ltr'>item</span> <span class='ocrx_word' id='word_1_7' title='bbox 1077 651 1165 722; x_wconf 90' lang='lat' dir='ltr'>duae</span> <span class='ocrx_word' id='word_1_8' title='bbox 1190 652 1355 725; x_wconf 82' lang='lat' dir='ltr'>tabernae</span> <span class='ocrx_word' id='word_1_9' title='bbox 1372 653 1479 723; x_wconf 88' lang='lat' dir='ltr'>etiam</span> <span class='ocrx_word' id='word_1_10' title='bbox 1497 653 1664 726; x_wconf 79' lang='lat' dir='ltr'>habentes</span> <span class='ocrx_word' id='word_1_11' title='bbox 1681 675 1787 745; x_wconf 80' lang='lat' dir='ltr'>agros</span> 
     </span>
     <span class='ocr_line' id='line_1_3' title="bbox 95 770 1787 867; baseline 0.002 -22"><span class='ocrx_word' id='word_1_12' title='bbox 95 858 98 867; x_wconf 27' lang='lat'>¹</span> <span class='ocrx_word' id='word_1_13' title='bbox 234 773 416 864; x_wconf 78' lang='lat' dir='ltr'><strong>speciales,</strong></span> <span class='ocrx_word' id='word_1_14' title='bbox 453 772 495 843; x_wconf 88' lang='lat' dir='ltr'>de</span> <span class='ocrx_word' id='word_1_15' title='bbox 523 772 646 862; x_wconf 88' lang='lat' dir='ltr'>quibus</span> <span class='ocrx_word' id='word_1_16' title='bbox 673 770 832 844; x_wconf 88' lang='lat' dir='ltr'>omnibus</span> <span class='ocrx_word' id='word_1_17' title='bbox 859 778 895 843; x_wconf 89' lang='lat' dir='ltr'>et</span> <span class='ocrx_word' id='word_1_18' title='bbox 921 772 1093 843; x_wconf 86' lang='lat' dir='ltr'>nonnullis</span> <span class='ocrx_word' id='word_1_19' title='bbox 1120 772 1282 862; x_wconf 90' lang='lat' dir='ltr'>pecicbus</span> <span class='ocrx_word' id='word_1_20' title='bbox 1319 792 1482 862; x_wconf 80' lang='lat' dir='ltr'>agrorum</span> <span class='ocrx_word' id='word_1_21' title='bbox 1509 775 1787 865; x_wconf 87' lang='lat' dir='ltr'>cmethonulimn‚</span> 
     </span>
    </p>
   </div>
   <div class='ocr_carea' id='block_1_3' title="bbox 231 886 1787 1830">
    <p class='ocr_par' dir='ltr' id='par_1_3' title="bbox 231 886 1787 1707">
     <span class='ocr_line' id='line_1_4' title="bbox 234 886 1787 988; baseline 0.003 -24"><span class='ocrx_word' id='word_1_22' title='bbox 234 895 293 985; x_wconf 92' lang='lat' dir='ltr'>qui</span> <span class='ocrx_word' id='word_1_23' title='bbox 312 897 478 965; x_wconf 88' lang='lat' dir='ltr'>vocantur</span> <span class='ocrx_word' id='word_1_24' title='bbox 499 915 599 988; x_wconf 75' lang='lat' dir='ltr'>rcpwy</span> <span class='ocrx_word' id='word_1_25' title='bbox 618 913 678 963; x_wconf 91' lang='lat' dir='ltr'>seu</span> <span class='ocrx_word' id='word_1_26' title='bbox 694 890 939 987; x_wconf 54' lang='lat' dir='ltr'>paparanum,</span> <span class='ocrx_word' id='word_1_27' title='bbox 966 893 1113 964; x_wconf 87' lang='lat' dir='ltr'>solvitur</span> <span class='ocrx_word' id='word_1_28' title='bbox 1131 892 1264 965; x_wconf 88' lang='lat' dir='ltr'>decima</span> <span class='ocrx_word' id='word_1_29' title='bbox 1280 894 1504 984; x_wconf 72' lang='lat' dir='ltr'>manipularis</span> <span class='ocrx_word' id='word_1_30' title='bbox 1531 899 1567 965; x_wconf 89' lang='lat' dir='ltr'>et</span> <span class='ocrx_word' id='word_1_31' title='bbox 1585 895 1723 968; x_wconf 85' lang='lat' dir='ltr'>ducitur</span> <span class='ocrx_word' id='word_1_32' title='bbox 1747 886 1787 968; x_wconf 91' lang='lat' dir='ltr'>in</span> 
     </span>
     <span class='ocr_line' id='line_1_5' title="bbox 232 1013 1787 1104; baseline 0.001 -17"><span class='ocrx_word' id='word_1_33' title='bbox 232 1017 393 1087; x_wconf 90' lang='lat' dir='ltr'>horreum</span> <span class='ocrx_word' id='word_1_34' title='bbox 427 1014 578 1104; x_wconf 90' lang='lat' dir='ltr'>propriis</span> <span class='ocrx_word' id='word_1_35' title='bbox 605 1013 763 1086; x_wconf 89' lang='lat' dir='ltr'>curribus</span> <span class='ocrx_word' id='word_1_36' title='bbox 794 1034 857 1103; x_wconf 91' lang='lat' dir='ltr'>pro</span> <span class='ocrx_word' id='word_1_37' title='bbox 885 1014 1014 1084; x_wconf 87' lang='lat' dir='ltr'>vicaria</span> <span class='ocrx_word' id='word_1_38' title='bbox 1039 1013 1196 1103; x_wconf 87' lang='lat' dir='ltr'>praelata</span> <span class='ocrx_word' id='word_1_39' title='bbox 1222 1018 1258 1084; x_wconf 92' lang='lat' dir='ltr'>et</span> <span class='ocrx_word' id='word_1_40' title='bbox 1285 1015 1488 1085; x_wconf 89' lang='lat' dir='ltr'>aestimatur</span> <span class='ocrx_word' id='word_1_41' title='bbox 1514 1016 1613 1087; x_wconf 89' lang='lat' dir='ltr'>valor</span> <span class='ocrx_word' id='word_1_42' title='bbox 1638 1018 1713 1095; x_wconf 85' lang='lat' dir='ltr'>cius</span> <span class='ocrx_word' id='word_1_43' title='bbox 1739 1018 1787 1089; x_wconf 80' lang='lat' dir='ltr'>acl</span> 
     </span>
     <span class='ocr_line' id='line_1_6' title="bbox 231 1133 1786 1226; baseline 0.001 -18"><span class='ocrx_word' id='word_1_44' title='bbox 231 1136 316 1208; x_wconf 88' lang='lat' dir='ltr'>duas</span> <span class='ocrx_word' id='word_1_45' title='bbox 336 1154 476 1206; x_wconf 89' lang='lat' dir='ltr'>marcas.</span> <span class='ocrx_word' id='word_1_46' title='bbox 520 1134 666 1206; x_wconf 84' lang='lat' dir='ltr'>Solvunt</span> <span class='ocrx_word' id='word_1_47' title='bbox 683 1134 786 1205; x_wconf 84' lang='lat' dir='ltr'>etiam</span> <span class='ocrx_word' id='word_1_48' title='bbox 803 1133 950 1224; x_wconf 87' lang='lat' dir='ltr'>praefati</span> <span class='ocrx_word' id='word_1_49' title='bbox 967 1134 1141 1206; x_wconf 85' lang='lat' dir='ltr'>hortulani</span> <span class='ocrx_word' id='word_1_50' title='bbox 1159 1134 1326 1206; x_wconf 89' lang='lat' dir='ltr'>decimam</span> <span class='ocrx_word' id='word_1_51' title='bbox 1353 1135 1475 1224; x_wconf 91' lang='lat' dir='ltr'>canapi</span> <span class='ocrx_word' id='word_1_52' title='bbox 1493 1156 1555 1226; x_wconf 88' lang='lat' dir='ltr'>per</span> <span class='ocrx_word' id='word_1_53' title='bbox 1573 1136 1659 1210; x_wconf 87' lang='lat' dir='ltr'>duas</span> <span class='ocrx_word' id='word_1_54' title='bbox 1686 1137 1786 1209; x_wconf 91' lang='lat' dir='ltr'>iunc-</span> 
     </span>
     <span class='ocr_line' id='line_1_7' title="bbox 232 1252 1783 1348; baseline 0.003 -22"><span class='ocrx_word' id='word_1_55' title='bbox 232 1261 337 1326; x_wconf 87' lang='lat' dir='ltr'>turas.</span> <span class='ocrx_word' id='word_1_56' title='bbox 381 1254 468 1326; x_wconf 86' lang='lat' dir='ltr'>Sunt</span> <span class='ocrx_word' id='word_1_57' title='bbox 486 1255 591 1325; x_wconf 89' lang='lat' dir='ltr'>etiam</span> <span class='ocrx_word' id='word_1_58' title='bbox 617 1254 665 1325; x_wconf 92' lang='lat' dir='ltr'>ibi</span> <span class='ocrx_word' id='word_1_59' title='bbox 689 1252 777 1325; x_wconf 90' lang='lat' dir='ltr'>duae</span> <span class='ocrx_word' id='word_1_60' title='bbox 804 1255 918 1325; x_wconf 83' lang='lat' dir='ltr'>curiae</span> <span class='ocrx_word' id='word_1_61' title='bbox 945 1255 1110 1326; x_wconf 90' lang='lat' dir='ltr'>nobilium</span> <span class='ocrx_word' id='word_1_62' title='bbox 1138 1256 1304 1326; x_wconf 81' lang='lat' dir='ltr'>habentes</span> <span class='ocrx_word' id='word_1_63' title='bbox 1322 1275 1425 1345; x_wconf 85' lang='lat' dir='ltr'>agros</span> <span class='ocrx_word' id='word_1_64' title='bbox 1451 1256 1654 1348; x_wconf 87' lang='lat' dir='ltr'>pracdiales‚</span> <span class='ocrx_word' id='word_1_65' title='bbox 1695 1259 1783 1330; x_wconf 84' lang='lat' dir='ltr'>ilem</span> 
     </span>
     <span class='ocr_line' id='line_1_8' title="bbox 232 1374 1785 1469; baseline 0.002 -22"><span class='ocrx_word' id='word_1_66' title='bbox 232 1382 313 1448; x_wconf 88' lang='lat' dir='ltr'>sunt</span> <span class='ocrx_word' id='word_1_67' title='bbox 338 1375 470 1468; x_wconf 86' lang='lat' dir='ltr'>aliquot</span> <span class='ocrx_word' id='word_1_68' title='bbox 497 1375 587 1446; x_wconf 87' lang='lat' dir='ltr'>lanei</span> <span class='ocrx_word' id='word_1_69' title='bbox 614 1374 858 1463; x_wconf 89' lang='lat' dir='ltr'>cmethonales,</span> <span class='ocrx_word' id='word_1_70' title='bbox 886 1374 1076 1465; x_wconf 88' lang='lat' dir='ltr'>dequibus</span> <span class='ocrx_word' id='word_1_71' title='bbox 1103 1375 1206 1447; x_wconf 90' lang='lat' dir='ltr'>datur</span> <span class='ocrx_word' id='word_1_72' title='bbox 1233 1375 1365 1446; x_wconf 87' lang='lat' dir='ltr'>decima</span> <span class='ocrx_word' id='word_1_73' title='bbox 1386 1376 1609 1466; x_wconf 88' lang='lat' dir='ltr'>manipularis</span> <span class='ocrx_word' id='word_1_74' title='bbox 1636 1379 1785 1469; x_wconf 86' lang='lat' dir='ltr'>plebano</span> 
     </span>
     <span class='ocr_line' id='line_1_9' title="bbox 231 1493 1785 1592; baseline 0.001 -24"><span class='ocrx_word' id='word_1_75' title='bbox 231 1502 267 1568; x_wconf 88' lang='lat' dir='ltr'>et</span> <span class='ocrx_word' id='word_1_76' title='bbox 283 1496 447 1568; x_wconf 86' lang='lat' dir='ltr'>ecclesiae</span> <span class='ocrx_word' id='word_1_77' title='bbox 475 1497 509 1565; x_wconf 94' lang='lat' dir='ltr'>in</span> <span class='ocrx_word' id='word_1_78' title='bbox 534 1493 803 1567; x_wconf 86' lang='lat' dir='ltr'>Gabolthow</span> <span class='ocrx_word' id='word_1_79' title='bbox 825 1495 976 1585; x_wconf 84' lang='lat' dir='ltr'>exceptis</span> <span class='ocrx_word' id='word_1_80' title='bbox 1004 1494 1169 1585; x_wconf 88' lang='lat' dir='ltr'>praefatis</span> <span class='ocrx_word' id='word_1_81' title='bbox 1192 1496 1367 1586; x_wconf 86' lang='lat' dir='ltr'>peticbus,</span> <span class='ocrx_word' id='word_1_82' title='bbox 1395 1497 1481 1567; x_wconf 88' lang='lat' dir='ltr'>alias</span> <span class='ocrx_word' id='word_1_83' title='bbox 1508 1520 1618 1592; x_wconf 75' lang='lat' dir='ltr'>aaywy,</span> <span class='ocrx_word' id='word_1_84' title='bbox 1645 1498 1688 1570; x_wconf 89' lang='lat' dir='ltr'>de</span> <span class='ocrx_word' id='word_1_85' title='bbox 1707 1500 1785 1590; x_wconf 90' lang='lat' dir='ltr'>qui·</span> 
     </span>
     <span class='ocr_line' id='line_1_10' title="bbox 231 1614 1019 1707; baseline -0.005 -18"><span class='ocrx_word' id='word_1_86' title='bbox 231 1618 295 1689; x_wconf 87' lang='lat' dir='ltr'>bus</span> <span class='ocrx_word' id='word_1_87' title='bbox 322 1616 425 1688; x_wconf 90' lang='lat' dir='ltr'>datur</span> <span class='ocrx_word' id='word_1_88' title='bbox 451 1616 584 1687; x_wconf 89' lang='lat' dir='ltr'>decima</span> <span class='ocrx_word' id='word_1_89' title='bbox 608 1637 672 1707; x_wconf 94' lang='lat' dir='ltr'>pro</span> <span class='ocrx_word' id='word_1_90' title='bbox 699 1616 829 1687; x_wconf 85' lang='lat' dir='ltr'>vicaria</span> <span class='ocrx_word' id='word_1_91' title='bbox 855 1614 1019 1707; x_wconf 86' lang='lat' dir='ltr'>praelata.</span> 
     </span>
    </p>

    <p class='ocr_par' dir='ltr' id='par_1_4' title="bbox 333 1736 1786 1830">
     <span class='ocr_line' id='line_1_11' title="bbox 333 1736 1786 1830; baseline 0.002 -22"><span class='ocrx_word' id='word_1_92' title='bbox 333 1738 421 1810; x_wconf 91' lang='lat' dir='ltr'>Item</span> <span class='ocrx_word' id='word_1_93' title='bbox 447 1738 552 1808; x_wconf 88' lang='lat' dir='ltr'>habet</span> <span class='ocrx_word' id='word_1_94' title='bbox 570 1737 709 1808; x_wconf 83' lang='lat' dir='ltr'>tertiam</span> <span class='ocrx_word' id='word_1_95' title='bbox 728 1738 975 1828; x_wconf 86' lang='lat' dir='ltr'>manipularem</span> <span class='ocrx_word' id='word_1_96' title='bbox 994 1737 1160 1809; x_wconf 90' lang='lat' dir='ltr'>decimam</span> <span class='ocrx_word' id='word_1_97' title='bbox 1187 1738 1223 1808; x_wconf 95' lang='lat' dir='ltr'>in</span> <span class='ocrx_word' id='word_1_98' title='bbox 1240 1736 1447 1809; x_wconf 89' lang='lat' dir='ltr'>Rzescho</span> <span class='ocrx_word' id='word_1_99' title='bbox 1458 1745 1532 1808; x_wconf 88' lang='lat' dir='ltr'>tar</span> <span class='ocrx_word' id='word_1_100' title='bbox 1541 1761 1582 1830; x_wconf 76' lang='lat' dir='ltr'>y,</span> <span class='ocrx_word' id='word_1_101' title='bbox 1609 1739 1692 1810; x_wconf 81' lang='lat' dir='ltr'>villa</span> <span class='ocrx_word' id='word_1_102' title='bbox 1717 1741 1786 1812; x_wconf 95' lang='lat' dir='ltr'>sub</span> 
     </span>
    </p>
   </div>
   <div class='ocr_carea' id='block_1_4' title="bbox 88 1856 1872 1950">
    <p class='ocr_par' dir='ltr' id='par_1_5' title="bbox 88 1856 1872 1950">
     <span class='ocr_line' id='line_1_12' title="bbox 88 1856 1872 1950; baseline 0 -21"><span class='ocrx_word' id='word_1_103' title='bbox 88 1928 96 1937; x_wconf 80' lang='grc'><strong>,</strong></span> <span class='ocrx_word' id='word_1_104' title='bbox 230 1859 394 1949; x_wconf 87' lang='lat' dir='ltr'>parochia</span> <span class='ocrx_word' id='word_1_105' title='bbox 420 1858 582 1930; x_wconf 89' lang='lat' dir='ltr'>ecclesiae</span> <span class='ocrx_word' id='word_1_106' title='bbox 601 1858 643 1930; x_wconf 89' lang='lat' dir='ltr'>dc</span> <span class='ocrx_word' id='word_1_107' title='bbox 665 1856 968 1929; x_wconf 91' lang='lat' dir='ltr'>Podstolicze</span> <span class='ocrx_word' id='word_1_108' title='bbox 995 1858 1072 1948; x_wconf 85' lang='lat' dir='ltr'>sita,</span> <span class='ocrx_word' id='word_1_109' title='bbox 1100 1859 1195 1930; x_wconf 89' lang='lat' dir='ltr'>cuius</span> <span class='ocrx_word' id='word_1_110' title='bbox 1213 1856 1408 1948; x_wconf 84' lang='lat' dir='ltr'>proprietas</span> <span class='ocrx_word' id='word_1_111' title='bbox 1435 1863 1471 1929; x_wconf 86' lang='lat' dir='ltr'>et</span> <span class='ocrx_word' id='word_1_112' title='bbox 1490 1858 1677 1930; x_wconf 88' lang='lat' dir='ltr'>dominium</span> <span class='ocrx_word' id='word_1_113' title='bbox 1704 1881 1786 1950; x_wconf 85' lang='lat' dir='ltr'>per·</span> <span class='ocrx_word' id='word_1_114' title='bbox 1867 1916 1872 1929; x_wconf 83' lang='lat'><em>.</em></span> 
     </span>
    </p>
   </div>
   <div class='ocr_carea' id='block_1_5' title="bbox 228 1976 1845 2795">
    <p class='ocr_par' dir='ltr' id='par_1_6' title="bbox 228 1976 1845 2795">
     <span class='ocr_line' id='line_1_13' title="bbox 229 1976 1786 2069; baseline 0.002 -21"><span class='ocrx_word' id='word_1_115' title='bbox 229 1979 318 2050; x_wconf 86' lang='lat' dir='ltr'>tinet</span> <span class='ocrx_word' id='word_1_116' title='bbox 344 1979 389 2051; x_wconf 89' lang='lat' dir='ltr'>ad</span> <span class='ocrx_word' id='word_1_117' title='bbox 415 1979 649 2069; x_wconf 88' lang='lat' dir='ltr'>praepositum</span> <span class='ocrx_word' id='word_1_118' title='bbox 684 1985 721 2049; x_wconf 92' lang='lat' dir='ltr'>et</span> <span class='ocrx_word' id='word_1_119' title='bbox 747 1978 992 2050; x_wconf 79' lang='lat' dir='ltr'>monasterium</span> <span class='ocrx_word' id='word_1_120' title='bbox 1027 1976 1190 2068; x_wconf 83' lang='lat' dir='ltr'>Corporis</span> <span class='ocrx_word' id='word_1_121' title='bbox 1217 1976 1349 2049; x_wconf 85' lang='lat' dir='ltr'>Christi</span> <span class='ocrx_word' id='word_1_122' title='bbox 1376 1979 1411 2048; x_wconf 94' lang='lat' dir='ltr'>in</span> <span class='ocrx_word' id='word_1_123' title='bbox 1439 1977 1698 2050; x_wconf 87' lang='lat' dir='ltr'>Casimiria</span> <span class='ocrx_word' id='word_1_124' title='bbox 1741 1979 1786 2051; x_wconf 92' lang='lat' dir='ltr'>In</span> 
     </span>
     <span class='ocr_line' id='line_1_14' title="bbox 231 2098 1786 2192; baseline 0.001 -20"><span class='ocrx_word' id='word_1_125' title='bbox 231 2120 298 2190; x_wconf 90' lang='lat' dir='ltr'>qua</span> <span class='ocrx_word' id='word_1_126' title='bbox 324 2106 404 2171; x_wconf 87' lang='lat' dir='ltr'>sunt</span> <span class='ocrx_word' id='word_1_127' title='bbox 423 2120 483 2171; x_wconf 87' lang='lat' dir='ltr'>sex</span> <span class='ocrx_word' id='word_1_128' title='bbox 500 2099 592 2172; x_wconf 89' lang='lat' dir='ltr'>lanei</span> <span class='ocrx_word' id='word_1_129' title='bbox 618 2100 866 2189; x_wconf 71' lang='lat' dir='ltr'>cmothonaleS‚</span> <span class='ocrx_word' id='word_1_130' title='bbox 894 2099 1080 2189; x_wconf 87' lang='lat' dir='ltr'>dequibus</span> <span class='ocrx_word' id='word_1_131' title='bbox 1107 2100 1264 2171; x_wconf 92' lang='lat' dir='ltr'>omnibus</span> <span class='ocrx_word' id='word_1_132' title='bbox 1291 2098 1393 2170; x_wconf 88' lang='lat' dir='ltr'>datur</span> <span class='ocrx_word' id='word_1_133' title='bbox 1410 2099 1543 2170; x_wconf 87' lang='lat' dir='ltr'>decima</span> <span class='ocrx_word' id='word_1_134' title='bbox 1559 2101 1786 2192; x_wconf 88' lang='lat' dir='ltr'>manipularis</span> 
     </span>
     <span class='ocr_line' id='line_1_15' title="bbox 229 2216 1845 2312; baseline 0 -19"><span class='ocrx_word' id='word_1_135' title='bbox 229 2242 293 2311; x_wconf 91' lang='lat' dir='ltr'>pro</span> <span class='ocrx_word' id='word_1_136' title='bbox 321 2221 452 2292; x_wconf 90' lang='lat' dir='ltr'>vicaria</span> <span class='ocrx_word' id='word_1_137' title='bbox 478 2220 651 2312; x_wconf 84' lang='lat' dir='ltr'>praefata,</span> <span class='ocrx_word' id='word_1_138' title='bbox 687 2226 723 2291; x_wconf 89' lang='lat' dir='ltr'>et</span> <span class='ocrx_word' id='word_1_139' title='bbox 749 2219 887 2289; x_wconf 87' lang='lat' dir='ltr'>ducitur</span> <span class='ocrx_word' id='word_1_140' title='bbox 913 2219 1063 2308; x_wconf 90' lang='lat' dir='ltr'>propriis</span> <span class='ocrx_word' id='word_1_141' title='bbox 1091 2219 1248 2290; x_wconf 91' lang='lat' dir='ltr'>curribus</span> <span class='ocrx_word' id='word_1_142' title='bbox 1276 2220 1311 2290; x_wconf 93' lang='lat' dir='ltr'>in</span> <span class='ocrx_word' id='word_1_143' title='bbox 1338 2220 1501 2291; x_wconf 91' lang='lat' dir='ltr'>borreum</span> <span class='ocrx_word' id='word_1_144' title='bbox 1527 2221 1785 2310; x_wconf 81' lang='lat' dir='ltr'>pervicacium</span> <span class='ocrx_word' id='word_1_145' title='bbox 1842 2216 1845 2221; x_wconf 82' lang='grc'><strong>’</strong></span> 
     </span>
     <span class='ocr_line' id='line_1_16' title="bbox 230 2338 1787 2433; baseline 0.002 -21"><span class='ocrx_word' id='word_1_146' title='bbox 230 2338 441 2432; x_wconf 82' lang='lat' dir='ltr'>eligendum,</span> <span class='ocrx_word' id='word_1_147' title='bbox 478 2346 513 2412; x_wconf 89' lang='lat' dir='ltr'>et</span> <span class='ocrx_word' id='word_1_148' title='bbox 539 2341 678 2412; x_wconf 87' lang='lat' dir='ltr'>solvunt</span> <span class='ocrx_word' id='word_1_149' title='bbox 704 2339 869 2410; x_wconf 89' lang='lat' dir='ltr'>decimam</span> <span class='ocrx_word' id='word_1_150' title='bbox 902 2340 1023 2430; x_wconf 89' lang='lat' dir='ltr'>canapi</span> <span class='ocrx_word' id='word_1_151' title='bbox 1049 2360 1112 2429; x_wconf 92' lang='lat' dir='ltr'>per</span> <span class='ocrx_word' id='word_1_152' title='bbox 1139 2345 1286 2433; x_wconf 91' lang='lat' dir='ltr'>quatuor</span> <span class='ocrx_word' id='word_1_153' title='bbox 1312 2340 1491 2412; x_wconf 91' lang='lat' dir='ltr'>iuncturas</span> <span class='ocrx_word' id='word_1_154' title='bbox 1517 2346 1554 2413; x_wconf 91' lang='lat' dir='ltr'>et</span> <span class='ocrx_word' id='word_1_155' title='bbox 1579 2342 1787 2415; x_wconf 88' lang='lat' dir='ltr'>aestimatur</span> 
     </span>
     <span class='ocr_line' id='line_1_17' title="bbox 228 2460 1783 2553; baseline 0.002 -20"><span class='ocrx_word' id='word_1_156' title='bbox 228 2463 326 2535; x_wconf 91' lang='lat' dir='ltr'>valor</span> <span class='ocrx_word' id='word_1_157' title='bbox 352 2462 425 2533; x_wconf 91' lang='lat' dir='ltr'>eins</span> <span class='ocrx_word' id='word_1_158' title='bbox 453 2462 497 2533; x_wconf 90' lang='lat' dir='ltr'>ad</span> <span class='ocrx_word' id='word_1_159' title='bbox 517 2483 577 2533; x_wconf 85' lang='lat' dir='ltr'>sex</span> <span class='ocrx_word' id='word_1_160' title='bbox 595 2480 737 2530; x_wconf 89' lang='lat' dir='ltr'>marcas.</span> <span class='ocrx_word' id='word_1_161' title='bbox 781 2460 870 2530; x_wconf 90' lang='lat' dir='ltr'>Item</span> <span class='ocrx_word' id='word_1_162' title='bbox 897 2460 932 2529; x_wconf 91' lang='lat' dir='ltr'>in</span> <span class='ocrx_word' id='word_1_163' title='bbox 950 2460 1069 2531; x_wconf 89' lang='lat' dir='ltr'>eadem</span> <span class='ocrx_word' id='word_1_164' title='bbox 1095 2461 1179 2532; x_wconf 87' lang='lat' dir='ltr'>villa</span> <span class='ocrx_word' id='word_1_165' title='bbox 1205 2467 1259 2532; x_wconf 87' lang='lat' dir='ltr'>cst</span> <span class='ocrx_word' id='word_1_166' title='bbox 1277 2462 1373 2533; x_wconf 90' lang='lat' dir='ltr'>curia</span> <span class='ocrx_word' id='word_1_167' title='bbox 1395 2463 1622 2553; x_wconf 82' lang='lat' dir='ltr'>coenobialis,</span> <span class='ocrx_word' id='word_1_168' title='bbox 1648 2463 1783 2536; x_wconf 85' lang='lat' dir='ltr'>habens</span> 
     </span>
     <span class='ocr_line' id='line_1_18' title="bbox 229 2581 1785 2673; baseline 0.002 -19"><span class='ocrx_word' id='word_1_169' title='bbox 229 2603 331 2673; x_wconf 79' lang='lat' dir='ltr'>agros</span> <span class='ocrx_word' id='word_1_170' title='bbox 358 2582 570 2673; x_wconf 75' lang='lat' dir='ltr'>praeliares,</span> <span class='ocrx_word' id='word_1_171' title='bbox 597 2581 656 2672; x_wconf 91' lang='lat' dir='ltr'>qui</span> <span class='ocrx_word' id='word_1_172' title='bbox 675 2581 847 2672; x_wconf 90' lang='lat' dir='ltr'>quondam</span> <span class='ocrx_word' id='word_1_173' title='bbox 873 2586 972 2652; x_wconf 87' lang='lat' dir='ltr'>erant</span> <span class='ocrx_word' id='word_1_174' title='bbox 999 2582 1246 2670; x_wconf 75' lang='lat' dir='ltr'>cmethonaleS‚</span> <span class='ocrx_word' id='word_1_175' title='bbox 1273 2588 1308 2654; x_wconf 89' lang='lat' dir='ltr'>et</span> <span class='ocrx_word' id='word_1_176' title='bbox 1327 2583 1370 2654; x_wconf 87' lang='lat' dir='ltr'>de</span> <span class='ocrx_word' id='word_1_177' title='bbox 1388 2583 1456 2654; x_wconf 90' lang='lat' dir='ltr'>illis</span> <span class='ocrx_word' id='word_1_178' title='bbox 1475 2583 1607 2656; x_wconf 86' lang='lat' dir='ltr'>decima</span> <span class='ocrx_word' id='word_1_179' title='bbox 1634 2584 1785 2659; x_wconf 87' lang='lat' dir='ltr'>solvitur</span> 
     </span>
     <span class='ocr_line' id='line_1_19' title="bbox 229 2700 1783 2795; baseline 0.004 -24"><span class='ocrx_word' id='word_1_180' title='bbox 229 2703 379 2775; x_wconf 83' lang='lat' dir='ltr'>vicariae</span> <span class='ocrx_word' id='word_1_181' title='bbox 407 2700 644 2791; x_wconf 83' lang='lat' dir='ltr'>Oracoviensi‚</span> <span class='ocrx_word' id='word_1_182' title='bbox 681 2722 768 2792; x_wconf 88' lang='lat' dir='ltr'>quae</span> <span class='ocrx_word' id='word_1_183' title='bbox 794 2702 944 2792; x_wconf 86' lang='lat' dir='ltr'>pertinet</span> <span class='ocrx_word' id='word_1_184' title='bbox 979 2703 1023 2772; x_wconf 84' lang='lat' dir='ltr'>ad</span> <span class='ocrx_word' id='word_1_185' title='bbox 1045 2703 1278 2793; x_wconf 85' lang='lat' dir='ltr'>praebendam</span> <span class='ocrx_word' id='word_1_186' title='bbox 1305 2701 1569 2777; x_wconf 82' lang='lat' dir='ltr'>Cracoviensem</span> <span class='ocrx_word' id='word_1_187' title='bbox 1595 2704 1783 2795; x_wconf 79' lang='lat' dir='ltr'>Sczyth·</span> 
     </span>
    </p>
   </div>
   <div class='ocr_carea' id='block_1_6' title="bbox 230 2822 1924 2916">
    <p class='ocr_par' dir='ltr' id='par_1_7' title="bbox 230 2822 1924 2916">
     <span class='ocr_line' id='line_1_20' title="bbox 230 2822 1924 2916; baseline 0.004 -22"><span class='ocrx_word' id='word_1_188' title='bbox 230 2823 438 2914; x_wconf 87' lang='lat' dir='ltr'>nyczska.</span> <span class='ocrx_word' id='word_1_189' title='bbox 482 2822 548 2894; x_wconf 83' lang='lat' dir='ltr'>Est</span> <span class='ocrx_word' id='word_1_190' title='bbox 574 2825 678 2895; x_wconf 91' lang='lat' dir='ltr'>etiam</span> <span class='ocrx_word' id='word_1_191' title='bbox 713 2823 762 2896; x_wconf 92' lang='lat' dir='ltr'>ibi</span> <span class='ocrx_word' id='word_1_192' title='bbox 794 2844 877 2913; x_wconf 79' lang='lat' dir='ltr'>ager</span> <span class='ocrx_word' id='word_1_193' title='bbox 907 2823 1092 2913; x_wconf 88' lang='lat' dir='ltr'>praedialis</span> <span class='ocrx_word' id='word_1_194' title='bbox 1120 2824 1227 2913; x_wconf 88' lang='lat' dir='ltr'>alius,</span> <span class='ocrx_word' id='word_1_195' title='bbox 1252 2824 1305 2895; x_wconf 81' lang='lat' dir='ltr'>&#39;de</span> <span class='ocrx_word' id='word_1_196' title='bbox 1341 2846 1408 2914; x_wconf 92' lang='lat' dir='ltr'>quo</span> <span class='ocrx_word' id='word_1_197' title='bbox 1440 2846 1483 2896; x_wconf 87' lang='lat' dir='ltr'>ex</span> <span class='ocrx_word' id='word_1_198' title='bbox 1509 2826 1651 2916; x_wconf 89' lang='lat' dir='ltr'>antiquo</span> <span class='ocrx_word' id='word_1_199' title='bbox 1677 2825 1784 2899; x_wconf 80' lang='lat' dir='ltr'>(latur</span> <span class='ocrx_word' id='word_1_200' title='bbox 1921 2904 1924 2909; x_wconf 72' lang='grc'><strong>,</strong></span> 
     </span>
    </p>
   </div>
   <div class='ocr_carea' id='block_1_7' title="bbox 229 2943 1783 3501">
    <p class='ocr_par' dir='ltr' id='par_1_8' title="bbox 230 2943 1783 3280">
     <span class='ocr_line' id='line_1_21' title="bbox 230 2943 1782 3036; baseline 0.003 -20"><span class='ocrx_word' id='word_1_201' title='bbox 230 2945 364 3016; x_wconf 85' lang='lat' dir='ltr'>decima</span> <span class='ocrx_word' id='word_1_202' title='bbox 389 2945 612 3035; x_wconf 90' lang='lat' dir='ltr'>manipularis</span> <span class='ocrx_word' id='word_1_203' title='bbox 643 2945 788 3036; x_wconf 91' lang='lat' dir='ltr'>plebano</span> <span class='ocrx_word' id='word_1_204' title='bbox 816 2950 852 3015; x_wconf 90' lang='lat' dir='ltr'>ct</span> <span class='ocrx_word' id='word_1_205' title='bbox 878 2944 1042 3016; x_wconf 89' lang='lat' dir='ltr'>ecclesiae</span> <span class='ocrx_word' id='word_1_206' title='bbox 1070 2945 1106 3035; x_wconf 86' lang='lat' dir='ltr'>in</span> <span class='ocrx_word' id='word_1_207' title='bbox 1132 2943 1467 3017; x_wconf 87' lang='lat' dir='ltr'>Podstoliicze.</span> <span class='ocrx_word' id='word_1_208' title='bbox 1511 2945 1599 3021; x_wconf 87' lang='lat' dir='ltr'>Item</span> <span class='ocrx_word' id='word_1_209' title='bbox 1626 2951 1706 3018; x_wconf 87' lang='lat' dir='ltr'>sant</span> <span class='ocrx_word' id='word_1_210' title='bbox 1732 2947 1782 3020; x_wconf 91' lang='lat' dir='ltr'>ibi</span> 
     </span>
     <span class='ocr_line' id='line_1_22' title="bbox 230 3064 1783 3158; baseline 0.003 -22"><span class='ocrx_word' id='word_1_211' title='bbox 230 3072 303 3136; x_wconf 89' lang='lat' dir='ltr'>tres</span> <span class='ocrx_word' id='word_1_212' title='bbox 330 3066 546 3138; x_wconf 89' lang='lat' dir='ltr'>hortulaniae</span> <span class='ocrx_word' id='word_1_213' title='bbox 563 3068 731 3139; x_wconf 91' lang='lat' dir='ltr'>habentes</span> <span class='ocrx_word' id='word_1_214' title='bbox 754 3087 874 3156; x_wconf 82' lang='lat' dir='ltr'>agros,</span> <span class='ocrx_word' id='word_1_215' title='bbox 902 3064 944 3136; x_wconf 89' lang='lat' dir='ltr'>de</span> <span class='ocrx_word' id='word_1_216' title='bbox 964 3066 1088 3156; x_wconf 90' lang='lat' dir='ltr'>quibus</span> <span class='ocrx_word' id='word_1_217' title='bbox 1116 3064 1262 3137; x_wconf 86' lang='lat' dir='ltr'>solvitur</span> <span class='ocrx_word' id='word_1_218' title='bbox 1280 3067 1414 3139; x_wconf 90' lang='lat' dir='ltr'>decima</span> <span class='ocrx_word' id='word_1_219' title='bbox 1431 3067 1655 3158; x_wconf 90' lang='lat' dir='ltr'>manipularis</span> <span class='ocrx_word' id='word_1_220' title='bbox 1673 3068 1783 3140; x_wconf 86' lang='lat' dir='ltr'>eccle·</span> 
     </span>
     <span class='ocr_line' id='line_1_23' title="bbox 231 3185 1609 3280; baseline 0.005 -24"><span class='ocrx_word' id='word_1_221' title='bbox 231 3185 302 3257; x_wconf 91' lang='lat' dir='ltr'>siae</span> <span class='ocrx_word' id='word_1_222' title='bbox 328 3187 519 3276; x_wconf 88' lang='lat' dir='ltr'>parochiali</span> <span class='ocrx_word' id='word_1_223' title='bbox 544 3188 580 3258; x_wconf 94' lang='lat' dir='ltr'>in</span> <span class='ocrx_word' id='word_1_224' title='bbox 606 3188 652 3258; x_wconf 93' lang='lat' dir='ltr'>W</span> <span class='ocrx_word' id='word_1_225' title='bbox 661 3187 892 3280; x_wconf 80' lang='lat' dir='ltr'>yelyczha.</span> <span class='ocrx_word' id='word_1_226' title='bbox 1607 3259 1609 3263; x_wconf 85' lang='lat'>.</span> 
     </span>
    </p>

    <p class='ocr_par' dir='ltr' id='par_1_9' title="bbox 229 3307 1783 3501">
     <span class='ocr_line' id='line_1_24' title="bbox 330 3307 1783 3405; baseline 0.007 -28"><span class='ocrx_word' id='word_1_227' title='bbox 330 3307 418 3378; x_wconf 88' lang='lat' dir='ltr'>Item</span> <span class='ocrx_word' id='word_1_228' title='bbox 444 3309 600 3400; x_wconf 86' lang='lat' dir='ltr'>praelata</span> <span class='ocrx_word' id='word_1_229' title='bbox 630 3311 826 3400; x_wconf 86' lang='lat' dir='ltr'>praebenda</span> <span class='ocrx_word' id='word_1_230' title='bbox 856 3318 975 3383; x_wconf 81' lang='lat' dir='ltr'>taxata</span> <span class='ocrx_word' id='word_1_231' title='bbox 1006 3316 1059 3384; x_wconf 90' lang='lat' dir='ltr'>est</span> <span class='ocrx_word' id='word_1_232' title='bbox 1085 3312 1183 3384; x_wconf 80' lang='lat' dir='ltr'>iuxta</span> <span class='ocrx_word' id='word_1_233' title='bbox 1214 3313 1358 3403; x_wconf 90' lang='lat' dir='ltr'>antiqua</span> <span class='ocrx_word' id='word_1_234' title='bbox 1393 3318 1551 3404; x_wconf 81' lang='lat' dir='ltr'>regestra</span> <span class='ocrx_word' id='word_1_235' title='bbox 1581 3313 1627 3385; x_wconf 88' lang='lat' dir='ltr'>ad</span> <span class='ocrx_word' id='word_1_236' title='bbox 1655 3310 1783 3405; x_wconf 78' lang='lat' dir='ltr'>viginti</span> 
     </span>
     <span class='ocr_line' id='line_1_25' title="bbox 229 3447 1238 3501; baseline 0.004 -2"><span class='ocrx_word' id='word_1_237' title='bbox 229 3447 370 3501; x_wconf 86' lang='lat' dir='ltr'>marcas.</span> <span class='ocrx_word' id='word_1_238' title='bbox 1235 3452 1238 3458; x_wconf 91' lang='grc'><strong><em>·</em></strong></span> 
     </span>
    </p>
   </div>
   <div class='ocr_carea' id='block_1_8' title="bbox 0 0 2030 6054">
    <p class='ocr_par' dir='ltr' id='par_1_10' title="bbox 0 0 2030 6054">
     <span class='ocr_line' id='line_1_26' title="bbox 0 0 2030 6054; baseline 0 0"><span class='ocrx_word' id='word_1_239' title='bbox 0 0 2030 6054; x_wconf 95' lang='lat' dir='ltr'> </span> 
     </span>
    </p>
   </div>
  </div>
 </body>
</html>
