4050 6054
235 473 308 547 506

233 680 419 752 dominium
447 675 526 749 ad.
554 731 561 746 .
589 731 596 746 .
622 670 782 766 partinet,
809 671 845 745 in
873 693 940 764 qua
968 676 1048 744 sunt
1073 668 1164 743 lanei
1191 667 1433 759 cmethonales,
1461 665 1503 739 de
1531 642 1655 758 quibus
1677 661 1785 738 solvi-

232 808 292 873 tur
318 800 451 871 decima
476 797 701 887 manipularis
733 795 957 868 cancellariae
983 793 1219 865 Lancicziensi
1246 800 1283 863 et
1310 791 1486 881 magistris
1513 790 1549 860 in
1576 787 1734 859 ecclesia·
1748 784 1784 857 S.

233 918 386 991 Floriani
422 917 654 1007 beneficiatis,
682 922 717 988 et
752 916 919 988 inducunt
946 936 1022 985 eam
1049 915 1248 985 cmethones
1274 913 1425 1003 propriis
1453 911 1611 982 curribus
1638 909 1673 979 in
1700 909 1785 978 hor·

232 1060 329 1111 reum
357 1060 378 1110 a
404 1038 580 1128 magistris
607 1036 806 1123 locandum3
832 1036 915 1107 item
945 1035 1077 1106 decima
1104 1035 1227 1124 canapi
1254 1033 1401 1103 solvitur
1428 1052 1491 1122 per
1519 1036 1665 1120 quatuor
1691 1028 1785 1099 ieru-

231 1180 312 1250 gas,
339 1163 374 1230 et
400 1159 498 1230 valor
525 1159 600 1229 eius
627 1157 831 1228 aestimatur
858 1154 902 1226 ad
930 1210 937 1224 .
965 1210 973 1224 .
1001 1210 1008 1224 .
1035 1155 1123 1226 Item
1149 1156 1313 1243 taberna,
1341 1154 1425 1225 item
1452 1150 1670 1241 hortulania,
1698 1148 1784 1219 item

256 1279 421 1351 raedium.
1775 1350 1779 1356 ,

232 1300 256 1371 p
337 1398 541 1488 Galacum,
567 1398 651 1470 villa
677 1398 741 1468 sub
768 1396 934 1487 parochia
961 1395 1125 1466 ecclesiae
1153 1396 1227 1466 dc.
1255 1449 1262 1464 .
1290 1449 1298 1464 .
1325 1449 1333 1464 .
1360 1395 1437 1484 sita,
1464 1393 1561 1464 cuius
1587 1391 1784 1482 proprietas

234 1526 270 1592 et
297 1518 484 1591 dominium
514 1518 558 1589 ad
585 1517 766 1589 Nicolaum
793 1522 828 1588 et
854 1516 1064 1588 Stanislaum
1091 1515 1407 1586 Mniszlrowsk
1416 1537 1439 1605 y
1466 1514 1508 1584 dc
1536 1513 1642 1584 armis
1669 1566 1677 1580 .
1705 1565 1713 1581 .
1740 1565 1748 1581 .
1776 1565 1784 1579 .

233 1639 394 1730 pertinet,
422 1639 457 1708 in
485 1659 553 1729 qua
580 1643 662 1708 sunt
687 1638 779 1708 lanei
806 1636 1048 1725 cmethonales,
1075 1635 1118 1707 de
1146 1637 1269 1726 quibus
1297 1635 1455 1706 omnibus
1482 1634 1628 1705 solvitur
1649 1631 1786 1704 decima

233 1758 459 1848 manipularis
495 1757 720 1828 cancellariae
755 1756 788 1828 S.
818 1757 990 1846 Floriani,
1018 1761 1054 1827 et
1089 1756 1257 1827 inducunt
1292 1776 1368 1826 eam
1404 1755 1603 1826 cmethones
1629 1751 1783 1842 propriis

236 1880 395 1950 curribus
422 1879 458 1948 iu
484 1879 648 1949 horreum
675 1897 696 1947 a
720 1877 896 1966 magistris
922 1876 1115 1965 locandum,
1142 1883 1178 1948 et
1204 1875 1304 1948 valor
1331 1876 1404 1946 eius
1432 1874 1636 1945 aestimatur
1654 1870 1700 1944 ad

234 2000 321 2070 Item
349 1998 482 2070 decima
508 1998 630 2087 canapi
657 1997 804 2069 solvitur
830 2018 894 2087 per
921 2002 1068 2087 quatuor
1096 1997 1243 2086 ierugas,
1271 1998 1352 2066 item
1378 1996 1578 2083 tabernac,
1592 1994 1674 2063 item
1700 1991 1804 2063 hor··

233 2118 395 2207 tulaniae,
422 2116 505 2189 item
532 2118 722 2207 praedium.

335 2237 578 2339 Koursznrn,
606 2238 690 2309 villa
716 2237 780 2307 sub
806 2237 972 2327 parochia
998 2237 1162 2308 ecclesiae
1190 2237 1233 2307 de
1259 2236 1436 2308 Slawno
1464 2235 1550 2325 sita,
1578 2235 1675 2306 cuius
1700 2253 1785 2323 pro-

232 2359 363 2449 prietas
399 2364 435 2429 et
471 2357 659 2428 dominium
686 2356 730 2428 ad
758 2410 766 2426 .
793 2410 801 2426 .
829 2411 837 2426 .
863 2355 1212 2448 Mniszlrowsky
1238 2356 1281 2428 ‹lc
1308 2358 1414 2427 armis
1443 2411 1450 2426 .
1478 2410 1486 2426 .
1514 2411 1522 2425 .
1548 2356 1717 2445 pertinet,
1746 2354 1784 2423 in

236 2499 303 2568 qua
331 2483 412 2549 sunt
438 2476 528 2547 lanei
555 2475 797 2566 cmethonales,
825 2477 868 2547 de
895 2476 1019 2566 quibus
1047 2478 1205 2548 omnibus
1233 2477 1380 2548 solvitur
1407 2477 1539 2548 decima
1556 2473 1785 2564 manipularis

234 2596 458 2669 cancellariae
493 2595 709 2667 Laneiciensi
746 2602 781 2668 et
808 2595 985 2685 magistris
1011 2597 1048 2667 in
1075 2596 1221 2668 ecclesia
1247 2597 1280 2669 S.
1307 2598 1463 2669 Floriani
1489 2596 1719 2682 beneficiatis,
1749 2600 1787 2665 et

233 2718 401 2788 inducunt
437 2736 513 2786 eam
548 2716 746 2788 cmethones
781 2717 817 2786 in
853 2717 1015 2788 horreum
1052 2718 1276 2807 amagistris
1302 2718 1494 2789 locandum.
1533 2718 1621 2789 Item
1649 2715 1787 2787 decima

234 2837 357 2927 canapi
384 2835 531 2908 solvitur
556 2856 619 2925 por
646 2842 795 2926 quatuor
821 2836 977 2926 ierugas,
1005 2837 1100 2907 cuius
1128 2840 1332 2909 aestimatur
1357 2839 1456 2911 valor
1483 2838 1527 2909 ad
1554 2892 1561 2908 .
1589 2893 1597 2907 .
1624 2890 1632 2907 .

337 2956 425 3027 Item
452 2957 629 3045 tabernae,
656 2956 740 3027 item
765 2956 991 3046 hortulanIae,
1019 2957 1102 3027 item
1129 2958 1317 3046 praedium.

341 3076 636 3173 Tnnaaar'arow,
663 3076 746 3147 villa
772 3078 835 3148 sub
862 3076 1029 3166 parochia
1055 3078 1219 3148 ecclesiae
1246 3079 1288 3150 dc
1317 3133 1325 3148 .
1352 3135 1360 3149 .
1388 3134 1395 3149 .
1423 3134 1430 3149 .
1458 3079 1535 3168 sita,
1571 3078 1667 3149 cuius
1701 3097 1787 3167 pro-

235 3197 368 3288 prietas
394 3203 431 3267 ct
458 3196 645 3269 dominium
672 3197 717 3268 ad
743 3196 943 3268 Florianum
969 3197 1138 3287 Strasz,
1165 3198 1344 3271 Nicolaum
1364 3199 1712 3290 Mniszlrowsky
1740 3198 1786 3270 de

236 3318 342 3390 armis
369 3372 377 3388 .
404 3372 412 3388 .
440 3372 447 3387 .
473 3317 634 3408 pertinet,
661 3318 697 3387 in
724 3338 793 3408 qua
819 3324 901 3389 sunt
926 3319 1018 3389 lanei
1046 3320 1288 3412 cmethonales,
1316 3322 1358 3392 de
1386 3322 1510 3411 quibus
1529 3320 1673 3393 solvitur
1690 3319 1787 3390 deci-

235 3460 292 3510 ma
318 3437 543 3529 manipularis
570 3438 796 3509 cancellariae
822 3438 1058 3509 Lancicziensi
1085 3445 1121 3510 et
1147 3441 1322 3529 magistris
1350 3443 1386 3512 in
1413 3442 1558 3513 ecclesia
1575 3440 1607 3512 S.
1626 3440 1786 3511 Floriani

232 3558 454 3648 beneficiatis,
481 3563 518 3629 et
544 3557 674 3629 ducunt
700 3579 776 3629 eam
803 3559 1002 3629 cmethones
1029 3560 1065 3629 in
1091 3561 1254 3631 horreum
1281 3582 1302 3631 a
1329 3564 1505 3653 magistris
1531 3561 1723 3650 locandum,
1743 3568 1784 3633 et

234 3679 333 3751 valor
359 3679 565 3750 aestimatur
591 3679 666 3749 eius
693 3678 738 3749 ad
765 3733 773 3748 .
800 3734 808 3748 .
836 3733 843 3747 .
870 3700 1013 3750 marcas.
1039 3680 1127 3750 Item
1155 3680 1287 3752 decima
1313 3658 1435 3774 canapi
1453 3684 1600 3755 solvitur
1616 3702 1679 3773 per
1697 3702 1785 3771 qua·

232 3805 312 3871 tuor
339 3799 487 3889 ierugas,
515 3799 598 3869 item
624 3799 801 3888 tabemae‚
828 3799 913 3869 item
939 3800 1124 3890 hortulani,
1151 3802 1234 3873 item
1260 3805 1449 3892 praedium.

336 3917 610 4008 Zarnncznow,
636 3919 720 3989 nilla
745 3918 810 3990 sub
836 3921 1002 4008 parochia
1028 3922 1192 3992 ecclesiae
1219 3922 1262 3993 (le
1288 3923 1466 3997 Slan'no
1493 3925 1569 4011 sita,
1587 3926 1623 3995 iu
1641 3931 1786 4014 quaest

233 4038 377 4127 haeres,
404 4038 449 4109 ad
480 4039 577 4110 cuius
603 4040 853 4129 proprietatem
889 4046 925 4110 et
951 4040 1137 4112 dominium
1164 4043 1322 4133 praefata
1348 4045 1431 4117 uilla
1456 4047 1627 4135 pertinet,
1654 4043 1784 4115 nobilis

233 4157 408 4229 Martinus
443 4157 791 4248 llIniszkowslry
827 4160 871 4232 de
897 4162 1002 4231 armis
1030 4216 1037 4230 .
1065 4216 1073 4232 .
1100 4217 1126 4251 .,
1153 4164 1190 4234 in
1217 4185 1286 4254 qua
1312 4172 1393 4237 sunt
1418 4167 1509 4236 lanei
1538 4164 1784 4253 cmethonales,

233 4276 277 4349 de
304 4279 429 4368 quibus
465 4280 623 4351 omnibus
650 4279 798 4352 solvitur
824 4279 958 4351 decima
983 4283 1208 4373 manipularis
1234 4286 1459 4356 cancellariae
1485 4285 1718 4373 Laneiciensi,
1744 4290 1784 4356 et

233 4398 400 4470 inducunt
426 4419 502 4469 cam
529 4400 728 4471 cmethones
754 4400 906 4490 propriis
933 4403 1093 4473 curribus
1120 4404 1156 4474 in
1174 4405 1336 4476 horreum
1356 4427 1378 4476 a
1396 4406 1571 4496 magistris
1589 4405 1784 4495 locandum,

234 4524 270 4589 et
295 4517 394 4589 valor
431 4520 634 4590 aestimatur
669 4521 743 4591 eins
769 4521 814 4591 ad
841 4575 849 4591 .
876 4575 884 4590 .
911 4575 920 4592 .
945 4543 1088 4593 marcas.
1123 4523 1211 4595 Item
1237 4525 1370 4596 decima
1392 4527 1518 4615 canapi
1543 4546 1606 4615 per
1631 4531 1784 4615 quatuor

232 4639 371 4727 ierogas
397 4638 555 4728 solvitur,
580 4640 665 4710 item
690 4640 844 4729 taberna,
869 4641 953 4712 item
980 4644 1208 4734 hortulaniae,
1235 4646 1318 4715 item
1344 4646 1534 4735 praedium.

336 4756 505 4846 Pornon3
531 4759 614 4831 ailla
639 4761 703 4833 sub
729 4762 896 4850 parochia
921 4763 1086 4835 ecclesiae
1112 4764 1155 4835 de
1182 4765 1361 4837 Slawno
1388 4767 1474 4855 sita,
1501 4767 1598 4837 cuius
1624 4765 1785 4856 proprie-

232 4884 288 4948 tas
315 4881 351 4949 et
376 4879 564 4951 dominium
591 4881 634 4953 ad
660 4880 813 4954 nobilem
838 4880 1144 4975 Kunraczslry
1170 4939 1178 4954 .
1205 4939 1213 4955 .
1239 4940 1248 4955 .
1274 4887 1435 4977 pertinet,
1452 4887 1489 4957 in
1507 4907 1575 4977 qua
1591 4891 1673 4957 sunt
1688 4886 1785 4958 lanei

232 4998 478 5089 cmethonales,
504 5000 698 5091 dequibus
726 5002 885 5073 omuibus
911 5003 1059 5075 solvitur
1085 5005 1218 5076 decima
1244 5006 1469 5096 manipularis
1495 5006 1720 5078 cancellariae
1748 5004 1786 5078 S.

232 5115 389 5189 Floriani
415 5124 452 5190 et
476 5118 615 5191 ducitur
641 5120 676 5191 in
702 5121 867 5194 horreum
892 5143 914 5192 a
940 5124 1189 5213 cmethonibus,
1216 5132 1253 5197 et
1279 5127 1378 5197 valor
1404 5129 1609 5199 aestimatur
1633 5127 1709 5197 eius
1735 5127 1784 5199 ad

233 5289 241 5306 .
268 5292 276 5306 .
303 5291 311 5307 .
336 5236 425 5309 Item
451 5238 586 5311 decima
610 5241 733 5330 canapi
759 5241 906 5314 solvitur
932 5261 996 5331 per
1022 5249 1171 5333 quatuor
1197 5247 1354 5336 ierugas,
1381 5248 1463 5318 item
1489 5248 1671 5337 tabernac,
1697 5247 1785 5321 item

231 5355 459 5430 honulauiae.
485 5358 574 5429 Item
600 5360 788 5449 praediun.
