4050 6054
243 475 318 551 290

240 685 489 775 manipularem
507 689 544 757 et
561 679 762 772 canapalem
775 680 1038 774 praepositurae
1052 677 1281 771 Lancicienai,
1299 685 1335 752 et
1352 675 1548 753 conducunt
1566 700 1643 753 earn
1659 675 1797 753 incolae

239 808 276 878 in
301 807 464 877 borreum
491 825 512 875 a
537 803 738 895 praeposito
765 802 951 875 locandum
978 809 1015 874 et
1040 803 1140 875 ralor
1162 803 1367 874 aestimatur
1393 802 1470 903 eius
1488 801 1533 873 ad
1551 807 1685 892 septem
1702 821 1798 873 mar·

240 946 317 1014 cas3
343 926 427 996 item
453 925 531 1016 agri
556 923 751 1016 praedialea
777 922 929 995 reddunt
947 923 1115 995 decimam
1133 922 1385 1014 manipularem
1411 922 1574 994 ecclesiae
1592 926 1629 993 et
1644 920 1796 1012 plebano

239 1048 276 1118 in
302 1045 516 1137 Mirzyno
545 1052 581 1117 ct
607 1045 707 1117 valor
732 1045 939 1118 aestimatur
964 1043 1110 1116 eiusad
1136 1065 1240 1115 unam
1266 1064 1438 1132 marcam;
1464 1043 1548 1114 item
1565 1063 1636 1114 non
1653 1040 1796 1115 solvunt

241 1162 406 1262 oboedire,
441 1186 553 1256 neque
589 1165 807 1254 cmethones‚
842 1184 954 1255 neque
981 1164 1165 1254 scoltetus,
1200 1164 1285 1234 item
1320 1162 1410 1234 alins
1436 1163 1560 1235 hortus
1595 1160 1794 1253 quim

239 1307 380 1376 grossos
407 1285 520 1358 solvit.

342 1406 588 1494 Pancznwrn,
615 1405 698 1476 villa
725 1404 927 1496 capitularis
953 1405 990 1476 in
1016 1405 1092 1477 iure
1119 1403 1284 1476 Polonico
1310 1404 1440 1494 locata,
1471 1411 1509 1475 et
1534 1403 1600 1476 sub
1625 1403 1792 1495 parocbia

239 1527 402 1600 ecclesiae
429 1526 472 1599 de
499 1525 817 1618 Czyarnoczin
844 1527 921 1617 sita,
948 1527 985 1596 in
1013 1547 1081 1616 qua
1108 1531 1189 1597 sunt
1214 1545 1339 1598 novem
1364 1525 1457 1597 lanei
1483 1522 1728 1616 cmetbonales,
1754 1531 1791 1596 ct

239 1648 386 1741 quilibet
413 1648 519 1720 solvit
545 1647 698 1738 capitulo
725 1668 789 1738 pro
816 1668 930 1719 annuo
958 1667 1063 1718 censu
1102 1648 1138 1720 in
1164 1645 1254 1719 festo
1281 1646 1315 1718 S.
1342 1645 1489 1718 Martini
1514 1645 1665 1718 mediam
1691 1664 1792 1719 sexe-

238 1789 380 1860 genam,
417 1769 500 1839 item
528 1766 614 1838 duos
641 1787 808 1857 capones,
843 1767 928 1837 item
954 1767 1101 1857 triginta
1127 1787 1212 1855 ova;
1242 1767 1327 1837 item
1352 1787 1423 1838 non
1462 1764 1604 1837 solvunt
1628 1762 1793 1857 triticum,

238 1910 350 1982 neque
377 1909 540 1978 avenam,
576 1909 645 1960 non
672 1888 812 1960 solvunt
839 1908 978 1959 censum
1009 1886 1120 1976 foeni,
1157 1886 1243 1958 alias
1270 1867 1432 1982 azymae,
1468 1885 1564 1977 ligna
1590 1886 1695 1957 etiam
1720 1904 1789 1959 nou

239 2009 369 2082 ducunt
395 2009 440 2081 ad
466 2009 618 2097 curiam;
653 2009 736 2080 item
763 2014 927 2079 tenentur
953 2008 990 2077 in
1016 2007 1159 2099 praedio
1185 2007 1222 2077 in
1250 2005 1475 2098 Warszyn
1505 2006 1542 2076 in
1568 2005 1663 2096 agris
1688 2024 1790 2096 prae·

239 2130 388 2203 dialibus
415 2131 549 2218 curiae,
575 2150 635 2200 eos
662 2129 961 2219 contingentibus,
988 2128 1048 2218 qui
1074 2132 1244 2199 vocantur
1268 2124 1437 2223 imrzyai,
1464 2146 1585 2217 arare,
1604 2125 1788 2216 arpicare,

238 2271 371 2340 serere,
407 2256 538 2321 metere
566 2257 602 2320 et
629 2250 762 2320 acerris
790 2249 968 2339 dispositis
995 2249 1030 2318 in
1057 2249 1221 2320 horreum
1256 2246 1467 2335 conducere;
1502 2248 1587 2319 item
1622 2252 1789 2319 tenentur

236 2393 342 2443 unum
368 2378 508 2462 pratum
534 2392 598 2461 pro
627 2371 724 2441 curia
748 2368 972 2458 falcastrare,
999 2376 1173 2459 rastrare,
1200 2370 1364 2459 colligere
1390 2375 1427 2440 et
1453 2367 1655 2440 conducere.
1698 2364 1787 2439 Item

238 2513 307 2564 non
335 2499 390 2563 est
416 2492 543 2582 aliquis
570 2491 606 2560 in
634 2490 753 2561 eadem
780 2490 864 2561 villa
890 2489 1057 2562 scultetus
1084 2511 1196 2582 neque
1222 2490 1357 2561 hortus.

340 2611 428 2681 Item
454 2610 537 2681 villa
563 2609 720 2700 praefata
746 2610 851 2682 solvit
877 2610 1043 2682 decimam
1070 2610 1322 2702 manipularem
1349 2616 1385 2681 et
1413 2609 1614 2700 canapalem
1640 2628 1786 2700 praepo

238 2732 369 2805 siturae
396 2731 623 2822 Lanciciensi,
650 2736 687 2801 et
712 2731 910 2804 conducunt
936 2753 1012 2803 eam
1039 2731 1190 2822 propriis
1218 2732 1378 2803 curribus
1405 2732 1440 2801 in
1467 2731 1632 2802 borreum
1647 2750 1670 2801 a
1686 2749 1788 2821 prae·

236 2855 351 2945 posito
369 2853 550 2924 locandum
568 2859 605 2924 et
622 2852 720 2925 valor
747 2854 953 2925 aestimatur
971 2854 1044 2923 eius
1062 2852 1106 2923 ad
1125 2853 1275 2945 quinque
1294 2872 1438 2940 marcas3
1460 2852 1544 2923 item
1561 2872 1631 2924 non
1647 2850 1787 2923 solvunt

236 2971 400 3069 obyadae,
436 2975 519 3045 item
545 2995 615 3046 non
643 2978 696 3045 est
723 2974 771 3045 ibi
798 2973 1042 3064 molendinum,
1071 2981 1107 3045 et
1133 2974 1335 3047 cmetbones
1369 2979 1534 3045 tenentur
1568 2992 1689 3047 eorum
1713 2969 1787 3045 rru-

236 3098 354 3165 menta
379 3092 508 3165 molere
535 3095 571 3164 in
597 3093 803 3166 molendinis
835 3094 997 3185 capituli,
1032 3096 1116 3166 item
1142 3101 1307 3166 tenentur
1332 3093 1424 3164 retia
1455 3093 1494 3164 in
1520 3093 1723 3182 venationes
1748 3097 1787 3164 et

235 3214 431 3287 necessaria
456 3215 493 3285 in
520 3213 769 3305 Pyotrlrour
804 3215 948 3306 ducere,
976 3215 1108 3286 curiam
1135 3221 1171 3286 et
1197 3215 1318 3286 hortos
1346 3214 1479 3306 sepire,
1505 3232 1650 3304 aggeres
1675 3208 1787 3287 refor-

235 3354 340 3425 mare,
368 3335 507 3408 stabula
533 3336 649 3407 curiae
675 3342 803 3427 tegere,
830 3340 867 3407 et
893 3336 1056 3409 ducturas
1082 3357 1105 3407 a
1131 3335 1214 3407 villa
1240 3336 1276 3406 in
1303 3335 1423 3407 villam
1451 3341 1487 3406 et
1512 3332 1643 3405 infore
1661 3330 1791 3407 facere.

337 3454 577 3528 Molendinum
604 3454 741 3526 Yaxrn
770 3477 913 3547 mosen,
941 3457 986 3528 ad
1013 3457 1131 3528 villam
1157 3456 1426 3548 Palczewye
1452 3455 1631 3546 pertinens
1657 3459 1694 3525 et
1719 3453 1785 3527 sub

233 3577 399 3669 parochia
425 3577 546 3650 eadem
573 3577 616 3648 de
643 3576 962 3668 Gaparnoczin
990 3579 1197 3668 consistens,
1223 3578 1330 3667 habet
1347 3597 1450 3668 agros
1477 3575 1643 3668 speciales
1660 3579 1698 3647 et
1713 3574 1785 3646 lar·

233 3718 305 3788 gos,
332 3702 368 3769 et
395 3698 500 3771 solvit
527 3698 678 3789 capitulo
714 3719 778 3789 pro
806 3702 920 3772 annuo
947 3720 1053 3772 censu
1080 3706 1228 3791 quatuor
1260 3680 1337 3771 cum
1363 3697 1478 3769 media
1504 3716 1657 3787 marcas,
1691 3716 1785 3769 nuuc

234 3816 320 3889 duaa
348 3839 492 3908 marcas,
519 3821 603 3891 item
630 3819 798 3891 decimam
816 3820 860 3893 de
879 3822 973 3912 agris
1000 3821 1105 3893 solvit
1122 3820 1371 3912 manipularem
1397 3818 1546 3911 plebano
1564 3822 1601 3888 et
1618 3816 1784 3895 ecclesiae

233 3938 270 4008 in
305 3937 479 4011 Thussz
492 3941 555 4028 in3
590 3941 675 4011 item
711 3941 945 4013 molendinum
980 3941 1175 4033 praelatum
1209 3964 1279 4014 non
1305 3941 1459 4033 pertinet
1493 3937 1712 4030 integraliter
1737 3937 1783 4011 ad

234 4059 432 4150 capitulum,
459 4059 520 4131 sed
547 4063 634 4132 certi
659 4062 793 4133 nobiles
820 4063 951 4135 babent
976 4065 1025 4135 ibi
1052 4068 1182 4153 semea,
1210 4083 1298 4152 quae
1326 4063 1356 4133 si
1383 4067 1640 4152 coemerentur,
1666 4064 1785 4152 posset

234 4178 342 4251 locari
368 4179 440 4250 illic
466 4179 612 4271 pulchra
639 4182 729 4254 villa

336 4299 471 4373 Kanno
498 4299 639 4393 Maron,
665 4302 749 4373 villa
775 4301 976 4393 capitularis
995 4304 1030 4374 in
1048 4304 1123 4376 iure
1151 4303 1363 4377 Theutonico
1389 4302 1515 4395 locata,
1542 4308 1579 4376 et
1596 4302 1661 4376 sub
1677 4322 1783 4395 paro·

234 4421 313 4494 chia
338 4421 502 4495 ecclesiae
530 4421 573 4492 de
600 4421 826 4495 Thusszin
853 4424 937 4515 sita,
972 4425 1008 4494 in
1036 4429 1211 4514 quaeunt
1238 4423 1388 4498 sedecim
1413 4424 1506 4496 lanei
1530 4422 1783 4511 emethonalca,

232 4548 269 4613 et
295 4541 473 4615 duodecim
499 4542 601 4634 lanei,
627 4542 774 4635 quilibet
792 4544 834 4616 de
852 4543 951 4616 laneo
978 4544 1082 4615 solvit
1108 4545 1259 4636 capitulo
1285 4566 1350 4637 pro
1377 4564 1482 4616 censu
1508 4564 1621 4616 annuo
1639 4541 1781 4616 infesto

231 4661 264 4735 S.
290 4661 437 4735 Martini
472 4683 596 4735 novem
623 4669 771 4755 scottos,
797 4670 833 4736 et
858 4670 1006 4755 quatuor
1031 4664 1124 4737 lanei
1158 4684 1221 4756 per
1245 4685 1349 4739 unam
1375 4683 1547 4753 marcam3
1582 4664 1667 4736 item
1692 4661 1781 4737 duos

231 4802 389 4875 capones,
417 4784 502 4857 item
526 4785 675 4877 triginta
697 4802 775 4893 ore,
800 4785 885 4857 item
911 4805 981 4857 non
1008 4786 1236 4859 solruntt
1172 4786 1245 4857 trit
1236 4805 1336 4876 rcum,
1362 4805 1474 4876 neque
1500 4804 1663 4875 avenam,
1697 4784 1781 4855 item

231 4925 300 4978 non
326 4910 446 4998 arant,
480 4890 594 4999 ntqte
618 4888 771 4996 metunt,
805 4907 889 4977 item
914 4907 1062 4997 quilibet
1087 4905 1131 4978 de
1156 4906 1257 4979 laneo
1284 4911 1382 4980 tenet
1365 4911 1425 4980 tur
1446 4904 1631 4979 duodecim
1656 4916 1781 4977 currus

231 5025 405 5117 lignorum
439 5042 514 5119 pro
530 5025 629 5101 cirria
653 5026 690 5097 in
724 5025 1009 5099 Pabianicze
1044 5027 1233 5119 adducere,
1268 5027 1390 5101 item
1379 5049 1416 5098 ιιι
1442 5025 1565 5101 eadem
1590 5025 1674 5099 villa
1698 5030 1781 5099 sunt

229 5143 300 5218 duo
325 5145 440 5237 horti,
472 5106 622 5241 ffibet
644 5166 709 5239 pro
737 5166 850 5219 annuo
878 5167 983 5218 censu
1008 5118 1113 5221 solvit
1137 5147 1262 5238 viginti
1286 5168 1448 5239 grossos,
1483 5146 1604 5220 item
1594 5167 1632 5217 m
1657 5124 1779 5219 eadem

230 5264 315 5338 villa
340 5264 406 5338 fnit
432 5264 597 5357 smltetia,
624 5286 713 5357 quae
738 5256 871 5367 halfflt
886 5272 1036 5359 quatuor
1060 5267 1197 5361 laneos,
1224 5266 1285 5341 sed
1310 5288 1375 5360 per
1400 5267 1588 5367 capitulum
1616 5263 1779 5339 Oratori-

231 5404 314 5457 ense
340 5392 497 5476 tempore
522 5391 665 5478 tenuem
682 5348 860 5461 lobanlil'a
870 5386 1168 5463 Rzeazowski
1193 5395 1362 5481 coempta,
1378 5386 1603 5489 etanagru
1596 5384 1778 5461 scoltetiae
