4050 6054
316 442 386 516 146

409 650 496 720 Item
531 625 637 718 habet
673 643 840 716 decimam
866 641 1116 732 manipularem
1144 641 1179 712 in
1206 638 1289 712 villa
1315 637 1517 732 Rayslro,
1545 659 1652 730 prope
1680 635 1855 731 Wyely-

307 770 468 858 ezlram,
496 768 559 838 sub
586 765 751 856 paroehIa
777 765 942 836 eeclesIae
969 763 1012 834 de
1039 762 1393 849 (loscbuczicze‚
1423 761 1520 832 euius
1546 761 1670 832 haeres
1681 813 1829 830 .....

305 889 346 962 In
373 910 441 979 qna
468 908 556 958 unus
583 888 703 958 laneus
731 885 966 974 emethonalis,
994 905 1063 954 uua
1089 883 1238 954 taberna
1263 882 1395 952 babens
1414 901 1532 971 agros,
1560 881 1603 953 de
1621 881 1676 952 his
1696 881 1854 952 omnibus

305 1008 453 1082 solvitur
480 1007 612 1078 decima
631 1005 856 1096 manipularis
884 1011 920 1077 et
948 1003 1086 1075 ducitur
1112 1003 1262 1094 propriis
1290 1003 1448 1073 curribus
1474 1022 1538 1092 per
1564 1001 1695 1074 incolas
1721 1002 1757 1072 in
1775 1000 1856 1072 hor-

305 1150 403 1201 reum
429 1150 493 1219 pro
519 1126 668 1217 vicario,
697 1132 733 1197 et
747 1105 900 1199 solvunt
927 1126 1092 1196 decimam
1111 1125 1234 1214 canapi
1252 1144 1315 1214 per
1334 1129 1483 1214 quatuor
1501 1124 1679 1195 iuncturas
1698 1128 1734 1194 et
1752 1123 1857 1192 aesti-

307 1255 423 1321 matur
442 1248 548 1320 valor
575 1246 727 1318 decimae
745 1242 923 1337 praelatae
941 1246 985 1316 ad
1003 1266 1107 1316 unam
1124 1223 1285 1316 marcum.
1312 1244 1400 1316 Sunt
1418 1245 1523 1315 etiam
1542 1245 1649 1334 aliqui
1667 1244 1752 1333 agri,
1771 1264 1858 1332 quos

306 1371 390 1442 colit
425 1369 561 1440 emetha
593 1374 630 1438 et
655 1368 877 1456 tabernator,
904 1366 1089 1457 praedicti,
1118 1366 1161 1436 de
1189 1366 1313 1456 quibus
1340 1365 1444 1437 datur
1471 1366 1604 1437 decima
1629 1364 1857 1454 manipularis

307 1489 455 1579 plebano
483 1495 520 1560 et
546 1488 712 1559 ecelesiae
738 1489 774 1558 in
802 1487 1149 1560 Coschoezicze.

232 1589 241 1596 ’
409 1610 498 1680 Item
524 1608 631 1680 habet
657 1608 789 1678 vicaria
815 1608 995 1698 praedicta
1021 1608 1188 1678 decimam
1215 1605 1464 1696 manipularem
1492 1606 1527 1676 in
1554 1605 1638 1676 villa
1664 1605 1876 1698 Szydzy-.

306 1751 368 1818 na,
395 1730 458 1800 sub
485 1729 650 1819 parochia
676 1726 841 1799 ecclesiae
869 1729 912 1799 de
939 1727 1163 1817 Skawina,
1191 1728 1287 1797 cuius
1309 1727 1478 1798 haeredes
1497 1734 1578 1797 sunt
1596 1728 1703 1798 abbas
1722 1733 1758 1798 ee
1776 1748 1855 1798 con-

305 1855 430 1921 ventus
456 1849 658 1920 monasterii
685 1848 944 1920 Thinicziensis.
971 1848 1011 1918 In
1039 1870 1107 1938 qua
1135 1854 1216 1918 sunt
1243 1868 1303 1919 sex
1330 1847 1421 1918 lanei
1440 1847 1683 1936 cmetbonales,
1700 1848 1760 1918 sed
1777 1868 1857 1937 per-

307 1970 420 2060 ceptio
456 1968 651 2040 huiusmodi
687 1969 837 2039 decimae
873 1968 1099 2059 manipularis
1136 1967 1391 2039 diversificatur
1426 1967 1608 2039 alternatis
1647 1969 1779 2040 vicibus
1817 1969 1852 2039 in

305 2070 523 2180 praesentem
558 2089 726 2160 vicariam
763 2095 798 2159 et
825 2090 861 2160 in
887 2088 1120 2179 praebendam
1149 2088 1412 2184 Craeoviensem
1439 2088 1649 2177 appellatam
1676 2088 1704 2157 Z
1715 2110 1854 2179 yram-

306 2211 403 2298 ska;
430 2230 509 2280 nam
536 2230 605 2280 uuo
633 2230 723 2279 anno
751 2209 883 2279 vicaria
909 2229 1073 2298 praesens
1100 2209 1249 2299 percipit
1276 2214 1385 2278 tutam
1413 2208 1580 2279 decimam
1607 2210 1737 2299 absque
1755 2210 1855 2281 dimi-

304 2331 446 2401 nutione
474 2329 516 2400 de
542 2329 652 2400 laneis
691 2327 858 2418 praelatis
894 2351 964 2400 una
999 2350 1075 2400 cum
1102 2329 1235 2400 decima
1261 2330 1401 2418 canapi,
1429 2335 1465 2400 et
1491 2329 1578 2399 nihil
1606 2330 1699 2401 cedit
1726 2331 1768 2401 de
1795 2331 1857 2400 illa

305 2450 540 2539 praebendae,
567 2450 603 2519 in
630 2449 742 2519 altero
778 2469 862 2519 vero
899 2470 988 2519 anno
1025 2450 1173 2539 percipit
1205 2469 1281 2520 eam
1308 2449 1527 2539 integraliter
1553 2451 1752 2539 praebenda
1778 2451 1855 2541 Zy-

305 2569 505 2658 rauska,
532 2589 601 2639 una
629 2547 705 2639 cum
733 2568 865 2641 decima
892 2569 1029 2659 canapi,
1057 2576 1093 2640 et
1119 2570 1207 2640 nibil
1233 2569 1325 2640 cedit
1352 2569 1393 2640 de
1422 2591 1463 2640 ea
1491 2570 1640 2641 vicariae
1667 2571 1856 2660 praesenti,

305 2695 341 2759 et
367 2693 531 2760 tenentur
565 2709 641 2759 eam
678 2689 875 2760 emetlrones
911 2689 1036 2761 ducere
1073 2690 1225 2778 propriis
1262 2690 1419 2761 curribus
1447 2690 1482 2761 in
1509 2691 1672 2762 horreum
1699 2692 1856 2761 canonici

306 2814 368 2879 aut
393 2807 524 2898 vicarii,
551 2815 587 2878 et
613 2808 752 2879 solvunt
779 2830 947 2899 cenapum
974 2815 1214 2899 perquatuor
1232 2779 1429 2898 iuncturam
1456 2812 1661 2882 aestimatur
1679 2802 1778 2881 valor
1795 2811 1857 2881 de-

307 2928 415 2999 cimae
441 2927 617 3018 praelatae
645 2928 831 3018 aliquando
859 2929 902 3000 ad
929 2935 1013 3019 tres,
1040 2930 1225 3020 aliquando
1253 2929 1296 3000 ad
1324 2937 1473 3020 quatuor
1498 2952 1643 3002 mareas.

419 3048 507 3119 Item
541 3048 648 3120 habet
683 3048 848 3119 decimam
883 3049 1134 3140 manipularem
1161 3051 1197 3120 in
1225 3051 1308 3121 villa
1335 3049 1564 3141 Czerzow,
1600 3053 1664 3123 sub
1690 3052 1858 3141 paruchIa

308 3168 473 3239 ecelesiae
500 3168 543 3239 de
570 3169 780 3259 Brzesye,
807 3175 888 3259 post
914 3171 986 3241 tria
1011 3171 1155 3261 praedia
1182 3172 1348 3243 nobilium
1375 3173 1527 3244 eiusdem
1556 3173 1670 3262 villae,
1689 3175 1747 3262 qui
1765 3193 1857 3243 eme-

304 3288 469 3361 thonibus
496 3289 664 3379 depositis
691 3289 887 3361 huiusmodi
914 3312 1017 3381 agros
1036 3293 1225 3383 arantibus,
1245 3300 1280 3364 et
1300 3293 1358 3382 qui
1377 3293 1505 3364 axillis
1524 3314 1587 3383 pro
1606 3294 1737 3364 vicaria
1753 3313 1857 3382 prae-

303 3407 377 3480 fata
410 3410 591 3482 solvebant
617 3410 784 3482 decimam
811 3411 1080 3503 manipularem,
1108 3414 1227 3484 colunt
1254 3414 1318 3484 soli
1345 3434 1449 3502 agros
1475 3414 1669 3506 praelatoS,
1695 3419 1733 3485 et
1758 3420 1857 3484 tene-

304 3536 425 3601 rentur
452 3552 494 3602 ex
522 3533 615 3621 agris
643 3531 840 3604 huiusmodi
866 3533 1000 3603 solvere
1028 3512 1194 3604 decimam
1221 3533 1472 3623 manipularem
1490 3535 1639 3605 vicariae
1658 3534 1857 3624 praefatae}

310 3650 371 3722 sed
397 3646 599 3747 redimqndu
627 3652 801 3723 decima'm'
823 3636 1073 3742 manipularem
1099 3655 1239 3725 solvunt
1266 3654 1377 3725 eidem
1405 3654 1549 3743 singulis
1577 3656 1676 3725 annis
1702 3676 1766 3744 pre
1794 3655 1856 3726 de-

302 3773 390 3842 cima
415 3793 528 3867 unam
544 3792 696 3843 marcam
723 3779 759 3843 et
786 3793 846 3843 sex
872 3795 1022 3863 grossos.
1049 3773 1137 3846 Sunt
1155 3782 1271 3846 autem
1289 3776 1325 3845 hi
1343 3757 1494 3846 nobiles:
1522 3775 1699 3847 Iohannes
1718 3775 1855 3847 Kuez-

303 3893 468 3983 merlra,
496 3899 531 3964 et
557 3892 613 3964 hie
639 3914 703 3983 pro
731 3894 863 3964 decima
889 3916 952 3965 sua
970 3895 1139 3984 praediali
1157 3896 1363 3985 manipulari
1383 3896 1487 3968 solvit
1505 3897 1657 3968 vicariae
1675 3896 1855 3986 praefatae

303 4011 451 4083 sedecim
477 4019 618 4103 scottos,
645 4016 729 4084 item
755 4014 932 4085 lebannes
951 4014 1388 4108 viyatbenyovvsky
1415 4024 1450 4087 et
1470 4017 1532 4087 filii
1551 4018 1614 4106 sui,
1633 4019 1693 4107 qui
1710 4038 1774 4109 pro
1792 4018 1854 4088 de·

304 4133 392 4203 eima
416 4134 624 4223 manipulari
650 4135 818 4223 praediali
847 4136 985 4206 solvunt
1011 4138 1161 4208 vicariae
1188 4138 1367 4228 praelatae
1394 4145 1472 4209 octo
1499 4159 1648 4228 grossus,
1676 4141 1759 4210 item
1778 4139 1854 4210 An-

304 4249 405 4323 dreas
431 4252 776 4345 Siueborabsky‚
804 4257 861 4344 qui
889 4278 953 4345 pro
981 4257 1113 4328 decima
1139 4259 1346 4348 manipulari
1374 4259 1542 4348 praediali
1570 4259 1674 4331 solvit
1700 4261 1853 4331 vicariae

303 4372 479 4460 praelatae
508 4381 585 4445 octo
613 4380 761 4463 scottos;
789 4376 891 4447 buius
917 4378 1020 4448 villae
1047 4377 1260 4450 Gzcrzow
1286 4368 1410 4449 haeres
1429 4380 1629 4469 prineIpalis
1648 4387 1702 4451 est
1719 4380 1852 4452 Ioban-
1911 4372 1916 4377 ’

237 4523 240 4528 >
302 4512 363 4564 nes
398 4492 732 4586 Ozyerzowsky
763 4495 1069 4588 Kuczmorka,
1096 4500 1222 4570 nobilis
1249 4501 1292 4570 de
1319 4499 1420 4570 domo
1447 4501 1726 4590 Streparum.
1763 4502 1851 4572 Item

302 4618 384 4685 sunt
418 4615 522 4686 etiam
561 4617 596 4686 in
624 4616 744 4689 eadem
771 4618 853 4691 villa
881 4620 948 4690 duo
976 4621 1068 4691 lanei
1095 4620 1345 4710 cmetbonales,
1373 4621 1456 4692 item
1483 4642 1552 4692 una
1578 4623 1742 4713 taberna,
1768 4624 1852 4693 item

301 4733 501 4806 bortulauia
530 4725 626 4842 una,
645 4738 814 4810 babentes
851 4761 953 4830 agros
984 4741 1169 4831 speciales,
1196 4742 1240 4813 de
1267 4743 1391 4831 quibus
1419 4726 1576 4813 omnibus
1603 4743 1731 4815 tollunt
1759 4744 1851 4814 deci·

300 4873 391 4924 mam
419 4854 668 4946 manipularem
694 4861 884 4931 sanctuarii
911 4861 1075 4932 ecclesiae
1103 4860 1350 4952 cracoviensis,
1368 4863 1411 4933 de
1429 4864 1542 4934 tribus
1559 4864 1661 4952 villis,
1679 4864 1851 4954 videlieet,

302 4973 345 5044 de
380 4971 535 5068 Gorlry
571 4984 608 5048 et
635 4977 880 5071 Trampky,
907 4982 991 5052 item
1018 4982 1061 5054 de
1088 4983 1179 5053 villa'
1197 4981 1483 5074 Sczythniky
1511 4984 1619 5074 aliqui
1646 4984 1847 5075 sanctuarii,

301 5094 361 5184 qui
393 5103 563 5168 vocantur
597 5097 953 5194 Krzeczkouye,
980 5106 1016 5172 et
1040 5108 1205 5174 tenentur
1231 5104 1326 5174 illam
1353 5105 1485 5176 incolae
1512 5107 1662 5195 propriis
1689 5107 1850 5179 curribus

299 5212 461 5288 inducere
488 5218 525 5288 in
551 5218 715 5291 horreum
742 5242 763 5295 a
789 5224 997 5296 sanctuariIs
1022 5204 1203 5302 locandum
1230 5233 1267 5295 et
1294 5227 1499 5298 aestimatur
1517 5227 1616 5298 valor
1633 5229 1716 5318 eius,
1736 5228 1870 5318 quoad

300 5339 524 5430 sanctuarios,
552 5339 596 5409 ad
624 5348 773 5430 quatuor
798 5342 942 5415 marcas.
1071 5344 1080 5355 '
1929 5334 1933 5339 ⁸
