4050 6054
297 441 371 513 246

297 648 401 739 regio-
428 647 581 718 munitae
608 652 644 717 et
670 666 699 717 a.
727 647 768 716 D.
800 648 906 718 1406.
934 645 1189 719 cracoviae
1217 647 1252 718 in
1279 646 1451 717 dominica
1477 644 1627 716 mcunda
1653 642 1851 736 quasime-

296 756 403 843 sinino
427 766 669 861 Reminiscere,
697 767 760 838 sub
787 767 991 865 pontificatu
1019 767 1114 841 Petri
1142 767 1308 865 Wysch
1335 767 1488 860 episcopi
1515 765 1698 837 confectae.

646 1019 649 1025 ’
690 1062 693 1069 ’
734 1032 879 1118 Altera
911 1033 1053 1116 Sancti
1089 1032 1410 1115 bartholomaei.

398 1257 522 1328 Altare
547 1255 580 1327 S.
607 1256 866 1327 Bartholomaei
891 1255 927 1326 in
954 1256 1098 1332 ecclesia
1125 1252 1346 1326 cracoviensi
1371 1273 1440 1324 non
1458 1253 1564 1325 babet
1581 1253 1747 1343 capellam
1763 1272 1848 1345 pro-

292 1379 416 1470 priam,
444 1376 504 1448 sed
530 1383 585 1448 est
612 1377 714 1447 situm
741 1377 805 1447 sub
832 1375 963 1447 fornice
989 1397 1057 1446 uno
1084 1375 1121 1446 in
1148 1352 1293 1465 corp'ore
1320 1375 1494 1464 ecclesiae,
1512 1375 1577 1446 sub
1595 1393 1735 1464 organo,
1752 1374 1848 1464 quod

293 1518 357 1588 per
383 1497 552 1568 Joannem
583 1496 963 1588 Schaifranyecz,
990 1497 1139 1586 primum
1166 1496 1359 1585 custodem,
1386 1495 1511 1566 deinde
1538 1495 1780 1567 scholasticum
1806 1500 1858 1569 st.

294 1619 499 1713 canonicum
525 1616 806 1708 Cracoviensem,
834 1624 870 1689 ot
895 1638 1078 1709 germanos
1106 1639 1186 1688 suos
1213 1617 1356 1688 Petrum
1383 1615 1748 1706 Schallranyeca
1772 1614 1850 1706 pri-

294 1760 387 1811 mum
417 1737 693 1830 subdapiferum,
720 1745 801 1829 post
828 1760 910 1812 vero
938 1739 1226 1811 succamerarium
1253 1736 1537 1828 Oracoviensem,
1564 1735 1775 1809 stanislaum
1800 1736 1849 1811 (le

196 1872 229 1924 ἢ
293 1856 706 1950 Mlodzieiowycze
732 1863 768 1930 et
796 1858 1017 1931 Thomasium
1044 1860 1087 1930 de
1113 1859 1349 1951 Luczycze
1375 1863 1411 1929 et
1436 1857 1589 1948 Petrum,
1615 1854 1849 1947 praeiatiPc-

293 1982 341 2052 tri
367 1980 737 2071 Sobailranyecz
764 1981 1006 2066 succamerarii
1035 1979 1274 2052 Cracoviensis
1300 1980 1428 2069 filium,
1453 1979 1587 2053 nobiles
1613 1978 1656 2050 de
1682 1962 1792 2051 domo'
1809 1983 1850 2051 et

295 2103 400 2174 aruris
427 2101 662 2194 Starykon
690 2102 793 2192 vulgo
821 2103 1045 2193 nuncupatis,
1073 2104 1137 2174 sub
1164 2102 1367 2192 pontificatu
1385 2101 1482 2173 Petri
1500 2101 1667 2191 Wyach
1693 2100 1848 2191 episcopi

294 2223 552 2314 Oracoviensis,
580 2225 644 2295 sub
670 2224 883 2316 temporibus
909 2230 1025 2296 tamen
1053 2224 1208 2313 diversis,
1235 2222 1396 2294 videlicet
1423 2240 1452 2292 a.
1478 2221 1520 2292 D.
1551 2223 1659 2294 1406.
1685 2225 1722 2293 et
1748 2241 1779 2292 a
1804 2221 1848 2293 D.

300 2347 408 2418 1412.
435 2344 616 2418 fundatum
644 2350 681 2415 et
705 2344 863 2417 dotatum
891 2348 953 2435 est,
979 2350 1016 2416 et
1042 2344 1110 2418 duo
1138 2344 1317 2418 altaristae
1336 2350 1371 2415 et
1389 2342 1516 2418 tertios
1535 2342 1679 2416 clericus
1697 2341 1741 2415 ad
1759 2340 1847 2416 illud

294 2465 457 2540 instituti.

398 2586 467 2658 Pro
494 2587 597 2658 unius
624 2591 738 2658 autem
766 2593 803 2658 et
816 2586 931 2679 ¹primi
958 2586 1138 2658 altaristae
1165 2586 1379 2678 proprietate
1406 2589 1441 2656 et
1469 2584 1549 2656 dote
1576 2584 1657 2655 data
1670 2588 1737 2656 'est
1753 2584 1848 2676 villa,

297 2729 359 2780 seu
386 2729 468 2799 pars
495 2707 720 2781 haereditatis
747 2707 849 2780 villae
876 2707 1326 2799 Thrantbnovycze,
1352 2711 1390 2779 et
1415 2709 1581 2779 oneratus
1607 2709 1662 2777 est
1689 2701 1849 2777 altarista
1890 2762 1893 2769 .

293 2828 482 2919 praelatus,
509 2835 549 2899 ut
576 2828 738 2900 clericum
765 2829 810 2900 ad
837 2849 936 2900 suum
961 2829 1098 2900 libitum
1125 2828 1329 2919 eligendum,
1357 2833 1393 2900 et
1419 2827 1547 2898 seniori
1574 2828 1617 2899 de
1643 2827 1745 2900 domo
1770 2822 1849 2919 lun·

294 2949 455 3046 datorum
482 2946 791 3041 praesentandum,
819 2956 899 3021 actu
925 2955 1041 3022 tamen
1068 2951 1328 3041 presbyterum,
1355 2920 1474 3021 velin
1500 2949 1659 3038 proximo
1697 2948 1845 3042 presby·

293 3071 494 3177 terendum,
522 3071 614 3142 circa
649 3070 758 3141 altare
793 3070 985 3161 praelatum
1012 3091 1077 3160 pro
1103 3071 1280 3160 ministro,
1309 3071 1367 3161 qui
1386 3069 1688 3160 superpelliciatus
1706 3068 1847 3143 imeoat

295 3174 387 3262 circa
413 3191 523 3292 altare
549 3189 753 3299 praefatum,
779 3197 907 3281 teneat,
935 3178 979 3263 et'
997 3192 1110 3282 ipsum
1128 3213 1170 3263 ex
1188 3191 1415 3282 proventibus
1432 3190 1535 3262 villae
1553 3189 1615 3262 Th
1627 3188 1847 3279 rantltno·

280 3333 441 3412 vycze
468 3318 619 3419 quatuor
643 3310 771 3389 marcia
798 3313 950 3384 solariet.

369 3433 465 3504 -Pro
501 3433 646 3505 alterius
679 3452 763 3504 vero
798 3438 835 3504 et
869 3434 1011 3506 secundi
1046 3433 1227 3505 altaristac
1252 3433 1467 3523 proprietate
1494 3437 1529 3504 et
1555 3431 1655 3522 dote,
1683 3432 1767 3503 data
1792 3437 1848 3505 est

294 3554 376 3626 villa
402 3553 715 3645 Podstolycze
751 3573 828 3625 cum
855 3555 953 3625 omni
974 3555 1069 3642 iure;
1107 3559 1144 3626 et
1169 3555 1431 3643 iuspatronatus
1457 3553 1647 3644 utriusque,
1667 3552 1848 3629 altaristaa

292 3675 330 3745 in
356 3673 516 3746 doctores
543 3680 579 3746 et
605 3675 790 3765 magistros
817 3674 1056 3747 universitatis
1084 3672 1321 3748 Gracovienais
1347 3675 1555 3747 translatum
1582 3678 1645 3765 cst,
1674 3675 1734 3765 qui
1760 3668 1848 3747 tlon
1973 3764 1980 3771 ,

293 3796 358 3867 bus
384 3795 562 3886 magistris
588 3796 839 3868 valentioribus
867 3796 996 3887 electis,
1024 3817 1129 3868 unum
1146 3796 1210 3889 vel
1238 3796 1358 3868 ambos
1384 3817 1427 3868 er
1453 3797 1508 3867 his
1535 3795 1664 3868 seniori
1682 3792 1847 3875 dedomo

295 3919 330 3985 at
355 3917 460 3989 armis
486 3913 708 3988 fundatorum
734 3917 974 4006 praesentabit
999 3937 1062 4008 per
1089 3916 1302 3990 ordinarium
1328 3917 1395 3990 loci
1422 3916 1664 3990 instituendos.

397 4033 504 4126 Item,
531 4038 622 4127 quod
650 4034 783 4127 primus
810 4039 971 4111 altarista
997 4037 1130 4111 duabus
1157 4039 1288 4128 missis,
1314 4058 1384 4110 nna
1409 4037 1571 4111 videlicet
1595 4058 1660 4130 pro
1685 4039 1847 4135 peccatis,

271 4162 330 4227 ‘et
357 4156 468 4228 altera
492 4176 558 4247 pro
586 4157 765 4249 defrrnctis,
793 4160 938 4251 singulis
965 4159 1165 4250 septimanis
1192 4160 1228 4230 in
1255 4158 1444 4232 remedium
1470 4158 1664 4233 animarum
1690 4158 1849 4252 prwrllc·

292 4282 407 4350 torum
433 4278 657 4352 fundatorum
685 4286 722 4352 et
748 4300 867 4353 eorum
894 4280 1199 4372 praedecessorum
1225 4286 1262 4352 et
1288 4300 1525 4354 successorum
1551 4279 1686 4353 officiet.
1721 4295 1728 4310 ·

398 4400 499 4471 Alter
526 4421 609 4472 vero
637 4400 798 4473 altorista
824 4404 956 4474 habens
982 4402 1100 4474 villam
1126 4400 1438 4493 Podstolycze
1463 4422 1529 4493 pro
1554 4401 1654 4494 dote,
1673 4406 1749 4477 tres
1763 4400 1857 4479 mio
1994 4459 2001 4471 .

293 4538 360 4612 sas,
386 4540 490 4592 unam
517 4520 560 4592 de
587 4521 698 4592 Beata
716 4520 881 4613 Virgine,
908 4523 1055 4594 alteram
1081 4542 1145 4613 pro
1172 4521 1341 4595 deiunais
1368 4528 1405 4594 et
1431 4522 1570 4596 tertiam
1595 4542 1662 4616 pro
1686 4514 1847 4615 paooatla'
1916 4525 1925 4535 '

292 4654 333 4713 ac
358 4642 497 4733 vigilias
524 4661 648 4714 novem
675 4642 862 4715 lectionum
890 4643 1037 4734 singulis
1063 4643 1267 4734 septimanis
1293 4643 1428 4736 legere,
1452 4644 1491 4733 in
1517 4643 1708 4721 remelium
1724 4642 1850 4719 mnua-

292 4768 407 4834 torum
434 4768 470 4834 et
495 4784 615 4835 eorum
642 4763 957 4855 praedecessorum
985 4785 1026 4836 ac
1051 4765 1267 4855 personalem
1295 4765 1518 4838 residentiam
1543 4764 1846 4857 facere'teneatnr,

294 4889 332 4955 et
357 4884 387 4955 si
413 4880 544 4974 absque
578 4882 720 4956 licentio
754 4884 900 4958 rectoris
935 4885 1183 4958 universitatis.
1209 4884 1464 4978 Oracoviensis,
1499 4908 1563 4978 per
1598 4887 1685 4963 duos
1710 4906 1850 4965 menses

199 5015 204 5021 ·
293 5004 537 5094 absentaverit,
564 5008 680 5076 rector
706 5009 743 5078 at
767 5005 977 5079 universitas
1004 5003 1242 5080 Gracoviensis
1259 5007 1471 5081 tenebuntur
1488 5008 1593 5081 alium
1611 5013 1846 5107 praesentare

293 5122 336 5195 de
362 5111 430 5215 quo
456 5125 630 5197 habentor
657 5126 821 5217 specialia
846 5127 1029 5219 privilegia
1053 5127 1090 5200 in
1117 5127 1252 5200 aerario
1280 5125 1509 5202 cracoviensi.

397 5232 745 5338 Tasurnuowvczn,
770 5247 856 5320 villa
880 5249 945 5320 sub
971 5247 1137 5340 parochia
1163 5248 1329 5323 ecclesiae
1355 5249 1399 5323 (la
1424 5249 1737 5345 Mierlzwyedz
1763 5253 1843 5345 sita,

292 5362 330 5447 in
355 5378 425 5470 qua
449 5371 532 5442 sont
548 5365 731 5450 duodecim
747 5364 840 5451 lanai
858 5367 1103 5463 cnatbonoles,
1120 5388 1267 5464 quorun
1285 5388 1346 5446 sex
1364 5386 1428 5467 pro
1446 5390 1560 5453 annno
1577 5390 1686 5450 canan
1700 5373 1845 5457 solvunt
