4050 6054
238 443 312 520 518
447 420 450 425 ’

141 730 150 741 ,
241 675 301 727 sex
328 656 451 727 choros
477 676 606 727 avenae
633 676 812 727 mensurae
831 654 1003 727 confertae
1022 652 1325 740 Scarbimiriensis3
1352 652 1435 721 item
1454 650 1601 740 quilibet
1618 648 1665 719 de
1683 648 1786 719 laneo

237 775 374 847 laborat
400 775 485 848 duos
512 776 586 848 dies
613 778 649 847 in
676 778 868 868 septimana
892 776 1033 866 proprio
1061 794 1165 845 curru
1191 779 1252 844 aut
1274 778 1393 844 aratro
1419 791 1484 862 per
1502 776 1618 843 totum
1646 790 1786 859 mun,

236 894 322 965 item
348 895 510 968 ducturas
537 894 677 969 iaciunt.
712 898 799 969 Item
826 902 908 969 sunt
934 898 970 968 in
997 896 1116 967 eadem
1142 894 1226 965 villa
1252 893 1340 965 duae
1366 892 1587 964 hortulaniae
1613 890 1787 962 habentes

237 1036 350 1107 agros,
378 1022 413 1087 et
439 1018 586 1106 quilibet
611 1018 815 1089 hortulanus
843 1018 946 1090 solvit
964 1023 1041 1088 ooto
1059 1037 1199 1105 grossos
1220 1015 1419 1105 praeposito
1445 1034 1509 1103 pro
1528 1031 1646 1085 annuo
1666 1030 1787 1100 censu,

236 1142 273 1206 et
299 1158 402 1207 unum
431 1136 522 1207 diem
549 1137 711 1226 pedester
736 1138 772 1208 in
799 1137 993 1227 septimana
1018 1136 1161 1206 laborat.
1196 1136 1285 1207 Item
1311 1155 1381 1204 non
1408 1140 1463 1205 est
1488 1133 1606 1224 aliqua
1632 1131 1792 1203 taberna.

239 1258 275 1327 in
302 1256 385 1326 villa
411 1256 540 1347 eadem,
566 1277 677 1347 neque
702 1257 946 1329 molendinum.
972 1255 1061 1327 Item
1078 1256 1113 1325 in
1132 1255 1253 1327 eadem
1279 1255 1361 1325 villa
1387 1260 1441 1326 est
1466 1253 1564 1325 curia
1589 1250 1788 1342 praepositi

237 1374 532 1449 Soarbimiriensis
558 1379 646 1448 bene
673 1376 860 1468 aedificata,
887 1378 971 1449 item
988 1383 1043 1449 est
1059 1376 1239 1466 praedium
1264 1375 1403 1446 unioum
1430 1373 1621 1465 praepositi
1648 1372 1787 1444 habens

237 1517 349 1587 agros,
376 1497 419 1569 de
447 1498 571 1586 quibus
599 1499 745 1569 solvitur
772 1497 903 1569 decima
928 1496 1154 1587 manipularis
1189 1495 1465 1586 vicepraeposito
1492 1492 1786 1581 Scarbimiriensi,

234 1617 319 1689 item
347 1619 545 1689 emethones
563 1623 600 1689 et
616 1618 792 1691 hortulani
811 1618 913 1689 villae
931 1616 1110 1707 praefatae
1135 1622 1300 1688 tenentur
1317 1617 1446 1688 molere
1464 1636 1584 1688 eorum
1605 1613 1787 1687 flumenta

236 1738 273 1808 in
297 1738 494 1810 molendino
522 1737 796 1810 Scarbimiriensi
823 1739 867 1809 ad
893 1738 1129 1827 praepositum
1155 1737 1375 1826 pertinente,·
1409 1737 1492 1807 item
1519 1734 1723 1807 emetlrones
1749 1740 1786 1807 et

236 1857 414 1929 hortulani
440 1858 544 1929 villae
569 1858 746 1949 praefatae
781 1858 920 1931 solvunt
957 1857 1122 1928 decimam
1148 1856 1398 1947 manipularem
1425 1861 1505 1946 post
1531 1874 1651 1927 ornnes
1677 1852 1785 1947 agros

237 1977 439 2049 soolastriae
474 1978 752 2050 Scarbimiriensi
779 1985 816 2050 et
841 1978 1040 2068 canapalem
1075 1998 1139 2066 per
1174 1976 1259 2048 duas
1290 1977 1449 2067 ierugas3
1485 1981 1521 2047 et
1544 1975 1679 2047 ducunt
1705 1996 1784 2047 eam

235 2097 272 2167 in
297 2099 461 2172 horreum
480 2120 502 2170 a
520 2099 724 2172 scholastico
750 2099 941 2188 locandum,
968 2098 1065 2170 ouius
1092 2098 1188 2169 valor
1206 2097 1250 2167 ad
1269 2096 1386 2169 decem
1410 2116 1547 2169 marcas
1564 2096 1784 2169 aestimatur.

340 2219 555 2310 Quaestus,
581 2221 665 2291 villa
691 2221 755 2292 sub
772 2220 937 2309 parochia
960 2219 1124 2290 ecclesiae
1151 2218 1193 2288 de
1219 2217 1513 2289 Dzerzaszna
1539 2218 1618 2308 sita,
1637 2217 1684 2289 ad
1700 2238 1784 2308 pro-

235 2340 419 2430 prietatem
455 2341 645 2431 praepositi
672 2337 964 2411 Soarbimiriensis
999 2360 1063 2429 pro
1089 2360 1160 2410 una
1186 2343 1285 2430 parte
1311 2339 1507 2429 pertinens,
1542 2339 1578 2409 in
1605 2358 1675 2430 qua
1700 2342 1802 2411 sunt·

235 2464 308 2531 tres
334 2480 413 2529 cum
439 2459 553 2530 medio
579 2459 671 2530 lanei
696 2459 940 2549 emethonales,
966 2460 1003 2529 in
1030 2459 1162 2530 ditione
1188 2459 1379 2550 praepositi
1406 2459 1561 2550 plenarie
1588 2459 1782 2531 consistan-

236 2584 300 2668 tes,
327 2598 473 2668 quorum
500 2579 647 2667 quilibet
672 2580 777 2652 solvit
802 2580 1001 2670 praeposito
1028 2600 1092 2669 pro
1110 2600 1224 2651 annuo
1246 2600 1351 2652 censu
1377 2600 1481 2651 unam
1505 2600 1670 2669 marcam3
1695 2580 1783 2652 item

235 2698 323 2769 duos
349 2718 507 2788 capones,
532 2696 616 2770 item
641 2699 789 2789 triginta
814 2720 896 2789 ova,
928 2700 1011 2771 item
1039 2721 1100 2770 sex
1127 2701 1251 2772 choros
1277 2720 1408 2772 avenae
1434 2720 1617 2771 mensurae
1644 2699 1782 2772 eonfer-

236 2824 293 2889 toe
319 2818 628 2908 Scarbimiriensis5
664 2821 746 2889 item
774 2820 920 2909 quilibet
946 2819 988 2890 de
1015 2819 1115 2892 laneo
1143 2820 1392 2892 laboratduos
1418 2819 1558 2892 diesin
1585 2822 1783 2911 septimana

235 2937 376 3027 proprio
413 2956 516 3007 curru
551 2943 613 3009 aut
639 2942 755 3010 aratro
790 2958 854 3029 per
879 2945 992 3011 totum
1019 2961 1162 3031 annum,
1198 2941 1282 3012 item
1308 2939 1473 3012 dnatmas
1506 2939 1647 3011 faciunt
1689 2941 1782 3013 item

236 3058 378 3128 suntin
405 3057 524 3128 eadem
550 3058 634 3129 villa
660 3059 749 3131 duae
775 3060 993 3131 hortulaniae
1015 3062 1182 3133 habentes
1209 3082 1321 3151 agros,
1347 3067 1385 3132 et
1403 3062 1550 3150 quilibet
1574 3060 1783 3135 hortulanus

235 3176 340 3249 solvit
365 3180 565 3269 praeposito
591 3200 655 3270 pro
683 3199 787 3251 censu
814 3186 891 3253 orto
918 3202 1072 3271 grossos,
1108 3188 1144 3253 et
1170 3202 1275 3252 unum
1301 3181 1392 3253 diem
1418 3181 1582 3272 pedester
1607 3180 1645 3252 in
1673 3182 1782 3273 septi-

236 3318 336 3369 mana
361 3298 509 3387 laborat
536 3300 620 3371 item
646 3306 792 3372 nonest
819 3300 959 3390 aliquod
984 3301 1165 3390 praedium
1182 3303 1217 3371 in
1236 3302 1319 3373 villa
1343 3300 1511 3392 praefata,
1537 3322 1607 3374 non
1623 3302 1782 3393 taberna,

233 3439 304 3489 non
330 3418 573 3491 molendinum.
617 3420 704 3491 Item
732 3420 768 3490 in
795 3421 914 3491 eadem
949 3421 1032 3490 villa
1067 3421 1173 3492 habet
1207 3423 1388 3511 episeopus
1415 3421 1656 3493 Graooviensis
1691 3422 1782 3497 duos

234 3538 353 3610 laneos
378 3539 632 3629 emethonales3
667 3540 751 3611 item
777 3545 893 3611 eustos
919 3540 1213 3612 Scarbimiriensis
1249 3543 1336 3614 alios
1367 3542 1454 3615 duos
1481 3544 1600 3615 laneos
1625 3545 1783 3617 ometbo·

233 3659 341 3748 nelos,
368 3665 404 3730 et
429 3660 576 3750 quilibet
601 3661 721 3732 laneus
747 3661 852 3732 solvit
878 3662 1038 3752 episcopo
1066 3669 1102 3733 et
1128 3662 1264 3734 custodi
1290 3684 1354 3753 pro
1382 3684 1486 3735 censu
1512 3662 1600 3736 duas
1629 3684 1779 3755 maroam

232 3779 346 3850 nullos
373 3786 488 3851 tamen
514 3779 646 3853 faciunt
671 3782 827 3871 labores,
863 3804 932 3853 non
959 3782 1044 3854 dant
1070 3803 1154 3873 ova,
1189 3805 1258 3856 non
1285 3760 1466 3876 capones,
1486 3804 1598 3876 neque
1623 3804 1781 3859 avenam

232 3897 320 3970 Item
347 3921 466 3972 omnes
493 3903 692 3974 emethones
718 3907 791 3973 tam
819 3904 990 3994 episcopi,
1017 3924 1119 3994 quam
1145 3905 1337 3994 praepositi
1362 3911 1400 3976 et
1425 3905 1597 3995 cust-odis,
1632 3908 1718 3979 item
1744 3906 1783 3981 e't

233 4019 411 4090 hortulani
446 4020 489 4091 de
516 4022 674 4093 omnibus
710 4042 830 4095 eorum
865 4025 958 4114 agris
995 4025 1134 4096 solvunt
1169 4024 1337 4096 decimam
1370 4026 1623 4117 manipularem
1654 4033 1692 4099 et
1716 4048 1782 4119 per

233 4144 386 4228 quatuor
410 4139 551 4230 ierugas
576 4143 775 4235 senapalem
801 4144 964 4235 episcopo
982 4143 1213 4236 Oracoviensi,
1241 4150 1277 4217 et
1294 4146 1425 4218 ducunt
1456 4166 1533 4218 eam
1559 4147 1596 4218 in
1612 4147 1781 4221 nonaum

234 4260 279 4331 ab
305 4260 468 4351 episcopo
494 4261 687 4353 locandum,
714 4270 752 4336 et
778 4264 876 4337 valor
901 4265 975 4337 eius
1002 4266 1205 4337 aestimatur
1231 4268 1276 4338 ad
1304 4267 1563 4359 quatuordecim
1589 4288 1737 4342 mareas

338 4379 631 4474 Snuszmmnw,
663 4384 762 4474 villa,
797 4386 929 4456 babens
955 4386 992 4457 in
1018 4407 1056 4457 se
1082 4387 1314 4476 parochialem
1340 4389 1519 4460 ecclesiam
1545 4408 1610 4480 per
1634 4388 1780 4463 Petrum

234 4499 668 4596 Sanezygnyewsky
702 4504 846 4576 militem
882 4507 1082 4596 religiosum
1116 4513 1153 4578 et
1183 4508 1258 4579 Deo
1294 4509 1456 4581 devotum
1491 4530 1535 4581 ex
1561 4510 1708 4585 eeclesia
1742 4512 1780 4583 in

232 4620 540 4695 Slawoschow
574 4624 670 4696 velut
706 4625 849 4697 matrice
884 4626 1082 4717 fundatam,
1118 4628 1290 4719 dotatam,
1317 4635 1353 4701 ot
1379 4635 1481 4721 petra
1515 4630 1597 4704 alba
1630 4631 1779 4722 pulobro

232 4762 338 4833 opere
362 4741 577 4835 fabricatam,
604 4746 702 4818 ouius
728 4748 852 4820 haeres
874 4748 1038 4821 Nicolaus
1065 4748 1486 4843 Saneygnyewsky,
1513 4750 1663 4842 praefati
1679 4752 1781 4827 Petri

231 4863 354 4935 militis
381 4865 491 4954 filius,
518 4867 644 4939 nobilis
670 4867 714 4939 de
740 4868 842 4941 domo
869 4874 905 4941 et
930 4871 1096 4961 progenie
1122 4870 1145 4942 J
1155 4872 1433 4962 elithonum,
1467 4879 1541 4945 tres
1566 4872 1688 4946 nastes
1713 4896 1781 4966 pro

230 4984 359 5075 insigni
386 4985 624 5079 deferentium,
650 4989 685 5060 in
712 5011 782 5082 qua
808 4996 890 5062 sunt
917 4997 995 5062 ooto
1021 4991 1113 5063 lanei
1140 4992 1393 5083 amethonales‚
1422 4994 1506 5065 item
1532 4999 1587 5067 est
1611 4994 1663 5067 ibi
1688 5018 1781 5071 unus

229 5104 351 5178 laneos
385 5106 598 5199 plebaoalis3
633 5110 716 5181 item
749 5118 832 5183 sunt
866 5117 940 5184 tres
975 5112 1194 5185 hortulaniae
1229 5113 1398 5186 habentes
1432 5134 1554 5206 agros,
1581 5114 1781 5208 dequibus

230 5225 390 5300 omnibus
416 5227 565 5301 solvitur
587 5230 722 5323 integre
739 5230 872 5305 decima
888 5232 1117 5323 manipularis
1135 5239 1171 5306 et
1188 5255 1251 5325 per
1269 5240 1419 5327 quatuor
1436 5237 1576 5327 ierugas
1602 5238 1781 5330 eauapslia
