4080 6068
167 538 180 549 ..
241 450 315 525 aso
388 450 392 457 ’

238 659 415 747 obstante,
452 652 543 745 quod
569 651 673 729 villae
699 650 790 725 inira
823 650 1070 750 describendae
1096 650 1174 724 aliia
1201 649 1341 724 solvunt
1367 649 1517 725 decimas
1544 644 1811 742 manipulares,

238 798 386 868 quarum
413 775 552 866 quidem
579 774 740 846 villarum
767 774 853 845 haec
880 780 962 845 sunt
988 774 1136 845 nomina.

339 895 572 968 Swrnnasuo
599 894 744 984 Maron,
771 894 855 966 villa
881 895 946 965 sub
972 893 1139 984 parochia
1165 891 1330 964 ecclesiae
1357 893 1400 965 de
1425 892 1552 964 Nova
1579 889 1675 963 San
1688 890 1808 963 decz

238 1017 323 1105 sita,
359 1016 456 1087 cuins
482 1014 679 1105 proprietas
705 1019 742 1085 et
769 1014 958 1085 dominium
985 1019 1021 1084 et
1046 1013 1180 1084 decima
1206 1012 1432 1103 manipularis
1463 1012 1618 1103 pertinet
1646 1010 1698 1084 ad
1725 1010 1805 1102 epi-

237 1155 378 1226 scopum
414 1133 695 1223 Oracoviensem,
732 1133 769 1203 in
796 1154 864 1223 qua
891 1140 973 1205 snrrt
1009 1140 1158 1223 quatuor
1193 1133 1285 1204 lanei
1321 1132 1358 1203 in
1393 1132 1561 1204 tredecim
1597 1138 1726 1222 partes
1765 1136 1806 1205 ct

238 1256 359 1327 domos
386 1255 497 1344 divisi,
525 1255 609 1326 item
636 1254 724 1325 duae
751 1252 918 1325 tabernae
945 1254 1113 1324 habentes
1139 1272 1242 1342 agros
1269 1259 1305 1323 et
1331 1258 1447 1343 prata,
1473 1253 1556 1324 item
1583 1272 1696 1323 unum
1723 1270 1804 1323 ιιιο-

239 1374 426 1446 leudinum.

342 1494 502 1586 Kumorv,
528 1493 612 1565 villa
638 1492 702 1564 sub
730 1493 896 1584 parochia
921 1493 1087 1564 ecclesiae
1115 1493 1157 1564 de
1184 1490 1310 1564 Nova
1336 1492 1540 1564 Sandecz
1568 1491 1656 1582 sita,
1693 1492 1801 1564 cuius

239 1615 435 1706 proprietas
466 1620 503 1685 et
529 1614 717 1685 dominium
744 1613 790 1684 ad
816 1613 1073 1684 serenissimum
1109 1633 1227 1702 regern
1252 1612 1417 1683 Poloniae
1451 1613 1621 1702 pertinet,
1658 1612 1697 1683 iu
1727 1632 1802 1703 qua

240 1742 323 1806 sunt
348 1735 440 1806 lanei
477 1733 708 1804 cmethonnles
735 1738 886 1823 septem,
922 1733 1117 1824 dequibus
1154 1731 1258 1803 datur
1293 1733 1427 1804 decima
1461 1731 1690 1822 manipularis
1729 1752 1801 1825 pro

240 1857 440 1946 episcopatu
476 1852 717 1942 Gracoviensi3
752 1854 836 1925 item
871 1854 1038 1925 tabernae
1065 1873 1134 1925 non
1161 1858 1262 1942 sunt;
1297 1854 1380 1925 item
1406 1853 1607 1924 hortulanis
1639 1872 1714 1924 una
1742 1858 1801 1925 est

241 1977 300 2065 ibi;
328 1977 411 2047 item
438 1974 619 2066 praedium
647 1995 716 2045 nou
742 1980 806 2045 est.

344 2095 590 2184 Prmmuowrr,
617 2093 700 2165 villa
727 2093 791 2165 sub
818 2093 984 2183 parochia
1009 2093 1053 2164 de
1079 2092 1207 2163 Nova
1233 2091 1440 2165 Sandecz
1467 2092 1555 2183 sita,
1582 2093 1681 2165 cuius
1710 2113 1799 2186 pro·

240 2215 372 2305 prietes
398 2220 435 2285 et
460 2214 649 2286 dominium
676 2214 721 2285 ad
747 2213 1005 2285 serenissimum
1032 2232 1150 2303 regem
1176 2212 1342 2285 Poloniae
1368 2213 1684 2304 pertinaciaque
1712 2221 1803 2287 sunt

242 2335 332 2406 lanei
360 2334 510 2424 quinque
538 2333 789 2423 cmethouales,
817 2332 860 2404 de
887 2333 1012 2423 quibus
1039 2333 1188 2404 solvitur
1214 2332 1347 2404 decima
1373 2333 1598 2423 manipularis
1624 2354 1692 2423 pro
1722 2334 1802 2425 epi-

127 2438 131 2445 ’
242 2459 385 2544 scopata
412 2452 654 2544 cracoviensi,
685 2473 857 2524 unacum
885 2453 1051 2543 scoltoto‚
1082 2453 1141 2544 qui
1167 2452 1275 2524 habet
1301 2452 1350 2525 ibi
1376 2474 1483 2525 unum
1508 2453 1656 2525 laneum.
1702 2453 1801 2527 Item

241 2575 418 2663 tabemae‚
445 2573 529 2645 item
555 2571 786 2662 hortulaniae,
813 2573 895 2643 item
922 2571 1102 2662 praedium
1130 2593 1198 2642 norr
1226 2572 1399 2644 habentur
1424 2573 1460 2643 in
1486 2571 1570 2643 silla
1595 2570 1774 2663 praedata

184 2692 188 2704 '
345 2691 558 2782 Jnmmrczn,
586 2692 668 2763 villa
685 2693 750 2764 sub
768 2692 934 2781 parochia
947 2692 1113 2763 acclesiae
1140 2691 1183 2763 de
1210 2690 1337 2764 Nova
1363 2691 1566 2764 Sandecz
1593 2692 1673 2783 sita,
1692 2692 1800 2765 cuius

244 2813 440 2905 proprietas
475 2819 512 2884 et
538 2813 726 2883 dominium
753 2813 798 2883 ad
825 2812 1082 2884 serenissimum
1118 2832 1234 2903 regem
1260 2812 1425 2885 Poloniae
1451 2812 1604 2903 pertinet
1612 2867 1626 2909 ,Ι
1657 2813 1696 2884 iu
1726 2834 1803 2905 qua

243 2940 325 3005 sunt
350 2938 481 3024 septem
507 2933 599 3003 lanei
626 2931 879 3022 emethonales‚
913 2932 956 3004 de
983 2932 1108 3023 quibus
1135 2932 1282 3007 solvitur
1310 2932 1444 3005 decima
1472 2930 1700 3023 manipularis
1729 2954 1800 3025 pro

243 3055 442 3145 episcopatu
469 3050 699 3125 Oracosiensi.
725 3052 813 3123 Item
839 3052 1004 3124 tabernae
1031 3074 1100 3124 non
1119 3058 1209 3142 sunt;
1236 3053 1435 3124 hortulanis
1460 3073 1538 3143 una,
1565 3073 1671 3125 unum
1688 3074 1801 3144 gros-

244 3195 330 3264 sum,
355 3172 588 3246 molendinum
614 3193 730 3263 unum,
756 3193 862 3243 unum
887 3193 1058 3263 grossum3
1084 3172 1168 3244 item
1195 3173 1375 3263 praedium
1400 3193 1469 3245 nou
1497 3178 1560 3244 est.

346 3290 686 3383 Gonnmaaowmza,
713 3293 797 3365 villa
822 3293 886 3365 sub
912 3293 1077 3385 parochia
1103 3291 1267 3365 ecclesiae
1294 3293 1337 3364 dc
1364 3291 1568 3366 Sandecz
1594 3293 1671 3383 sita,
1690 3295 1798 3369 cuius

242 3412 436 3504 proprietas
471 3413 517 3484 ad
543 3414 700 3485 consules
735 3412 989 3485 Sandeczenses
1015 3413 1184 3504 pertinet,
1220 3413 1255 3482 in
1283 3433 1352 3504 qua
1377 3418 1458 3486 sunt
1489 3413 1669 3485 duodecim
1697 3413 1800 3487 lanei

242 3535 484 3625 cmatlronales‚
511 3534 569 3624 qui
595 3533 810 3623 episcopatui
837 3532 1058 3605 Cracovionsi
1085 3533 1224 3605 solvunt
1251 3533 1418 3604 decimam
1443 3532 1656 3624 fertonalem
1684 3535 1798 3625 quili-

243 3657 302 3726 bet
328 3655 371 3726 de
397 3656 497 3726 laneo
524 3676 586 3745 por
612 3676 718 3726 unum
745 3654 913 3727 fertonem
940 3655 1091 3727 latorum
1116 3676 1316 3743 grossorum
1343 3653 1580 3744 Pragensium.
1605 3654 1697 3726 Item
1721 3678 1798 3727 nou

98 3834 108 3850 .
246 3783 328 3849 sunt
354 3777 390 3846 in
417 3776 536 3847 eadem
562 3797 673 3868 neque
699 3777 874 3865 tabernae,
901 3796 1012 3867 neque
1039 3776 1267 3866 hortulaniae,
1293 3797 1405 3866 neque
1431 3775 1618 3866 praedium.

346 3896 632 3967 innnmnnown
658 3894 806 3981 Maron,
843 3895 927 3967 silla
963 3897 1027 3967 sulr
1054 3896 1218 3985 parochia
1253 3895 1419 3967 ecclesiae
1454 3896 1498 3967 de
1524 3894 1663 3966 Nosa—
1685 3893 1798 3968 San-

244 4016 350 4089 decz
378 4018 455 4107 sita,
481 4017 578 4087 cuius
605 4017 802 4107 proprietas
829 4021 865 4089 ct
890 4016 1079 4090 dominium
1106 4016 1150 4087 ad
1177 4017 1339 4088 abbatom
1366 4023 1403 4088 et
1429 4017 1676 4088 monasterium
1703 4016 1798 4089 Sau-

243 4137 407 4208 deczense
434 4137 565 4208 ordinis
592 4135 940 4226 praemonstratensis
966 4137 1136 4227 partinet,
1164 4137 1199 4207 in
1227 4159 1295 4226 qua
1321 4144 1403 4208 sunt
1430 4158 1491 4208 sex
1517 4137 1607 4208 lanei
1635 4138 1798 4211 cmetho-

244 4259 353 4349 rrales‚
388 4260 431 4328 de
459 4258 583 4349 quibus
611 4257 757 4329 solvitur
784 4257 919 4328 decima
946 4258 1170 4347 manipularis
1198 4264 1234 4328 ct
1260 4258 1436 4348 canapalis
1462 4258 1679 4349 episcopatui
1706 4258 1799 4331 Cra-

244 4380 405 4450 coviensi.
432 4379 518 4450 Item
546 4378 721 4467 tabernae,
748 4379 832 4449 item
857 4379 1085 4468 hortulaniae
1114 4379 1197 4448 item
1224 4379 1404 4469 praedium
1431 4379 1503 4450 illic
1520 4400 1588 4450 rrorr
1605 4379 1798 4453 habentur.

346 4500 605 4570 lnnnnnnown
632 4497 770 4589 Mmoa,
797 4499 880 4570 villa
898 4501 962 4570 sulr
980 4499 1146 4590 parochia
1173 4500 1337 4570 ecclesiae
1365 4499 1407 4569 de
1434 4499 1559 4571 Nova
1585 4498 1798 4573 Sandecz

243 4621 320 4712 sita
347 4619 443 4690 cuius
470 4619 667 4708 proprietas
694 4625 731 4689 et
757 4617 945 4690 dominium
973 4619 1018 4689 ad
1045 4619 1207 4690 abbatem
1226 4626 1262 4690 et
1280 4620 1527 4691 monasterium
1554 4618 1797 4717 Sandecuense

243 4742 404 4832 pertinet,
431 4741 466 4810 irr
494 4762 561 4831 qna
588 4745 670 4811 sunt
697 4740 846 4831 quinque
874 4739 965 4811 lanei
992 4741 1233 4830 cnretnonales,
1261 4741 1304 4811 de
1332 4741 1456 4831 quibus
1484 4741 1631 4812 solvitur
1656 4740 1798 4814 decima

243 4862 466 4952 manipularis
493 4867 529 4933 et
554 4862 731 4952 canapalis
758 4862 972 4951 episcopatui
1000 4860 1228 4933 Cracoviensi.
1268 4862 1357 4934 Item
1383 4863 1568 4952 tabernae,
1596 4862 1681 4933 item
1708 4864 1796 4935 hor-

242 4983 406 5072 tulaniae,
432 4984 517 5053 item
543 4982 724 5073 praedium
750 4982 821 5053 illic
847 5003 915 5053 rrorr
942 4983 1121 5053 habentur.
1689 5002 1692 5007 ·

346 5096 678 5194 Qwrrrczsszowrr,'
713 5103 795 5175 villa
821 5104 885 5175 sub
912 5102 1077 5192 parochia
1113 5103 1155 5174 de
1182 5103 1307 5177 Nova
1338 5103 1543 5176 Sandecz
1569 5102 1655 5193 sita,
1693 5103 1797 5177 cuius

241 5200 437 5316 proprietas
477 5232 513 5295 ct
540 5225 727 5295 dominium
755 5224 799 5295 ad
826 5225 985 5295 abbatem
1014 5231 1050 5295 ot
1076 5226 1323 5295 monasterium
1354 5224 1591 5296 Sandoczense
1626 5225 1799 5318 pertinet,

242 5349 277 5416 irr
305 5366 372 5437 qna
399 5352 479 5418 sunt
505 5352 577 5416 tres
605 5346 697 5416 lanei
724 5344 972 5434 amethorraloa
1010 5345 1051 5415 do
1080 5346 1202 5435 quibus
1231 5346 1378 5416 solvitur
1405 5344 1538 5416 decima
1564 5344 1797 5434 manipularis
