4050 6054
1708 428 1783 499 387

236 630 513 709 sanctimoniales
532 629 652 702 Sancti
670 628 832 703 Andreae
859 628 902 701 de
929 628 1162 701 cracovia
1187 651 1356 721 coemens,
1384 629 1640 704 vicecustodiae
1659 654 1785 725 appro-

234 750 373 843 priavit,
401 770 548 841 quorum
575 750 722 842 quilibet
743 770 807 841 pro
826 770 932 822 ceusu
950 770 1065 823 annuo
1091 751 1198 823 soluit
1212 741 1477 837 ,vicecustodiae
1504 774 1608 824 unam
1635 774 1786 827 marcam

235 892 312 945 cum
340 870 461 961 media,
487 872 602 944 nubs
625 871 763 943 labores
789 870 957 964 iaciendo,
983 875 1020 943 et
1036 871 1203 944 decimam
1222 872 1471 964 manipularem
1490 873 1786 948 archidiaconatui

234 992 507 1066 Saudomiriensi
525 1047 535 1089 ·.
552 1046 696 1064 ......

338 1113 631 1205 Swrnumrnrnr,
658 1114 743 1187 villa
769 1114 834 1185 sub
861 1114 1026 1205 parocbia
1052 1114 1218 1186 ecclesiae
1246 1114 1289 1186 de
1316 1113 1582 1207 Obraszow,
1609 1117 1706 1188 cuius
1732 1118 1786 1190 in-

234 1236 449 1308 habitatores
485 1234 530 1307 ad
565 1235 745 1307 ecclesiam
780 1236 1015 1326 pertinentes,
1050 1237 1242 1307 servientes
1277 1236 1312 1306 in
1349 1256 1392 1307 ea
1430 1237 1624 1309 ministerio
1661 1237 1717 1309 die
1744 1261 1786 1311 ac

234 1363 353 1447 nocte,
385 1357 421 1427 in
448 1377 517 1448 qua
542 1362 596 1429 est
622 1378 691 1427 una
715 1357 866 1428 taberna
892 1356 1025 1428 habeus
1052 1377 1156 1448 agros
1183 1356 1228 1429 ad
1254 1357 1522 1430 vicecustodiam
1550 1359 1784 1452 pertinenter,

235 1499 323 1570 quae
348 1498 414 1570 pro
441 1496 555 1550 annuo
583 1497 688 1551 censu
714 1478 820 1550 soluit
846 1497 950 1549 unam
975 1498 1137 1549 marcam.

338 1597 585 1691 Mnuroszm,
613 1598 698 1671 villa
723 1600 788 1672 sub
813 1599 982 1690 parochia
1008 1598 1173 1670 ecclesiae
1201 1598 1245 1670 ad
1267 1598 1301 1671 S.
1318 1599 1461 1672 Petrum
1487 1601 1523 1671 iu
1551 1600 1785 1673 Sandomi·

234 1721 308 1791 ria
334 1721 413 1811 sita,
440 1719 486 1791 ad
513 1694 784 1792 illustrissimum
801 1717 967 1792 Poloniae
986 1740 1103 1811 regem
1120 1720 1311 1811 pertinens,
1341 1720 1376 1793 in
1396 1742 1464 1812 qua
1486 1727 1567 1794 suut
1593 1726 1666 1793 tres
1693 1722 1784 1795 lanei

233 1841 468 1914 cmethonales
494 1860 538 1913 ex
564 1860 634 1915 una
667 1844 768 1932 parte
801 1839 982 1932 Vislae,
1016 1841 1099 1911 item
1135 1842 1211 1931 agri
1245 1841 1440 1932 praediales
1476 1843 1592 1914 curiae
1627 1843 1780 1934 regalis,

233 1982 342 2054 usque
370 1961 415 2035 ad
440 1963 613 2054 granicies
640 1947 756 2034 villae
769 1960 1026 2033 Rzeczicza
1051 1961 1217 2053 protensi,
1244 1960 1287 2033 de
1306 1962 1431 2054 quibus
1450 1963 1609 2035 omuibus
1635 1964 1783 2035 solvitur

234 2083 367 2156 decima
392 2083 620 2174 manipularis
647 2082 758 2154 eidem
784 2082 1039 2155 vicecustodiae
1065 2081 1340 2156 Sandomiriensi
1358 2089 1394 2155 et
1411 2104 1475 2175 per
1498 2085 1784 2156 cmethonesnon
1877 2092 1880 2097 ’

235 2205 381 2295 ducitur,
409 2203 472 2277 sed
498 2224 561 2295 per
587 2202 748 2295 proprios
767 2223 889 2276 currus
908 2203 1139 2276 vicecustodis
1157 2205 1192 2274 in
1211 2204 1374 2275 borreum
1392 2225 1414 2275 a
1431 2204 1651 2277 vicecustode
1668 2206 1785 2277 locan-

237 2326 327 2416 dum,
355 2331 392 2398 et
418 2325 518 2399 valor
544 2325 619 2397 eius
637 2326 841 2397 aestimatur
859 2324 903 2397 ad
922 2331 1069 2417 quatuor
1096 2323 1283 2416 aliquando
1303 2324 1346 2396 ad
1365 2345 1425 2396 sex
1445 2346 1589 2417 marcam
1617 2326 1784 2398 decimam

234 2446 357 2538 canapi
382 2466 452 2518 non
479 2444 628 2518 solmmt.

337 2566 653 2665 assummum
681 2566 807 2657 oppido
843 2565 940 2658 regio
967 2564 1240 2639 Sandomiriensi
1274 2555 1355 2657 agri
1386 2565 1545 2638 advocati
1572 2565 1784 2639 Sandomiri-

233 2689 346 2779 ensis,
382 2708 604 2780 progressum
639 2687 808 2760 habentes
835 2707 857 2758 a
882 2688 984 2759 vinea
1018 2686 1249 2759 vicecustodis
1276 2685 1567 2759 Saudomiriensis
1602 2688 1784 2778 usquead

232 2815 378 2890 stratam
405 2809 577 2901 publicam
604 2807 785 2882 ducentem
810 2809 848 2881 in
875 2806 1150 2900 Oppath0w3
1185 2809 1269 2879 item
1296 2827 1339 2903 ea
1367 2807 1525 2879 omnibus
1561 2809 1656 2899 agris
1683 2828 1784 2898 prae-

232 2931 382 3003 dialibus
408 2927 554 3003 senioris
581 2929 787 3022 Tylman,
822 2930 858 3002 in
886 2950 972 3021 quos
998 2928 1090 3001 illius
1117 2948 1200 3000 auus
1227 2926 1404 3001 iohannes
1431 2948 1495 3019 pro
1523 2929 1720 3020 medietate,
1746 2937 1783 3001 et

227 3051 362 3124 Hincza
401 3049 579 3124 aurifaber
624 3071 688 3149 pro
729 3051 843 3124 altera
882 3048 1070 3122 medietate
1117 3055 1380 3140 successerunt,
1430 3049 1580 3140 percipit
1615 3049 1783 3122 decimam

232 3172 483 3264 manipularem
509 3171 712 3262 moacustos,
740 3178 777 3242 et
793 3170 945 3262 propriis
972 3190 1048 3242 eam
1066 3189 1109 3241 ex
1128 3170 1270 3261 antiquo
1298 3169 1408 3241 abusu
1435 3170 1597 3242 conducit
1624 3172 1784 3244 curribus

231 3298 268 3367 et
292 3294 392 3365 valor
418 3293 622 3365 aestimatus
647 3293 723 3364 eius
749 3291 794 3364 ad
820 3291 907 3364 duas
932 3310 1078 3380 marcas,
1104 3290 1272 3363 decimam
1298 3293 1422 3381 canapi
1447 3291 1524 3382 agri
1547 3290 1696 3381 praefati
1713 3313 1782 3364 uon

232 3415 381 3488 solvumt.

337 3535 471 3627 ann,
498 3535 591 3607 circa
608 3532 771 3625 oppidum
789 3532 1069 3605 Saudomiriense
1095 3532 1189 3604 circa
1205 3531 1459 3622 coemeterium,
1478 3532 1551 3603 sive
1569 3532 1784 3622 sepulturam
1835 3593 1841 3608 .

232 3658 438 3731 Iudaeorum
453 3658 496 3729 ab
515 3677 593 3747 uua,
621 3661 657 3726 et
682 3654 773 3726 inter
800 3675 903 3746 agros
921 3653 1080 3725 advocati
1098 3651 1389 3724 Sandomlriensis
1407 3652 1484 3742 sita,
1503 3652 1597 3723 dicta
1614 3651 1783 3745 Kawya·

231 3799 292 3870 ry,
318 3778 363 3851 ad
389 3779 639 3869 proprietatem
666 3775 917 3848 vicecustodiae
943 3762 1131 3866 pertinens,
1158 3773 1269 3845 libera
1296 3794 1372 3844 curm
1399 3773 1472 3844 suis
1490 3772 1611 3844 incolis
1628 3773 1672 3845 ab
1692 3775 1785 3845 omni

233 3889 343 3990 dacia,
369 3898 489 3971 labore
515 3904 552 3970 et
576 3898 727 3988 tributo,
753 3901 825 3968 tam
851 3895 963 3988 regali
990 3915 1093 3987 quam
1120 3894 1230 3986 civili,
1258 3894 1438 3966 occasione
1466 3893 1563 3966 cuius
1591 3894 1789 3973 vicecustos

233 4019 412 4094 ecclesiam
439 4018 752 4093 Sandomiriensem
779 4019 818 4090 in
842 4019 922 4090 vino
950 4024 1090 4089 tenetur
1116 4015 1369 4088 administrare.

335 4143 425 4215 item
460 4140 579 4213 eadem
613 4138 847 4221 ,viceuustodia
880 4140 987 4211 habet
1012 4138 1151 4211 domum
1178 4143 1214 4209 et
1240 4157 1357 4209 aream
1385 4136 1551 4229 optimam
1578 4144 1782 4228 perpetuam

236 4282 340 4336 areae
367 4263 521 4335 custodis
548 4268 584 4334 et
609 4259 829 4352 praebendae
855 4259 1119 4352 Radoszyczska
1144 4258 1394 4331 intermediam.

336 4384 425 4456 item
460 4383 619 4475 praelata
653 4382 889 4455 vicecustodia
923 4387 1044 4455 taxata
1080 4386 1135 4454 est
1168 4381 1213 4453 ad
1249 4378 1336 4453 duas
1370 4400 1506 4452 marcas
1540 4378 1638 4451 iuxta
1669 4378 1784 4450 omnia

233 4511 400 4597 regestra.

723 4870 869 4954 llliare
901 4866 1044 4952 Sancil
1080 4870 1302 4952 Laurentii.
1350 4978 1358 4985 ι

336 5113 460 5186 Altare
495 5112 528 5185 S.
555 5112 736 5185 Laurentii
771 5112 808 5184 in
843 5112 989 5185 ecclesia
1023 5108 1296 5198 Sandomiriensi
1322 5109 1445 5199 situm,
1471 5105 1579 5178 habet
1598 5105 1782 5197 propriam

190 5299 192 5303 .
233 5235 399 5327 capellam
426 5234 621 5326 contiguam
648 5235 755 5306 choro
782 5252 805 5305 a
829 5239 930 5325 parte
951 5232 1183 5323 meridionali,
1212 5250 1300 5321 quae
1327 5230 1396 5323 iam
1422 5229 1459 5300 iu
1486 5232 1613 5300 sortem
1631 5226 1782 5300 mansio·

232 5356 409 5443 pariorum
426 5356 598 5437 translatu
615 5361 677 5452 est,
696 5356 774 5455 quis
791 5360 908 5432 autem
926 5353 1047 5429 altaris
1065 5351 1261 5428 hmusmodi
1278 5350 1385 5427 fuerit
1401 5349 1566 5427 andater
1583 5353 1619 5426 et
1631 5346 1781 5443 dotator,
