<?xml version="1.0" encoding="UTF-8"?>
<!DOCTYPE html PUBLIC "-//W3C//DTD XHTML 1.0 Transitional//EN"
    "http://www.w3.org/TR/xhtml1/DTD/xhtml1-transitional.dtd">
<html xmlns="http://www.w3.org/1999/xhtml" xml:lang="en" lang="en">
 <head>
  <title>
</title>
<meta http-equiv="Content-Type" content="text/html;charset=utf-8" />
  <meta name='ocr-system' content='tesseract 3.04.00' />
  <meta name='ocr-capabilities' content='ocr_page ocr_carea ocr_par ocr_line ocrx_word'/>
</head>
<body>
  <div class='ocr_page' id='page_1' title='image "./joannisdugoszse00dugoog_0117.png"; bbox 0 0 4080 6068; ppageno 0'>
   <div class='ocr_carea' id='block_1_1' title="bbox 395 421 443 489">
    <p class='ocr_par' dir='ltr' id='par_1_1' title="bbox 395 421 443 489">
     <span class='ocr_line' id='line_1_1' title="bbox 395 421 443 489; baseline -0.042 0"><span class='ocrx_word' id='word_1_1' title='bbox 395 421 443 489; x_wconf 78' lang='lat' dir='ltr'>oo</span> 
     </span>
    </p>
   </div>
   <div class='ocr_carea' id='block_1_2' title="bbox 294 618 2025 4935">
    <p class='ocr_par' dir='ltr' id='par_1_2' title="bbox 300 618 1955 2160">
     <span class='ocr_line' id='line_1_2' title="bbox 394 618 1949 716; baseline -0.003 -19"><span class='ocrx_word' id='word_1_2' title='bbox 394 646 458 716; x_wconf 92' lang='lat' dir='ltr'>pro</span> <span class='ocrx_word' id='word_1_3' title='bbox 485 645 589 696; x_wconf 90' lang='lat' dir='ltr'>censu</span> <span class='ocrx_word' id='word_1_4' title='bbox 616 622 784 713; x_wconf 88' lang='lat' dir='ltr'>provenit,</span> <span class='ocrx_word' id='word_1_5' title='bbox 811 618 895 692; x_wconf 92' lang='lat' dir='ltr'>facit</span> <span class='ocrx_word' id='word_1_6' title='bbox 922 621 1038 692; x_wconf 90' lang='lat' dir='ltr'>decem</span> <span class='ocrx_word' id='word_1_7' title='bbox 1057 640 1201 711; x_wconf 81' lang='lat' dir='ltr'>rurarcas,</span> <span class='ocrx_word' id='word_1_8' title='bbox 1227 626 1301 693; x_wconf 88' lang='lat' dir='ltr'>tres</span> <span class='ocrx_word' id='word_1_9' title='bbox 1318 618 1482 711; x_wconf 87' lang='lat' dir='ltr'>fertones,</span> <span class='ocrx_word' id='word_1_10' title='bbox 1509 624 1641 713; x_wconf 79' lang='lat' dir='ltr'>septem</span> <span class='ocrx_word' id='word_1_11' title='bbox 1659 638 1809 712; x_wconf 84' lang='lat' dir='ltr'>grossos,</span> <span class='ocrx_word' id='word_1_12' title='bbox 1834 640 1949 693; x_wconf 86' lang='lat' dir='ltr'>unum</span> 
     </span>
     <span class='ocr_line' id='line_1_3' title="bbox 394 741 1950 836; baseline -0.001 -19"><span class='ocrx_word' id='word_1_13' title='bbox 394 743 639 836; x_wconf 80' lang='lat' dir='ltr'>quadrantem,</span> <span class='ocrx_word' id='word_1_14' title='bbox 675 764 778 833; x_wconf 92' lang='lat' dir='ltr'>quam</span> <span class='ocrx_word' id='word_1_15' title='bbox 813 749 928 814; x_wconf 90' lang='lat' dir='ltr'>custos</span> <span class='ocrx_word' id='word_1_16' title='bbox 965 743 1109 832; x_wconf 85' lang='lat' dir='ltr'>singulis</span> <span class='ocrx_word' id='word_1_17' title='bbox 1146 743 1245 813; x_wconf 89' lang='lat' dir='ltr'>annis</span> <span class='ocrx_word' id='word_1_18' title='bbox 1273 741 1513 814; x_wconf 82' lang='lat' dir='ltr'>Oracoviensis</span> <span class='ocrx_word' id='word_1_19' title='bbox 1548 742 1727 833; x_wconf 78' lang='lat' dir='ltr'>percipere</span> <span class='ocrx_word' id='word_1_20' title='bbox 1753 742 1950 815; x_wconf 74' lang='lat' dir='ltr'>conaverit</span> 
     </span>
     <span class='ocr_line' id='line_1_4' title="bbox 392 863 1948 954; baseline -0.001 -19"><span class='ocrx_word' id='word_1_21' title='bbox 392 866 479 939; x_wconf 83' lang='lat' dir='ltr'>Item</span> <span class='ocrx_word' id='word_1_22' title='bbox 499 887 566 937; x_wconf 92' lang='lat' dir='ltr'>nou</span> <span class='ocrx_word' id='word_1_23' title='bbox 586 872 639 935; x_wconf 89' lang='lat' dir='ltr'>est</span> <span class='ocrx_word' id='word_1_24' title='bbox 658 865 692 934; x_wconf 94' lang='lat' dir='ltr'>in</span> <span class='ocrx_word' id='word_1_25' title='bbox 711 864 796 935; x_wconf 84' lang='lat' dir='ltr'>villa</span> <span class='ocrx_word' id='word_1_26' title='bbox 822 863 1001 954; x_wconf 88' lang='lat' dir='ltr'>praedicta</span> <span class='ocrx_word' id='word_1_27' title='bbox 1028 863 1168 954; x_wconf 80' lang='lat' dir='ltr'>aliquod</span> <span class='ocrx_word' id='word_1_28' title='bbox 1187 863 1375 952; x_wconf 86' lang='lat' dir='ltr'>praedium,</span> <span class='ocrx_word' id='word_1_29' title='bbox 1402 884 1514 952; x_wconf 91' lang='lat' dir='ltr'>neque</span> <span class='ocrx_word' id='word_1_30' title='bbox 1540 864 1696 952; x_wconf 84' lang='lat' dir='ltr'>taberna,</span> <span class='ocrx_word' id='word_1_31' title='bbox 1723 878 1834 954; x_wconf 89' lang='lat' dir='ltr'>neque</span> <span class='ocrx_word' id='word_1_32' title='bbox 1857 863 1948 934; x_wconf 79' lang='lat' dir='ltr'>boi·-</span> 
     </span>
     <span class='ocr_line' id='line_1_5' title="bbox 390 983 1946 1076; baseline -0.001 -20"><span class='ocrx_word' id='word_1_33' title='bbox 390 987 541 1076; x_wconf 89' lang='lat' dir='ltr'>tulania,</span> <span class='ocrx_word' id='word_1_34' title='bbox 578 990 696 1075; x_wconf 91' lang='lat' dir='ltr'>posset</span> <span class='ocrx_word' id='word_1_35' title='bbox 732 989 849 1055; x_wconf 91' lang='lat' dir='ltr'>tamen</span> <span class='ocrx_word' id='word_1_36' title='bbox 877 984 1056 1073; x_wconf 88' lang='lat' dir='ltr'>praedium</span> <span class='ocrx_word' id='word_1_37' title='bbox 1084 984 1281 1055; x_wconf 89' lang='lat' dir='ltr'>sanctuario</span> <span class='ocrx_word' id='word_1_38' title='bbox 1314 983 1428 1074; x_wconf 92' lang='lat' dir='ltr'>aliquo</span> <span class='ocrx_word' id='word_1_39' title='bbox 1457 983 1615 1073; x_wconf 89' lang='lat' dir='ltr'>deposito</span> <span class='ocrx_word' id='word_1_40' title='bbox 1642 983 1812 1073; x_wconf 92' lang='lat' dir='ltr'>ordinari,</span> <span class='ocrx_word' id='word_1_41' title='bbox 1855 984 1946 1054; x_wconf 86' lang='lat' dir='ltr'>item</span> 
     </span>
     <span class='ocr_line' id='line_1_6' title="bbox 392 1103 1947 1194; baseline -0.001 -18"><span class='ocrx_word' id='word_1_42' title='bbox 392 1106 581 1177; x_wconf 81' lang='lat' dir='ltr'>sanctuarii</span> <span class='ocrx_word' id='word_1_43' title='bbox 600 1112 635 1175; x_wconf 92' lang='lat' dir='ltr'>et</span> <span class='ocrx_word' id='word_1_44' title='bbox 654 1104 787 1175; x_wconf 90' lang='lat' dir='ltr'>incolae</span> <span class='ocrx_word' id='word_1_45' title='bbox 814 1104 917 1175; x_wconf 86' lang='lat' dir='ltr'>uillae</span> <span class='ocrx_word' id='word_1_46' title='bbox 945 1104 1123 1194; x_wconf 85' lang='lat' dir='ltr'>praefatae</span> <span class='ocrx_word' id='word_1_47' title='bbox 1141 1125 1209 1175; x_wconf 92' lang='lat' dir='ltr'>non</span> <span class='ocrx_word' id='word_1_48' title='bbox 1229 1104 1360 1175; x_wconf 89' lang='lat' dir='ltr'>faciunt</span> <span class='ocrx_word' id='word_1_49' title='bbox 1387 1104 1521 1194; x_wconf 90' lang='lat' dir='ltr'>aliquos</span> <span class='ocrx_word' id='word_1_50' title='bbox 1548 1104 1685 1176; x_wconf 89' lang='lat' dir='ltr'>labores</span> <span class='ocrx_word' id='word_1_51' title='bbox 1702 1124 1766 1194; x_wconf 95' lang='lat' dir='ltr'>pro</span> <span class='ocrx_word' id='word_1_52' title='bbox 1789 1103 1947 1193; x_wconf 87' lang='lat' dir='ltr'>custode,</span> 
     </span>
     <span class='ocr_line' id='line_1_7' title="bbox 391 1223 1946 1316; baseline -0.001 -19"><span class='ocrx_word' id='word_1_53' title='bbox 391 1249 501 1316; x_wconf 90' lang='lat' dir='ltr'>neque</span> <span class='ocrx_word' id='word_1_54' title='bbox 529 1227 614 1297; x_wconf 90' lang='lat' dir='ltr'>daut</span> <span class='ocrx_word' id='word_1_55' title='bbox 641 1246 793 1314; x_wconf 88' lang='lat' dir='ltr'>avenam,</span> <span class='ocrx_word' id='word_1_56' title='bbox 823 1246 933 1315; x_wconf 93' lang='lat' dir='ltr'>neque</span> <span class='ocrx_word' id='word_1_57' title='bbox 961 1246 1089 1314; x_wconf 88' lang='lat' dir='ltr'>caseos,</span> <span class='ocrx_word' id='word_1_58' title='bbox 1116 1245 1227 1315; x_wconf 92' lang='lat' dir='ltr'>neque</span> <span class='ocrx_word' id='word_1_59' title='bbox 1245 1225 1366 1315; x_wconf 84' lang='lat' dir='ltr'>gallos,</span> <span class='ocrx_word' id='word_1_60' title='bbox 1393 1245 1505 1314; x_wconf 91' lang='lat' dir='ltr'>neque</span> <span class='ocrx_word' id='word_1_61' title='bbox 1524 1246 1599 1296; x_wconf 89' lang='grc'><strong>011.</strong></span> <span class='ocrx_word' id='word_1_62' title='bbox 1626 1225 1714 1296; x_wconf 84' lang='lat' dir='ltr'>Item</span> <span class='ocrx_word' id='word_1_63' title='bbox 1740 1223 1946 1295; x_wconf 88' lang='lat' dir='ltr'>haereditas</span> 
     </span>
     <span class='ocr_line' id='line_1_8' title="bbox 392 1344 1945 1438; baseline 0 -21"><span class='ocrx_word' id='word_1_64' title='bbox 392 1346 550 1438; x_wconf 87' lang='lat' dir='ltr'>praefata</span> <span class='ocrx_word' id='word_1_65' title='bbox 577 1368 646 1417; x_wconf 93' lang='lat' dir='ltr'>nou</span> <span class='ocrx_word' id='word_1_66' title='bbox 673 1344 780 1417; x_wconf 88' lang='lat' dir='ltr'>habet</span> <span class='ocrx_word' id='word_1_67' title='bbox 807 1346 969 1435; x_wconf 80' lang='lat' dir='ltr'>uirgulta,</span> <span class='ocrx_word' id='word_1_68' title='bbox 996 1366 1107 1436; x_wconf 91' lang='lat' dir='ltr'>neque</span> <span class='ocrx_word' id='word_1_69' title='bbox 1133 1345 1376 1434; x_wconf 85' lang='lat' dir='ltr'>molendinum,</span> <span class='ocrx_word' id='word_1_70' title='bbox 1404 1366 1515 1435; x_wconf 90' lang='lat' dir='ltr'>neque</span> <span class='ocrx_word' id='word_1_71' title='bbox 1542 1347 1578 1416; x_wconf 92' lang='lat' dir='ltr'>iu</span> <span class='ocrx_word' id='word_1_72' title='bbox 1604 1345 1689 1416; x_wconf 81' lang='lat' dir='ltr'>villa</span> <span class='ocrx_word' id='word_1_73' title='bbox 1715 1345 1864 1435; x_wconf 85' lang='lat' dir='ltr'>aliquem</span> <span class='ocrx_word' id='word_1_74' title='bbox 1883 1365 1945 1417; x_wconf 93' lang='lat' dir='ltr'>co·</span> 
     </span>
     <span class='ocr_line' id='line_1_9' title="bbox 390 1465 1942 1569; baseline -0.001 -31"><span class='ocrx_word' id='word_1_75' title='bbox 390 1468 584 1569; x_wconf 81' lang='lat' dir='ltr'>haeredem.</span> <span class='ocrx_word' id='word_1_76' title='bbox 612 1467 699 1537; x_wconf 93' lang='lat' dir='ltr'>Item</span> <span class='ocrx_word' id='word_1_77' title='bbox 728 1466 860 1537; x_wconf 84' lang='lat' dir='ltr'>incolae</span> <span class='ocrx_word' id='word_1_78' title='bbox 888 1474 924 1538; x_wconf 92' lang='lat' dir='ltr'>et</span> <span class='ocrx_word' id='word_1_79' title='bbox 951 1467 1140 1537; x_wconf 88' lang='lat' dir='ltr'>sanctuarii</span> <span class='ocrx_word' id='word_1_80' title='bbox 1159 1466 1262 1537; x_wconf 88' lang='lat' dir='ltr'>uillae</span> <span class='ocrx_word' id='word_1_81' title='bbox 1285 1466 1464 1556; x_wconf 90' lang='lat' dir='ltr'>praefatae</span> <span class='ocrx_word' id='word_1_82' title='bbox 1492 1466 1535 1536; x_wconf 89' lang='lat' dir='ltr'>de</span> <span class='ocrx_word' id='word_1_83' title='bbox 1553 1466 1706 1556; x_wconf 86' lang='lat' dir='ltr'>antiquis</span> <span class='ocrx_word' id='word_1_84' title='bbox 1733 1465 1827 1556; x_wconf 84' lang='lat' dir='ltr'>agris</span> <span class='ocrx_word' id='word_1_85' title='bbox 1853 1465 1942 1537; x_wconf 91' lang='lat' dir='ltr'>nulli</span> 
     </span>
     <span class='ocr_line' id='line_1_10' title="bbox 391 1568 1955 1678; baseline -0.001 -19"><span class='ocrx_word' id='word_1_86' title='bbox 391 1588 573 1677; x_wconf 85' lang='lat' dir='ltr'>decimant,</span> <span class='ocrx_word' id='word_1_87' title='bbox 604 1587 664 1657; x_wconf 89' lang='lat' dir='ltr'>sed</span> <span class='ocrx_word' id='word_1_88' title='bbox 692 1588 840 1677; x_wconf 89' lang='lat' dir='ltr'>quilibet</span> <span class='ocrx_word' id='word_1_89' title='bbox 867 1587 909 1658; x_wconf 91' lang='lat' dir='ltr'>de</span> <span class='ocrx_word' id='word_1_90' title='bbox 937 1608 1021 1677; x_wconf 81' lang='lat' dir='ltr'>agro</span> <span class='ocrx_word' id='word_1_91' title='bbox 1049 1608 1111 1659; x_wconf 92' lang='lat' dir='ltr'>suo</span> <span class='ocrx_word' id='word_1_92' title='bbox 1140 1587 1306 1658; x_wconf 87' lang='lat' dir='ltr'>decimam</span> <span class='ocrx_word' id='word_1_93' title='bbox 1334 1587 1482 1678; x_wconf 92' lang='lat' dir='ltr'>percipit</span> <span class='ocrx_word' id='word_1_94' title='bbox 1501 1593 1536 1657; x_wconf 90' lang='lat' dir='ltr'>et</span> <span class='ocrx_word' id='word_1_95' title='bbox 1553 1586 1655 1677; x_wconf 88' lang='lat' dir='ltr'>tollit,</span> <span class='ocrx_word' id='word_1_96' title='bbox 1683 1568 1955 1678; x_wconf 67' lang='grc' dir='ltr'><strong>10111111οτ1</strong></span> 
     </span>
     <span class='ocr_line' id='line_1_11' title="bbox 393 1705 1944 1799; baseline 0 -20"><span class='ocrx_word' id='word_1_97' title='bbox 393 1709 565 1798; x_wconf 93' lang='lat' dir='ltr'>aliquibus</span> <span class='ocrx_word' id='word_1_98' title='bbox 575 1707 721 1779; x_wconf 86' lang='lat' dir='ltr'>soluitur</span> <span class='ocrx_word' id='word_1_99' title='bbox 732 1706 864 1779; x_wconf 91' lang='lat' dir='ltr'>decima</span> <span class='ocrx_word' id='word_1_100' title='bbox 873 1708 1098 1799; x_wconf 88' lang='lat' dir='ltr'>manipularis</span> <span class='ocrx_word' id='word_1_101' title='bbox 1107 1708 1325 1798; x_wconf 90' lang='lat' dir='ltr'>praebendae</span> <span class='ocrx_word' id='word_1_102' title='bbox 1334 1707 1564 1798; x_wconf 85' lang='lat' dir='ltr'>GracovIensi,</span> <span class='ocrx_word' id='word_1_103' title='bbox 1574 1728 1662 1798; x_wconf 91' lang='lat' dir='ltr'>quae</span> <span class='ocrx_word' id='word_1_104' title='bbox 1672 1705 1944 1779; x_wconf 80' lang='lat' dir='ltr'>Gzechowslra</span> 
     </span>
     <span class='ocr_line' id='line_1_12' title="bbox 390 1826 1942 1920; baseline -0.001 -20"><span class='ocrx_word' id='word_1_105' title='bbox 390 1829 594 1920; x_wconf 87' lang='lat' dir='ltr'>appellatur,</span> <span class='ocrx_word' id='word_1_106' title='bbox 622 1834 658 1899; x_wconf 92' lang='grc'>01</span> <span class='ocrx_word' id='word_1_107' title='bbox 685 1829 780 1900; x_wconf 90' lang='lat' dir='ltr'>euius</span> <span class='ocrx_word' id='word_1_108' title='bbox 804 1828 903 1900; x_wconf 84' lang='lat' dir='ltr'>valor</span> <span class='ocrx_word' id='word_1_109' title='bbox 930 1830 1135 1900; x_wconf 90' lang='lat' dir='ltr'>aestimatur</span> <span class='ocrx_word' id='word_1_110' title='bbox 1161 1828 1206 1899; x_wconf 91' lang='lat' dir='ltr'>ad</span> <span class='ocrx_word' id='word_1_111' title='bbox 1225 1828 1375 1920; x_wconf 92' lang='lat' dir='ltr'>quinque</span> <span class='ocrx_word' id='word_1_112' title='bbox 1402 1848 1546 1899; x_wconf 89' lang='lat' dir='ltr'>marcas.</span> <span class='ocrx_word' id='word_1_113' title='bbox 1573 1829 1661 1899; x_wconf 86' lang='lat' dir='ltr'>Item</span> <span class='ocrx_word' id='word_1_114' title='bbox 1679 1827 1763 1899; x_wconf 84' lang='lat' dir='ltr'>villa</span> <span class='ocrx_word' id='word_1_115' title='bbox 1781 1826 1942 1918; x_wconf 82' lang='lat' dir='ltr'>praefate</span> 
     </span>
     <span class='ocr_line' id='line_1_13' title="bbox 300 1938 1941 2039; baseline -0.001 -19"><span class='ocrx_word' id='word_1_116' title='bbox 300 1938 307 1945; x_wconf 63' lang='grc'><strong>’</strong></span> <span class='ocrx_word' id='word_1_117' title='bbox 390 1949 540 2020; x_wconf 86' lang='lat' dir='ltr'>confimat</span> <span class='ocrx_word' id='word_1_118' title='bbox 559 1969 636 2019; x_wconf 92' lang='lat' dir='ltr'>cum</span> <span class='ocrx_word' id='word_1_119' title='bbox 654 1948 746 2019; x_wconf 78' lang='lat' dir='ltr'>uillis</span> <span class='ocrx_word' id='word_1_120' title='bbox 774 1948 995 2039; x_wconf 82' lang='lat' dir='ltr'>Ozerzow,</span> <span class='ocrx_word' id='word_1_121' title='bbox 1022 1948 1318 2038; x_wconf 88' lang='lat' dir='ltr'>Sborczicze,</span> <span class='ocrx_word' id='word_1_122' title='bbox 1346 1948 1713 2039; x_wconf 82' lang='lat' dir='ltr'>Wythlrowicze,</span> <span class='ocrx_word' id='word_1_123' title='bbox 1739 1946 1941 2018; x_wconf 86' lang='lat' dir='ltr'>Brzesze</span> 
     </span>
     <span class='ocr_line' id='line_1_14' title="bbox 389 2069 896 2160; baseline -0.004 -20"><span class='ocrx_word' id='word_1_124' title='bbox 389 2076 425 2140; x_wconf 92' lang='lat' dir='ltr'>et</span> <span class='ocrx_word' id='word_1_125' title='bbox 451 2069 896 2160; x_wconf 81' lang='grc' dir='ltr'><strong>Κ1110101011011.</strong></span> 
     </span>
    </p>

    <p class='ocr_par' dir='ltr' id='par_1_3' title="bbox 294 2186 2025 4935">
     <span class='ocr_line' id='line_1_15' title="bbox 492 2186 1938 2277; baseline -0.002 -17"><span class='ocrx_word' id='word_1_126' title='bbox 492 2188 749 2277; x_wconf 82' lang='grc'><strong>8011111111,</strong></span> <span class='ocrx_word' id='word_1_127' title='bbox 778 2187 928 2260; x_wconf 91' lang='lat' dir='ltr'>secunda</span> <span class='ocrx_word' id='word_1_128' title='bbox 953 2188 1037 2258; x_wconf 86' lang='lat' dir='ltr'>villa</span> <span class='ocrx_word' id='word_1_129' title='bbox 1064 2187 1109 2258; x_wconf 92' lang='lat' dir='ltr'>ad</span> <span class='ocrx_word' id='word_1_130' title='bbox 1136 2188 1328 2258; x_wconf 88' lang='lat' dir='ltr'>custodiam</span> <span class='ocrx_word' id='word_1_131' title='bbox 1355 2186 1618 2259; x_wconf 85' lang='lat' dir='ltr'>Gracouieusem</span> <span class='ocrx_word' id='word_1_132' title='bbox 1645 2187 1836 2276; x_wconf 92' lang='lat' dir='ltr'>pertinens,</span> <span class='ocrx_word' id='word_1_133' title='bbox 1872 2186 1938 2258; x_wconf 90' lang='lat' dir='ltr'>sub</span> 
     </span>
     <span class='ocr_line' id='line_1_16' title="bbox 388 2308 1933 2400; baseline -0.001 -19"><span class='ocrx_word' id='word_1_134' title='bbox 388 2310 554 2400; x_wconf 91' lang='lat' dir='ltr'>parocbia</span> <span class='ocrx_word' id='word_1_135' title='bbox 581 2310 745 2380; x_wconf 90' lang='lat' dir='ltr'>ecclesiae</span> <span class='ocrx_word' id='word_1_136' title='bbox 774 2308 816 2378; x_wconf 78' lang='lat' dir='ltr'>(le</span> <span class='ocrx_word' id='word_1_137' title='bbox 852 2309 1053 2379; x_wconf 85' lang='lat' dir='ltr'>Brzesze</span> <span class='ocrx_word' id='word_1_138' title='bbox 1080 2308 1157 2380; x_wconf 90' lang='lat' dir='ltr'>sita.</span> <span class='ocrx_word' id='word_1_139' title='bbox 1202 2309 1242 2379; x_wconf 89' lang='lat' dir='ltr'>Iu</span> <span class='ocrx_word' id='word_1_140' title='bbox 1271 2329 1339 2398; x_wconf 91' lang='lat' dir='ltr'>qua</span> <span class='ocrx_word' id='word_1_141' title='bbox 1365 2314 1448 2379; x_wconf 91' lang='lat' dir='ltr'>sunt</span> <span class='ocrx_word' id='word_1_142' title='bbox 1474 2308 1591 2379; x_wconf 88' lang='lat' dir='ltr'>decem</span> <span class='ocrx_word' id='word_1_143' title='bbox 1619 2313 1655 2379; x_wconf 90' lang='lat' dir='ltr'>et</span> <span class='ocrx_word' id='word_1_144' title='bbox 1682 2314 1815 2397; x_wconf 85' lang='lat' dir='ltr'>septem</span> <span class='ocrx_word' id='word_1_145' title='bbox 1841 2326 1933 2379; x_wconf 89' lang='lat' dir='ltr'>cure-</span> 
     </span>
     <span class='ocr_line' id='line_1_17' title="bbox 395 2428 1941 2518; baseline -0.002 -17"><span class='ocrx_word' id='word_1_146' title='bbox 395 2431 519 2501; x_wconf 90' lang='lat' dir='ltr'>thones</span> <span class='ocrx_word' id='word_1_147' title='bbox 546 2430 677 2500; x_wconf 90' lang='lat' dir='ltr'>incluso</span> <span class='ocrx_word' id='word_1_148' title='bbox 705 2428 939 2518; x_wconf 89' lang='lat' dir='ltr'>tabernatore‚</span> <span class='ocrx_word' id='word_1_149' title='bbox 966 2433 1002 2500; x_wconf 88' lang='lat' dir='ltr'>et</span> <span class='ocrx_word' id='word_1_150' title='bbox 1028 2429 1174 2500; x_wconf 86' lang='lat' dir='ltr'>totidem</span> <span class='ocrx_word' id='word_1_151' title='bbox 1201 2428 1410 2518; x_wconf 86' lang='lat' dir='ltr'>habitacula,</span> <span class='ocrx_word' id='word_1_152' title='bbox 1437 2434 1473 2499; x_wconf 91' lang='grc'>01</span> <span class='ocrx_word' id='word_1_153' title='bbox 1509 2447 1626 2500; x_wconf 90' lang='lat' dir='ltr'>omnes</span> <span class='ocrx_word' id='word_1_154' title='bbox 1660 2429 1792 2500; x_wconf 89' lang='lat' dir='ltr'>habent</span> <span class='ocrx_word' id='word_1_155' title='bbox 1818 2448 1941 2518; x_wconf 81' lang='lat' dir='ltr'>agros,</span> 
     </span>
     <span class='ocr_line' id='line_1_18' title="bbox 387 2548 1939 2640; baseline -0.001 -20"><span class='ocrx_word' id='word_1_156' title='bbox 387 2573 455 2622; x_wconf 92' lang='lat' dir='ltr'>uon</span> <span class='ocrx_word' id='word_1_157' title='bbox 482 2550 650 2621; x_wconf 92' lang='lat' dir='ltr'>limitatos</span> <span class='ocrx_word' id='word_1_158' title='bbox 678 2551 713 2619; x_wconf 92' lang='lat' dir='ltr'>in</span> <span class='ocrx_word' id='word_1_159' title='bbox 739 2549 867 2638; x_wconf 89' lang='lat' dir='ltr'>laneos,</span> <span class='ocrx_word' id='word_1_160' title='bbox 896 2549 957 2619; x_wconf 89' lang='lat' dir='ltr'>sed</span> <span class='ocrx_word' id='word_1_161' title='bbox 976 2550 1011 2618; x_wconf 90' lang='lat' dir='ltr'>iu</span> <span class='ocrx_word' id='word_1_162' title='bbox 1029 2551 1144 2638; x_wconf 90' lang='lat' dir='ltr'>pecies</span> <span class='ocrx_word' id='word_1_163' title='bbox 1172 2549 1364 2639; x_wconf 70' lang='lat' dir='ltr'>distinctos</span> <span class='ocrx_word' id='word_1_164' title='bbox 1392 2571 1537 2640; x_wconf 90' lang='lat' dir='ltr'>quarum</span> <span class='ocrx_word' id='word_1_165' title='bbox 1564 2549 1700 2640; x_wconf 88' lang='lat' dir='ltr'>aliquae</span> <span class='ocrx_word' id='word_1_166' title='bbox 1719 2554 1801 2619; x_wconf 90' lang='lat' dir='ltr'>sunt</span> <span class='ocrx_word' id='word_1_167' title='bbox 1826 2548 1939 2620; x_wconf 90' lang='lat' dir='ltr'>mino-</span> 
     </span>
     <span class='ocr_line' id='line_1_19' title="bbox 388 2668 1935 2761; baseline -0.002 -20"><span class='ocrx_word' id='word_1_168' title='bbox 388 2693 462 2760; x_wconf 87' lang='lat' dir='ltr'>res,</span> <span class='ocrx_word' id='word_1_169' title='bbox 499 2670 633 2761; x_wconf 90' lang='lat' dir='ltr'>aliquae</span> <span class='ocrx_word' id='word_1_170' title='bbox 661 2669 826 2758; x_wconf 85' lang='lat' dir='ltr'>maiores,</span> <span class='ocrx_word' id='word_1_171' title='bbox 863 2669 1613 2761; x_wconf 79' lang='grc'><strong>10011111(110101110101011111110101,</strong></span> <span class='ocrx_word' id='word_1_172' title='bbox 1650 2668 1789 2740; x_wconf 89' lang='lat' dir='ltr'>solvunt</span> <span class='ocrx_word' id='word_1_173' title='bbox 1819 2673 1935 2740; x_wconf 89' lang='lat' dir='ltr'>autem</span> 
     </span>
     <span class='ocr_line' id='line_1_20' title="bbox 388 2772 1937 2881; baseline 0 -20"><span class='ocrx_word' id='word_1_174' title='bbox 388 2790 537 2881; x_wconf 89' lang='lat' dir='ltr'>praefati</span> <span class='ocrx_word' id='word_1_175' title='bbox 569 2790 767 2861; x_wconf 89' lang='lat' dir='ltr'>emethones</span> <span class='ocrx_word' id='word_1_176' title='bbox 803 2809 867 2878; x_wconf 89' lang='lat' dir='ltr'>pro</span> <span class='ocrx_word' id='word_1_177' title='bbox 895 2809 1000 2860; x_wconf 88' lang='lat' dir='ltr'>ceusu</span> <span class='ocrx_word' id='word_1_178' title='bbox 1036 2811 1149 2862; x_wconf 91' lang='lat' dir='ltr'>annuo</span> <span class='ocrx_word' id='word_1_179' title='bbox 1187 2790 1365 2862; x_wconf 89' lang='lat' dir='ltr'>custodiae</span> <span class='ocrx_word' id='word_1_180' title='bbox 1392 2789 1614 2861; x_wconf 85' lang='lat' dir='ltr'>Oracouiensi</span> <span class='ocrx_word' id='word_1_181' title='bbox 1649 2789 1767 2860; x_wconf 91' lang='lat' dir='ltr'>decem</span> <span class='ocrx_word' id='word_1_182' title='bbox 1793 2772 1937 2861; x_wconf 62' lang='lat' dir='ltr'>&#39;marcas</span> 
     </span>
     <span class='ocr_line' id='line_1_21' title="bbox 390 2909 1935 3001; baseline -0.002 -20"><span class='ocrx_word' id='word_1_183' title='bbox 390 2933 466 2982; x_wconf 88' lang='lat' dir='ltr'>cum</span> <span class='ocrx_word' id='word_1_184' title='bbox 493 2910 622 3000; x_wconf 91' lang='lat' dir='ltr'>media,</span> <span class='ocrx_word' id='word_1_185' title='bbox 658 2917 798 3001; x_wconf 91' lang='lat' dir='ltr'>praeter</span> <span class='ocrx_word' id='word_1_186' title='bbox 833 2910 1031 3001; x_wconf 85' lang='lat' dir='ltr'>tabernam,</span> <span class='ocrx_word' id='word_1_187' title='bbox 1068 2930 1156 3001; x_wconf 91' lang='lat' dir='ltr'>quae</span> <span class='ocrx_word' id='word_1_188' title='bbox 1183 2931 1288 2982; x_wconf 91' lang='lat' dir='ltr'>unum</span> <span class='ocrx_word' id='word_1_189' title='bbox 1325 2909 1561 2982; x_wconf 90' lang='lat' dir='ltr'>tantummodo</span> <span class='ocrx_word' id='word_1_190' title='bbox 1589 2910 1731 2981; x_wconf 90' lang='lat' dir='ltr'>hortum</span> <span class='ocrx_word' id='word_1_191' title='bbox 1759 2916 1795 2981; x_wconf 92' lang='lat' dir='ltr'>et</span> <span class='ocrx_word' id='word_1_192' title='bbox 1821 2909 1935 2981; x_wconf 87' lang='lat' dir='ltr'>nullos</span> 
     </span>
     <span class='ocr_line' id='line_1_22' title="bbox 390 3031 1935 3121; baseline -0.001 -19"><span class='ocrx_word' id='word_1_193' title='bbox 390 3053 493 3121; x_wconf 81' lang='lat' dir='ltr'>agros</span> <span class='ocrx_word' id='word_1_194' title='bbox 521 3032 661 3120; x_wconf 84' lang='lat' dir='ltr'>habena,</span> <span class='ocrx_word' id='word_1_195' title='bbox 690 3031 793 3101; x_wconf 83' lang='lat' dir='ltr'>solvit</span> <span class='ocrx_word' id='word_1_196' title='bbox 820 3031 1044 3120; x_wconf 87' lang='lat' dir='ltr'>singulariter</span> <span class='ocrx_word' id='word_1_197' title='bbox 1071 3053 1175 3102; x_wconf 88' lang='lat' dir='ltr'>uuam</span> <span class='ocrx_word' id='word_1_198' title='bbox 1201 3053 1352 3102; x_wconf 89' lang='lat' dir='ltr'>marcam</span> <span class='ocrx_word' id='word_1_199' title='bbox 1384 3031 1561 3103; x_wconf 88' lang='lat' dir='ltr'>custodiae</span> <span class='ocrx_word' id='word_1_200' title='bbox 1588 3052 1652 3120; x_wconf 95' lang='lat' dir='ltr'>pro</span> <span class='ocrx_word' id='word_1_201' title='bbox 1681 3051 1795 3102; x_wconf 89' lang='lat' dir='ltr'>annuo</span> <span class='ocrx_word' id='word_1_202' title='bbox 1822 3049 1935 3121; x_wconf 79' lang='lat' dir='ltr'>censui,</span> 
     </span>
     <span class='ocr_line' id='line_1_23' title="bbox 388 3149 1935 3245; baseline -0.001 -24"><span class='ocrx_word' id='word_1_203' title='bbox 388 3173 457 3222; x_wconf 91' lang='lat' dir='ltr'>nou</span> <span class='ocrx_word' id='word_1_204' title='bbox 485 3151 570 3221; x_wconf 91' lang='grc'><strong>1111</strong></span> <span class='ocrx_word' id='word_1_205' title='bbox 595 3149 745 3240; x_wconf 92' lang='lat' dir='ltr'>praefati</span> <span class='ocrx_word' id='word_1_206' title='bbox 762 3152 961 3223; x_wconf 88' lang='lat' dir='ltr'>cmetlrones</span> <span class='ocrx_word' id='word_1_207' title='bbox 979 3150 1115 3222; x_wconf 91' lang='lat' dir='ltr'>custodi</span> <span class='ocrx_word' id='word_1_208' title='bbox 1142 3173 1235 3245; x_wconf 79' lang='grc'><strong>11111</strong></span> <span class='ocrx_word' id='word_1_209' title='bbox 1262 3170 1373 3241; x_wconf 93' lang='lat' dir='ltr'>neque</span> <span class='ocrx_word' id='word_1_210' title='bbox 1391 3170 1520 3240; x_wconf 90' lang='lat' dir='ltr'>caseos,</span> <span class='ocrx_word' id='word_1_211' title='bbox 1547 3170 1659 3241; x_wconf 88' lang='lat' dir='ltr'>neque</span> <span class='ocrx_word' id='word_1_212' title='bbox 1676 3150 1796 3240; x_wconf 86' lang='lat' dir='ltr'>gallos,</span> <span class='ocrx_word' id='word_1_213' title='bbox 1823 3168 1935 3240; x_wconf 89' lang='lat' dir='ltr'>neque</span> 
     </span>
     <span class='ocr_line' id='line_1_24' title="bbox 387 3268 1935 3361; baseline -0.001 -20"><span class='ocrx_word' id='word_1_214' title='bbox 387 3292 468 3361; x_wconf 88' lang='lat' dir='ltr'>ova,</span> <span class='ocrx_word' id='word_1_215' title='bbox 498 3270 542 3341; x_wconf 90' lang='lat' dir='ltr'>ab</span> <span class='ocrx_word' id='word_1_216' title='bbox 570 3270 728 3342; x_wconf 88' lang='lat' dir='ltr'>omnibus</span> <span class='ocrx_word' id='word_1_217' title='bbox 755 3271 858 3342; x_wconf 92' lang='lat' dir='ltr'>etiam</span> <span class='ocrx_word' id='word_1_218' title='bbox 885 3270 1063 3343; x_wconf 91' lang='lat' dir='ltr'>laboribus</span> <span class='ocrx_word' id='word_1_219' title='bbox 1091 3271 1276 3342; x_wconf 90' lang='lat' dir='ltr'>ordinariis</span> <span class='ocrx_word' id='word_1_220' title='bbox 1303 3276 1339 3342; x_wconf 92' lang='lat' dir='ltr'>et</span> <span class='ocrx_word' id='word_1_221' title='bbox 1366 3269 1663 3360; x_wconf 83' lang='lat' dir='ltr'>extraordinariis,</span> <span class='ocrx_word' id='word_1_222' title='bbox 1691 3276 1727 3341; x_wconf 90' lang='lat' dir='ltr'>et</span> <span class='ocrx_word' id='word_1_223' title='bbox 1754 3270 1810 3341; x_wconf 83' lang='lat' dir='ltr'>ab.</span> <span class='ocrx_word' id='word_1_224' title='bbox 1823 3268 1935 3343; x_wconf 91' lang='lat' dir='ltr'>omni·</span> 
     </span>
     <span class='ocr_line' id='line_1_25' title="bbox 385 3384 1935 3486; baseline -0.001 -24"><span class='ocrx_word' id='word_1_225' title='bbox 385 3393 450 3462; x_wconf 91' lang='lat' dir='ltr'>bus</span> <span class='ocrx_word' id='word_1_226' title='bbox 478 3390 582 3461; x_wconf 91' lang='lat' dir='ltr'>datiis</span> <span class='ocrx_word' id='word_1_227' title='bbox 609 3396 645 3461; x_wconf 91' lang='lat' dir='ltr'>et</span> <span class='ocrx_word' id='word_1_228' title='bbox 672 3387 884 3486; x_wconf 81' lang='lat' dir='ltr'>aporudlae</span> <span class='ocrx_word' id='word_1_229' title='bbox 909 3392 1074 3480; x_wconf 91' lang='lat' dir='ltr'>libertati,</span> <span class='ocrx_word' id='word_1_230' title='bbox 1103 3412 1171 3463; x_wconf 92' lang='lat' dir='ltr'>non</span> <span class='ocrx_word' id='word_1_231' title='bbox 1195 3391 1280 3462; x_wconf 92' lang='lat' dir='ltr'>dant</span> <span class='ocrx_word' id='word_1_232' title='bbox 1307 3391 1474 3462; x_wconf 89' lang='lat' dir='ltr'>decimam</span> <span class='ocrx_word' id='word_1_233' title='bbox 1501 3388 1544 3461; x_wconf 90' lang='lat' dir='ltr'>de</span> <span class='ocrx_word' id='word_1_234' title='bbox 1562 3390 1714 3482; x_wconf 85' lang='lat' dir='ltr'>antiquis</span> <span class='ocrx_word' id='word_1_235' title='bbox 1742 3391 1845 3481; x_wconf 79' lang='lat' dir='ltr'>agris,</span> <span class='ocrx_word' id='word_1_236' title='bbox 1872 3384 1935 3460; x_wconf 85' lang='lat' dir='ltr'>sed</span> 
     </span>
     <span class='ocr_line' id='line_1_26' title="bbox 385 3509 1933 3603; baseline -0.002 -20"><span class='ocrx_word' id='word_1_237' title='bbox 385 3513 427 3583; x_wconf 92' lang='lat' dir='ltr'>de</span> <span class='ocrx_word' id='word_1_238' title='bbox 454 3512 595 3602; x_wconf 91' lang='lat' dir='ltr'>proprio</span> <span class='ocrx_word' id='word_1_239' title='bbox 623 3532 706 3603; x_wconf 82' lang='lat' dir='ltr'>agro</span> <span class='ocrx_word' id='word_1_240' title='bbox 726 3511 873 3601; x_wconf 91' lang='lat' dir='ltr'>quilibet</span> <span class='ocrx_word' id='word_1_241' title='bbox 898 3511 993 3582; x_wconf 91' lang='lat' dir='ltr'>illam</span> <span class='ocrx_word' id='word_1_242' title='bbox 1012 3532 1075 3602; x_wconf 94' lang='lat' dir='ltr'>pro</span> <span class='ocrx_word' id='word_1_243' title='bbox 1094 3533 1131 3583; x_wconf 89' lang='lat' dir='ltr'>se</span> <span class='ocrx_word' id='word_1_244' title='bbox 1149 3511 1251 3601; x_wconf 87' lang='lat' dir='ltr'>tollit,</span> <span class='ocrx_word' id='word_1_245' title='bbox 1279 3510 1322 3581; x_wconf 94' lang='grc'>10</span> <span class='ocrx_word' id='word_1_246' title='bbox 1341 3512 1434 3600; x_wconf 81' lang='lat' dir='ltr'>agris</span> <span class='ocrx_word' id='word_1_247' title='bbox 1449 3532 1542 3600; x_wconf 88' lang='grc'><strong>1010,</strong></span> <span class='ocrx_word' id='word_1_248' title='bbox 1560 3511 1596 3581; x_wconf 88' lang='grc'>11</span> <span class='ocrx_word' id='word_1_249' title='bbox 1615 3510 1740 3601; x_wconf 92' lang='lat' dir='ltr'>quibus</span> <span class='ocrx_word' id='word_1_250' title='bbox 1759 3509 1933 3600; x_wconf 89' lang='lat' dir='ltr'>quondam</span> 
     </span>
     <span class='ocr_line' id='line_1_27' title="bbox 387 3630 1934 3722; baseline -0.003 -18"><span class='ocrx_word' id='word_1_251' title='bbox 387 3639 487 3704; x_wconf 90' lang='lat' dir='ltr'>erant</span> <span class='ocrx_word' id='word_1_252' title='bbox 513 3633 657 3722; x_wconf 89' lang='lat' dir='ltr'>nobiles,</span> <span class='ocrx_word' id='word_1_253' title='bbox 684 3636 720 3703; x_wconf 92' lang='lat' dir='ltr'>et</span> <span class='ocrx_word' id='word_1_254' title='bbox 738 3653 824 3722; x_wconf 91' lang='lat' dir='ltr'>quos</span> <span class='ocrx_word' id='word_1_255' title='bbox 843 3632 1008 3702; x_wconf 79' lang='lat' dir='ltr'>coemisse</span> <span class='ocrx_word' id='word_1_256' title='bbox 1027 3632 1116 3702; x_wconf 91' lang='lat' dir='ltr'>etin</span> <span class='ocrx_word' id='word_1_257' title='bbox 1136 3633 1412 3703; x_wconf 89' lang='lat' dir='ltr'>sanctuariorum</span> <span class='ocrx_word' id='word_1_258' title='bbox 1431 3638 1560 3702; x_wconf 90' lang='lat' dir='ltr'>sortem</span> <span class='ocrx_word' id='word_1_259' title='bbox 1582 3630 1695 3715; x_wconf 81' lang='lat' dir='ltr'>fertur</span> <span class='ocrx_word' id='word_1_260' title='bbox 1711 3630 1934 3701; x_wconf 89' lang='lat' dir='ltr'>transtulisse</span> 
     </span>
     <span class='ocr_line' id='line_1_28' title="bbox 386 3750 1934 3843; baseline -0.001 -18"><span class='ocrx_word' id='word_1_261' title='bbox 386 3755 531 3825; x_wconf 87' lang='lat' dir='ltr'>Sanctus</span> <span class='ocrx_word' id='word_1_262' title='bbox 558 3754 839 3842; x_wconf 86' lang='lat' dir='ltr'>Stauislaus,</span> <span class='ocrx_word' id='word_1_263' title='bbox 867 3753 1047 3842; x_wconf 92' lang='lat' dir='ltr'>episcopus</span> <span class='ocrx_word' id='word_1_264' title='bbox 1065 3751 1313 3843; x_wconf 84' lang='lat' dir='ltr'>Cracoviensis,</span> <span class='ocrx_word' id='word_1_265' title='bbox 1341 3750 1934 3842; x_wconf 78' lang='grc'><strong>100111111111101110(1110011-</strong></span> 
     </span>
     <span class='ocr_line' id='line_1_29' title="bbox 389 3871 1933 3966; baseline -0.001 -21"><span class='ocrx_word' id='word_1_266' title='bbox 389 3877 472 3964; x_wconf 89' lang='lat' dir='ltr'>ensi,</span> <span class='ocrx_word' id='word_1_267' title='bbox 500 3896 588 3966; x_wconf 89' lang='lat' dir='ltr'>quae</span> <span class='ocrx_word' id='word_1_268' title='bbox 607 3872 1090 3945; x_wconf 77' lang='grc'><strong>10011110101101111.</strong></span> <span class='ocrx_word' id='word_1_269' title='bbox 1116 3875 1204 3945; x_wconf 90' lang='lat' dir='ltr'>Item</span> <span class='ocrx_word' id='word_1_270' title='bbox 1232 3881 1314 3945; x_wconf 92' lang='lat' dir='ltr'>sunt</span> <span class='ocrx_word' id='word_1_271' title='bbox 1340 3875 1376 3944; x_wconf 93' lang='lat' dir='ltr'>in</span> <span class='ocrx_word' id='word_1_272' title='bbox 1393 3873 1513 3944; x_wconf 92' lang='lat' dir='ltr'>eadem</span> <span class='ocrx_word' id='word_1_273' title='bbox 1533 3873 1616 3943; x_wconf 91' lang='lat' dir='ltr'>villa</span> <span class='ocrx_word' id='word_1_274' title='bbox 1633 3871 1933 3965; x_wconf 88' lang='grc'><strong>8011111111</strong></span> 
     </span>
     <span class='ocr_line' id='line_1_30' title="bbox 385 3992 1933 4085; baseline -0.001 -21"><span class='ocrx_word' id='word_1_275' title='bbox 385 4000 534 4083; x_wconf 91' lang='lat' dir='ltr'>quatuor</span> <span class='ocrx_word' id='word_1_276' title='bbox 560 3995 651 4065; x_wconf 89' lang='lat' dir='ltr'>lanei</span> <span class='ocrx_word' id='word_1_277' title='bbox 679 3995 922 4083; x_wconf 89' lang='lat' dir='ltr'>emethonales,</span> <span class='ocrx_word' id='word_1_278' title='bbox 949 4016 1018 4065; x_wconf 92' lang='lat' dir='ltr'>non</span> <span class='ocrx_word' id='word_1_279' title='bbox 1046 3994 1091 4065; x_wconf 90' lang='grc'>11</span> <span class='ocrx_word' id='word_1_280' title='bbox 1118 3995 1309 4066; x_wconf 88' lang='lat' dir='ltr'>custodiam</span> <span class='ocrx_word' id='word_1_281' title='bbox 1337 4015 1448 4085; x_wconf 91' lang='lat' dir='ltr'>neque</span> <span class='ocrx_word' id='word_1_282' title='bbox 1476 3994 1519 4065; x_wconf 89' lang='grc'>11</span> <span class='ocrx_word' id='word_1_283' title='bbox 1547 3994 1772 4082; x_wconf 90' lang='lat' dir='ltr'>sanctuarios,</span> <span class='ocrx_word' id='word_1_284' title='bbox 1799 3992 1860 4064; x_wconf 80' lang='lat' dir='ltr'>secl</span> <span class='ocrx_word' id='word_1_285' title='bbox 1888 3992 1933 4063; x_wconf 91' lang='grc'>11</span> 
     </span>
     <span class='ocr_line' id='line_1_31' title="bbox 385 4113 1932 4207; baseline 0.001 -24"><span class='ocrx_word' id='word_1_286' title='bbox 385 4113 579 4184; x_wconf 77' lang='lat' dir='ltr'>iohannem</span> <span class='ocrx_word' id='word_1_287' title='bbox 605 4114 1075 4207; x_wconf 80' lang='lat' dir='ltr'>Kuyathonyouslry,</span> <span class='ocrx_word' id='word_1_288' title='bbox 1101 4116 1251 4187; x_wconf 90' lang='lat' dir='ltr'>nobilem</span> <span class='ocrx_word' id='word_1_289' title='bbox 1271 4116 1433 4187; x_wconf 88' lang='lat' dir='ltr'>dedomo</span> <span class='ocrx_word' id='word_1_290' title='bbox 1452 4169 1566 4185; x_wconf 87' lang='grc'><strong>.....</strong></span> <span class='ocrx_word' id='word_1_291' title='bbox 1592 4115 1817 4205; x_wconf 88' lang='lat' dir='ltr'>pertinentes.</span> <span class='ocrx_word' id='word_1_292' title='bbox 1842 4113 1932 4185; x_wconf 90' lang='lat' dir='ltr'>Item</span> 
     </span>
     <span class='ocr_line' id='line_1_32' title="bbox 385 4232 2020 4326; baseline 0.004 -22"><span class='ocrx_word' id='word_1_293' title='bbox 385 4234 473 4305; x_wconf 88' lang='lat' dir='ltr'>duae</span> <span class='ocrx_word' id='word_1_294' title='bbox 511 4236 676 4305; x_wconf 91' lang='lat' dir='ltr'>tabernae</span> <span class='ocrx_word' id='word_1_295' title='bbox 711 4235 880 4306; x_wconf 89' lang='lat' dir='ltr'>babentes</span> <span class='ocrx_word' id='word_1_296' title='bbox 908 4254 1028 4326; x_wconf 79' lang='lat' dir='ltr'>agros,</span> <span class='ocrx_word' id='word_1_297' title='bbox 1065 4236 1108 4307; x_wconf 93' lang='lat' dir='ltr'>de</span> <span class='ocrx_word' id='word_1_298' title='bbox 1144 4237 1268 4326; x_wconf 91' lang='lat' dir='ltr'>quibus</span> <span class='ocrx_word' id='word_1_299' title='bbox 1296 4237 1454 4307; x_wconf 88' lang='lat' dir='ltr'>omnibus</span> <span class='ocrx_word' id='word_1_300' title='bbox 1490 4235 1683 4307; x_wconf 85' lang='lat' dir='ltr'>decimatur</span> <span class='ocrx_word' id='word_1_301' title='bbox 1712 4232 1932 4325; x_wconf 88' lang='lat' dir='ltr'>praebendae</span> <span class='ocrx_word' id='word_1_302' title='bbox 1981 4256 1986 4287; x_wconf 61' lang='grc' dir='ltr'>τ·</span> <span class='ocrx_word' id='word_1_303' title='bbox 2017 4302 2020 4311; x_wconf 96' lang='grc'>.</span> 
     </span>
     <span class='ocr_line' id='line_1_33' title="bbox 389 4352 1933 4447; baseline 0 -21"><span class='ocrx_word' id='word_1_304' title='bbox 389 4354 609 4427; x_wconf 85' lang='lat' dir='ltr'>Cracoviensi</span> <span class='ocrx_word' id='word_1_305' title='bbox 623 4354 800 4447; x_wconf 88' lang='lat' dir='ltr'>praefatae</span> <span class='ocrx_word' id='word_1_306' title='bbox 816 4355 866 4427; x_wconf 85' lang='lat' dir='ltr'>Cz</span> <span class='ocrx_word' id='word_1_307' title='bbox 877 4352 977 4427; x_wconf 88' lang='lat' dir='ltr'>echo</span> <span class='ocrx_word' id='word_1_308' title='bbox 987 4379 1018 4428; x_wconf 92' lang='grc'>1</span> <span class='ocrx_word' id='word_1_309' title='bbox 1030 4379 1045 4427; x_wconf 90' lang='lat' dir='ltr'>s</span> <span class='ocrx_word' id='word_1_310' title='bbox 1055 4358 1115 4447; x_wconf 88' lang='grc'>11,</span> <span class='ocrx_word' id='word_1_311' title='bbox 1134 4379 1203 4428; x_wconf 93' lang='lat' dir='ltr'>uon</span> <span class='ocrx_word' id='word_1_312' title='bbox 1217 4364 1299 4428; x_wconf 90' lang='lat' dir='ltr'>sunt</span> <span class='ocrx_word' id='word_1_313' title='bbox 1313 4358 1361 4428; x_wconf 93' lang='lat' dir='ltr'>ibi</span> <span class='ocrx_word' id='word_1_314' title='bbox 1374 4357 1603 4446; x_wconf 90' lang='lat' dir='ltr'>hortulaniae,</span> <span class='ocrx_word' id='word_1_315' title='bbox 1617 4377 1729 4447; x_wconf 88' lang='lat' dir='ltr'>neque</span> <span class='ocrx_word' id='word_1_316' title='bbox 1743 4354 1933 4445; x_wconf 82' lang='lat' dir='ltr'>praedIum,</span> 
     </span>
     <span class='ocr_line' id='line_1_34' title="bbox 383 4469 1931 4568; baseline -0.001 -19"><span class='ocrx_word' id='word_1_317' title='bbox 383 4499 493 4566; x_wconf 92' lang='lat' dir='ltr'>neque</span> <span class='ocrx_word' id='word_1_318' title='bbox 521 4476 771 4568; x_wconf 87' lang='lat' dir='ltr'>molendinum,</span> <span class='ocrx_word' id='word_1_319' title='bbox 800 4477 860 4548; x_wconf 92' lang='lat' dir='ltr'>sed</span> <span class='ocrx_word' id='word_1_320' title='bbox 889 4477 976 4549; x_wconf 91' lang='lat' dir='ltr'>duae</span> <span class='ocrx_word' id='word_1_321' title='bbox 1003 4499 1132 4568; x_wconf 87' lang='lat' dir='ltr'>paruae</span> <span class='ocrx_word' id='word_1_322' title='bbox 1160 4478 1311 4568; x_wconf 89' lang='lat' dir='ltr'>piscinae</span> <span class='ocrx_word' id='word_1_323' title='bbox 1338 4479 1374 4548; x_wconf 93' lang='grc'>11</span> <span class='ocrx_word' id='word_1_324' title='bbox 1401 4477 1494 4566; x_wconf 90' lang='lat' dir='ltr'>villa,</span> <span class='ocrx_word' id='word_1_325' title='bbox 1523 4477 1567 4548; x_wconf 88' lang='lat' dir='ltr'>ad</span> <span class='ocrx_word' id='word_1_326' title='bbox 1594 4469 1786 4548; x_wconf 86' lang='lat' dir='ltr'>custodiam</span> <span class='ocrx_word' id='word_1_327' title='bbox 1804 4474 1931 4567; x_wconf 47' lang='grc'><strong>(11111,-</strong></span> 
     </span>
     <span class='ocr_line' id='line_1_35' title="bbox 294 4596 2025 4688; baseline 0.001 -20"><span class='ocrx_word' id='word_1_328' title='bbox 294 4598 296 4603; x_wconf 80' lang='grc'><strong>’</strong></span> <span class='ocrx_word' id='word_1_329' title='bbox 383 4599 535 4669; x_wconf 88' lang='lat' dir='ltr'>viensem</span> <span class='ocrx_word' id='word_1_330' title='bbox 562 4599 786 4688; x_wconf 91' lang='lat' dir='ltr'>pertinentes.</span> <span class='ocrx_word' id='word_1_331' title='bbox 830 4598 919 4668; x_wconf 90' lang='lat' dir='ltr'>Item</span> <span class='ocrx_word' id='word_1_332' title='bbox 945 4598 1104 4688; x_wconf 89' lang='lat' dir='ltr'>praefata</span> <span class='ocrx_word' id='word_1_333' title='bbox 1130 4598 1213 4669; x_wconf 88' lang='lat' dir='ltr'>villa</span> <span class='ocrx_word' id='word_1_334' title='bbox 1240 4598 1391 4671; x_wconf 89' lang='lat' dir='ltr'>coufiuat</span> <span class='ocrx_word' id='word_1_335' title='bbox 1427 4617 1503 4669; x_wconf 92' lang='lat' dir='ltr'>cum</span> <span class='ocrx_word' id='word_1_336' title='bbox 1529 4596 1614 4669; x_wconf 84' lang='lat' dir='ltr'>uilla</span> <span class='ocrx_word' id='word_1_337' title='bbox 1640 4596 1947 4681; x_wconf 51' lang='lat' dir='ltr'>Kralroscbor</span> <span class='ocrx_word' id='word_1_338' title='bbox 2021 4628 2025 4633; x_wconf 95' lang='lat'>·</span> 
     </span>
     <span class='ocr_line' id='line_1_36' title="bbox 382 4717 1930 4810; baseline 0 -22"><span class='ocrx_word' id='word_1_339' title='bbox 382 4738 531 4809; x_wconf 88' lang='grc'><strong>11010</strong></span> <span class='ocrx_word' id='word_1_340' title='bbox 559 4725 595 4790; x_wconf 87' lang='grc'>11</span> <span class='ocrx_word' id='word_1_341' title='bbox 622 4720 753 4808; x_wconf 91' lang='lat' dir='ltr'>scopuli</span> <span class='ocrx_word' id='word_1_342' title='bbox 781 4719 893 4808; x_wconf 91' lang='lat' dir='ltr'>sepati</span> <span class='ocrx_word' id='word_1_343' title='bbox 919 4717 1083 4810; x_wconf 81' lang='lat' dir='ltr'>limitent,</span> <span class='ocrx_word' id='word_1_344' title='bbox 1112 4721 1193 4791; x_wconf 93' lang='lat' dir='ltr'>item</span> <span class='ocrx_word' id='word_1_345' title='bbox 1222 4740 1299 4791; x_wconf 90' lang='lat' dir='ltr'>cum</span> <span class='ocrx_word' id='word_1_346' title='bbox 1326 4717 1578 4809; x_wconf 82' lang='lat' dir='ltr'>Gzychaua</span> <span class='ocrx_word' id='word_1_347' title='bbox 1604 4723 1640 4788; x_wconf 86' lang='lat' dir='ltr'>et</span> <span class='ocrx_word' id='word_1_348' title='bbox 1667 4724 1781 4789; x_wconf 90' lang='lat' dir='ltr'>strata</span> <span class='ocrx_word' id='word_1_349' title='bbox 1806 4734 1930 4808; x_wconf 86' lang='lat' dir='ltr'>parum</span> 
     </span>
     <span class='ocr_line' id='line_1_37' title="bbox 386 4835 1988 4935; baseline 0 -26"><span class='ocrx_word' id='word_1_350' title='bbox 386 4839 472 4910; x_wconf 89' lang='lat' dir='ltr'>trita</span> <span class='ocrx_word' id='word_1_351' title='bbox 512 4838 598 4910; x_wconf 90' lang='lat' dir='ltr'>alias</span> <span class='ocrx_word' id='word_1_352' title='bbox 625 4835 808 4934; x_wconf 75' lang='lat' dir='ltr'>‹lrozyaalco</span> <span class='ocrx_word' id='word_1_353' title='bbox 835 4838 981 4930; x_wconf 90' lang='lat' dir='ltr'>limitat,</span> <span class='ocrx_word' id='word_1_354' title='bbox 1018 4841 1100 4911; x_wconf 87' lang='lat' dir='ltr'>item</span> <span class='ocrx_word' id='word_1_355' title='bbox 1128 4861 1204 4911; x_wconf 84' lang='lat' dir='ltr'>eum</span> <span class='ocrx_word' id='word_1_356' title='bbox 1231 4838 1568 4911; x_wconf 86' lang='lat' dir='ltr'>Grodkowicze</span> <span class='ocrx_word' id='word_1_357' title='bbox 1605 4844 1641 4909; x_wconf 93' lang='lat' dir='ltr'>et</span> <span class='ocrx_word' id='word_1_358' title='bbox 1668 4839 1704 4910; x_wconf 93' lang='lat' dir='ltr'>in</span> <span class='ocrx_word' id='word_1_359' title='bbox 1730 4839 1842 4928; x_wconf 88' lang='lat' dir='ltr'>pratis</span> <span class='ocrx_word' id='word_1_360' title='bbox 1868 4838 1932 4909; x_wconf 91' lang='lat' dir='ltr'>ha·</span> <span class='ocrx_word' id='word_1_361' title='bbox 1985 4930 1988 4935; x_wconf 21' lang='grc' dir='ltr'>Ι</span> 
     </span>
    </p>
   </div>
   <div class='ocr_carea' id='block_1_3' title="bbox 253 4956 1930 5055">
    <p class='ocr_par' dir='ltr' id='par_1_4' title="bbox 253 4956 1930 5055">
     <span class='ocr_line' id='line_1_38' title="bbox 253 4956 1930 5055; baseline -0.001 -26"><span class='ocrx_word' id='word_1_362' title='bbox 253 4965 257 4973; x_wconf 87' lang='grc'><strong>’</strong></span> <span class='ocrx_word' id='word_1_363' title='bbox 381 4961 508 5030; x_wconf 88' lang='grc'><strong>111111</strong></span> <span class='ocrx_word' id='word_1_364' title='bbox 535 4960 635 5051; x_wconf 84' lang='lat' dir='ltr'>signa</span> <span class='ocrx_word' id='word_1_365' title='bbox 660 4981 724 5050; x_wconf 91' lang='lat' dir='ltr'>pro</span> <span class='ocrx_word' id='word_1_366' title='bbox 752 4959 929 5050; x_wconf 86' lang='lat' dir='ltr'>limitibus,</span> <span class='ocrx_word' id='word_1_367' title='bbox 957 4961 1039 5032; x_wconf 92' lang='lat' dir='ltr'>item</span> <span class='ocrx_word' id='word_1_368' title='bbox 1059 4982 1134 5031; x_wconf 88' lang='lat' dir='ltr'>cum</span> <span class='ocrx_word' id='word_1_369' title='bbox 1152 4961 1349 5032; x_wconf 87' lang='lat' dir='ltr'>Brzesze</span> <span class='ocrx_word' id='word_1_370' title='bbox 1377 4967 1411 5031; x_wconf 91' lang='lat' dir='ltr'>et</span> <span class='ocrx_word' id='word_1_371' title='bbox 1427 4962 1477 5032; x_wconf 94' lang='lat' dir='ltr'>ibi</span> <span class='ocrx_word' id='word_1_372' title='bbox 1495 4981 1604 5052; x_wconf 93' lang='lat' dir='ltr'>usque</span> <span class='ocrx_word' id='word_1_373' title='bbox 1623 4959 1667 5030; x_wconf 90' lang='lat' dir='ltr'>ad</span> <span class='ocrx_word' id='word_1_374' title='bbox 1683 4981 1814 5055; x_wconf 79' lang='lat' dir='ltr'>quyam</span> <span class='ocrx_word' id='word_1_375' title='bbox 1838 4956 1930 5029; x_wconf 87' lang='lat' dir='ltr'>limi·</span> 
     </span>
    </p>
   </div>
   <div class='ocr_carea' id='block_1_4' title="bbox 379 5079 1998 5414">
    <p class='ocr_par' dir='ltr' id='par_1_5' title="bbox 379 5079 1998 5414">
     <span class='ocr_line' id='line_1_39' title="bbox 381 5079 1929 5177; baseline 0.001 -28"><span class='ocrx_word' id='word_1_376' title='bbox 381 5085 434 5150; x_wconf 89' lang='lat' dir='ltr'>tes</span> <span class='ocrx_word' id='word_1_377' title='bbox 461 5079 564 5151; x_wconf 87' lang='lat' dir='ltr'>villae</span> <span class='ocrx_word' id='word_1_378' title='bbox 592 5081 902 5173; x_wconf 86' lang='grc'><strong>8011111111,</strong></span> <span class='ocrx_word' id='word_1_379' title='bbox 930 5081 991 5152; x_wconf 89' lang='lat' dir='ltr'>sed</span> <span class='ocrx_word' id='word_1_380' title='bbox 1017 5086 1129 5153; x_wconf 88' lang='lat' dir='ltr'>totum</span> <span class='ocrx_word' id='word_1_381' title='bbox 1154 5104 1290 5177; x_wconf 70' lang='lat' dir='ltr'>papum</span> <span class='ocrx_word' id='word_1_382' title='bbox 1315 5083 1469 5172; x_wconf 89' lang='lat' dir='ltr'>pertinet</span> <span class='ocrx_word' id='word_1_383' title='bbox 1495 5082 1539 5152; x_wconf 92' lang='lat' dir='ltr'>ad</span> <span class='ocrx_word' id='word_1_384' title='bbox 1566 5080 1683 5153; x_wconf 90' lang='lat' dir='ltr'>villam</span> <span class='ocrx_word' id='word_1_385' title='bbox 1711 5079 1929 5170; x_wconf 87' lang='lat' dir='ltr'>Brzesze,</span> 
     </span>
     <span class='ocr_line' id='line_1_40' title="bbox 379 5199 815 5274; baseline 0.007 -6"><span class='ocrx_word' id='word_1_386' title='bbox 379 5201 463 5271; x_wconf 88' lang='lat' dir='ltr'>Item</span> <span class='ocrx_word' id='word_1_387' title='bbox 490 5221 566 5271; x_wconf 91' lang='lat' dir='ltr'>eum</span> <span class='ocrx_word' id='word_1_388' title='bbox 592 5199 815 5274; x_wconf 79' lang='lat' dir='ltr'>Czerzow.</span> 
     </span>
     <span class='ocr_line' id='line_1_41' title="bbox 483 5314 1998 5414; baseline 0.001 -22"><span class='ocrx_word' id='word_1_389' title='bbox 483 5319 571 5392; x_wconf 88' lang='lat' dir='ltr'>Item</span> <span class='ocrx_word' id='word_1_390' title='bbox 590 5321 790 5411; x_wconf 86' lang='lat' dir='ltr'>notandum,</span> <span class='ocrx_word' id='word_1_391' title='bbox 818 5323 910 5413; x_wconf 90' lang='lat' dir='ltr'>quod</span> <span class='ocrx_word' id='word_1_392' title='bbox 927 5321 1105 5414; x_wconf 82' lang='lat' dir='ltr'>praefatae</span> <span class='ocrx_word' id='word_1_393' title='bbox 1125 5320 1213 5394; x_wconf 92' lang='lat' dir='ltr'>duae</span> <span class='ocrx_word' id='word_1_394' title='bbox 1232 5323 1508 5394; x_wconf 86' lang='lat' dir='ltr'>sanctuariorum</span> <span class='ocrx_word' id='word_1_395' title='bbox 1527 5319 1846 5411; x_wconf 78' lang='grc'><strong>111111,11101111</strong></span> <span class='ocrx_word' id='word_1_396' title='bbox 1865 5327 1953 5399; x_wconf 80' lang='lat' dir='ltr'>sira,</span> <span class='ocrx_word' id='word_1_397' title='bbox 1995 5314 1998 5319; x_wconf 75' lang='grc'><strong>’</strong></span> 
     </span>
    </p>
   </div>
   <div class='ocr_carea' id='block_1_5' title="bbox 0 0 2044 6068">
    <p class='ocr_par' dir='ltr' id='par_1_6' title="bbox 0 0 2044 6068">
     <span class='ocr_line' id='line_1_42' title="bbox 0 0 2044 6068; baseline 0 5"><span class='ocrx_word' id='word_1_398' title='bbox 0 0 2044 6068; x_wconf 95' lang='lat' dir='ltr'> </span> 
     </span>
    </p>
   </div>
  </div>
 </body>
</html>
