4050 6054
1710 414 1783 486 587

234 623 417 691 canonieus
444 621 569 691 tertiae
596 620 816 709 praebendae
842 618 1134 710 Oppathoriensis
1161 621 1267 692 habet
1293 642 1398 691 unum
1425 620 1561 690 laneum
1588 623 1785 693 cmethona-

233 742 309 845 lem,
328 743 386 831 qni
414 743 457 811 acl
485 763 583 811 soum
612 742 665 811 ius
693 747 729 811 et
754 742 1004 831 proprietatem
1031 742 1194 830 pertinet,
1221 742 1263 811 de
1292 763 1358 831 qno
1386 743 1418 812 ei
1446 763 1509 831 pro
1538 763 1651 812 annuo
1680 764 1785 815 censu

234 863 380 933 solvitur
406 885 475 933 una
503 883 618 933 marca
645 884 722 933 cum
749 862 872 950 media,
900 863 983 932 item
1011 862 1097 932 dnos
1124 884 1284 951 capones,
1303 863 1389 933 duos
1408 884 1536 952 caseos,
1556 864 1639 934 item
1660 864 1784 954 viginti

233 1006 309 1072 ora,
336 989 372 1055 et
387 984 485 1054 ‘nihil
512 984 607 1055 alind
634 989 695 1054 ant
722 984 853 1053 ducunt
880 989 941 1053 aut
968 983 1138 1054 laborant.
1164 985 1252 1055 Item
1278 984 1322 1055 de
1350 984 1505 1074 praelato
1532 985 1632 1056 laneo
1651 985 1785 1056 decima

233 1090 457 1195 manipularis
493 1105 618 1176 tertiae
654 1105 871 1194 praebendae
903 1104 1192 1194 Oppathoriensis
1220 1086 1368 1177 solvitur
1394 1111 1430 1176 ot
1455 1106 1491 1175 in
1518 1107 1600 1177 eius.
1619 1107 1782 1178 horreum

184 1205 191 1213 ’
233 1226 415 1314 inducitur,
445 1227 541 1296 cuius
569 1227 667 1296 valor
694 1226 737 1296 ad
765 1246 868 1295 unam
896 1247 1047 1295 marcam
1076 1227 1290 1297 aestimatur.

336 1347 534 1418 Onnanow.
570 1349 658 1417 Item
695 1348 802 1417 habet
837 1347 873 1416 in
910 1347 1036 1436 oppido
1064 1346 1337 1437 Oppathoriensi
1364 1347 1521 1437 praefata
1548 1348 1656 1419 tertia
1682 1369 1783 1438 prae-

232 1468 345 1539 benda
371 1468 662 1558 Oppathoriensis
699 1489 820 1565 rnorem
849 1489 966 1555 areas,
994 1474 1066 1538 tres
1094 1469 1234 1540 solvunt
1260 1491 1454 1559 perunum
1481 1469 1670 1557 fertonem3
1697 1471 1781 1542 item

232 1590 338 1661 habet
364 1591 399 1660 ln
427 1591 547 1660 eodem
576 1590 702 1680 oppido
729 1589 1002 1679 Oppathoriensi
1030 1589 1167 1660 domum
1194 1592 1370 1680 propriam
1393 1612 1456 1680 pro
1476 1612 1539 1661 sua
1556 1593 1780 1663 habitatione.

333 1701 421 1782 lteni
448 1711 605 1801 praefata
632 1711 829 1800 praebenda
856 1710 1042 1781 seeundum
1071 1717 1229 1800 regestra
1255 1717 1373 1782 taxata
1399 1718 1453 1783 est
1479 1712 1525 1783 ad
1551 1767 1558 1782 .
1586 1767 1593 1782 .
1621 1767 1628 1782 .

670 2024 835 2105 vicaria
868 2028 1022 2106 tertiae
1056 2025 1338 2130 praebendae.

342 2317 458 2387 Habet
493 2317 689 2405 habereque
725 2317 903 2386 consuerit
939 2317 1046 2386 tertia
1079 2316 1278 2406 praebenda
1313 2317 1480 2386 ricarium
1513 2322 1717 2405 perpetuum
1745 2317 1780 2386 in

230 2438 376 2509 ecclesia
401 2437 692 2527 Oppathoriensi,
721 2457 823 2526 qaam
850 2459 940 2506 nunc
967 2438 1073 2507 habet
1101 2436 1264 2507 Nicolaus
1292 2437 1334 2506 do
1362 2436 1556 2527 Blogye,
1585 2437 1681 2508 cuius
1708 2442 1778 2507 ter-

229 2559 299 2631 tius
333 2558 606 2648 praebendarius
641 2564 696 2628 est
731 2558 851 2628 unicus
883 2562 1051 2647 patronus
1078 2563 1115 2628 et
1142 2557 1305 2646 collator,
1335 2546 1431 2627 cuius
1458 2556 1671 2646 infrascripti
1697 2552 1798 2629 sunt'

229 2685 426 2768 proventus

332 2800 427 2870 Duas
455 2821 588 2870 marcas
616 2801 721 2870 hahet
748 2800 791 2869 de
818 2799 973 2870 tabernis
991 2799 1340 2890 OppathoriensibnS,
1358 2801 1442 2870 item
1460 2799 1567 2870 habet
1583 2799 1779 2888 portionem

229 2919 406 3010 aequalem
442 2920 485 2990 de
521 2926 692 3009 proventu
728 2920 937 2990 decimarum
972 2920 1238 3009 manipularium
1266 2922 1368 2993 villae
1395 2920 1669 3007 Rauszkow,
1697 2921 1780 2990 item

228 3041 334 3112 habet
365 3041 558 3131 portionem
586 3042 764 3131 aequalem
791 3042 834 3112 de
861 3041 954 3113 omni
982 3047 1135 3131 quaestu,
1156 3042 1214 3131 qui
1233 3042 1326 3112 cedit
1354 3042 1492 3112 vicariis
1519 3038 1778 3130 Oppathorien-

229 3163 324 3235 sibus
351 3163 387 3234 in
414 3163 594 3233 communi.

586 3423 744 3525 Quarta
779 3423 1021 3528 praebenda
1056 3422 1424 3528 Oppathorienais.
1493 3520 1503 3529 ἱ

331 3645 463 3734 Quarta
488 3645 686 3734 praebenda
711 3644 1007 3734 Oppathoriensis
1035 3665 1077 3714 ex
1105 3644 1363 3734 templariorum
1390 3645 1616 3733 proventibus
1634 3644 1779 3716 lundata

229 3774 265 3839 et
301 3767 422 3838 dotata
457 3773 528 3857 est,
556 3787 658 3855 quam
694 3788 785 3837 nunc
821 3772 916 3837 tenet
951 3765 1077 3837 Petrus
1105 3764 1286 3856 Gorsky
1314 3765 1357 3835 de
1383 3765 1696 3856 Bodzanczin,
1724 3768 1778 3838 vir

229 3889 349 3978 civilio,
376 3889 473 3959 cuius
500 3895 689 3978 proventus
718 3892 798 3958 sunt
825 3886 1044 3976 infrascripti.

331 4009 697 4099 llanonrmrowrczn,
725 4009 807 4080 villa
834 4010 897 4080 sub
916 4009 1082 4099 parochia
1099 4009 1264 4080 ecclesiae
1283 4007 1572 4098 Oppathoriensis
1590 4008 1667 4098 sita,
1686 4009 1779 4099 capi-

228 4132 301 4203 tulo
328 4130 601 4221 Oppathoriensi
627 4131 664 4200 in
691 4144 947 4225 recompensam
975 4137 1015 4201 ut
1040 4131 1281 4220 praemisimus
1309 4130 1396 4202 data
1418 4135 1490 4219 est,
1520 4131 1554 4200 in
1582 4151 1649 4221 qua
1676 4151 1778 4202 cano·
1837 4138 1846 4147 ‘

229 4253 325 4323 nicus
353 4259 497 4343 quartae
523 4253 740 4343 praebendae
767 4253 873 4322 habet
899 4273 1005 4322 unum
1031 4253 1169 4322 laneum
1196 4251 1455 4342 cmethonalem,
1483 4251 1525 4322 de
1545 4274 1611 4342 quo
1631 4251 1779 4322 solvitur

228 4375 391 4445 canonico
418 4395 482 4463 pro
510 4395 623 4445 annuo
651 4395 756 4444 consu
782 4394 852 4444 una
878 4395 996 4444 maroa
1022 4395 1098 4445 cum
1126 4372 1247 4463 media,
1275 4373 1358 4443 item
1385 4373 1472 4443 duos
1500 4393 1666 4462 caponeS,
1693 4372 1777 4443 item

229 4494 314 4566 duos
341 4516 470 4585 caseos,
497 4496 580 4566 item
607 4495 731 4585 viginti
758 4515 834 4584 ora,
861 4501 897 4565 et
923 4495 1010 4564 nihil
1037 4495 1217 4584 laborant;
1243 4494 1326 4565 item
1354 4494 1396 4564 de
1414 4493 1572 4584 praefato
1590 4494 1690 4564 laneo
1709 4493 1778 4565 sol-

227 4616 322 4687 vitur
357 4616 490 4688 decima
523 4617 749 4706 manipularis
784 4615 962 4706 praefatae
990 4621 1136 4706 quartae
1162 4614 1381 4706 praebendae
1407 4621 1443 4686 et
1469 4614 1608 4686 ducitur
1634 4616 1669 4685 iu
1695 4615 1777 4685 hor-

226 4758 323 4809 reum
350 4758 371 4808 a
398 4737 561 4809 canonico
588 4737 780 4827 locandum,
808 4736 905 4808 cuius
933 4737 1138 4808 aestimatur
1166 4738 1263 4808 valor
1290 4738 1334 4808 ad
1361 4758 1465 4808 unam
1492 4757 1651 4807 marcam.
1738 4772 1741 4781 ·

329 4857 527 4930 Orra'row.
561 4858 650 4930 Item
685 4860 721 4928 in
757 4859 883 4948 oppido
920 4857 1192 4948 Oppathoriensi
1227 4858 1385 4949 praefata
1421 4865 1546 4949 quarta
1576 4856 1775 4947 praebenda
1831 4871 1842 4885 ·

226 4981 333 5051 habet
359 4980 556 5070 habereque
583 4980 761 5052 consuevit
788 5001 904 5051 aream
931 5002 1053 5071 unam,
1090 5001 1178 5071 quac
1206 4980 1272 5051 sibi
1299 4979 1405 5051 solvit
1438 5000 1501 5069 pro
1529 5000 1642 5049 annuo
1670 4999 1776 5051 censu

226 5122 349 5172 novem
377 5102 531 5172 scotthos
558 5108 594 5172 et
620 5101 707 5173 duos
734 5122 891 5191 capones

330 5222 418 5293 Item
446 5227 569 5313 quarta
596 5223 794 5312 praehenda
830 5229 951 5295 taxata
977 5230 1031 5294 est
1059 5224 1245 5296 secundum
1273 5223 1389 5295 omnia
1415 5227 1573 5311 regestra
1604 5221 1648 5291 ad
1676 5274 1776 5293 .....
