4050 6054
1698 476 1771 547 645

228 706 350 758 novem
377 705 513 756 marcae
539 690 575 755 et
600 685 750 756 medium
778 688 937 776 quartum
964 682 1148 771 fertonem,
1175 686 1210 753 et
1235 682 1360 772 viginti
1387 686 1536 771 quatuor
1562 682 1685 753 choros
1712 683 1775 752 tri-

228 807 307 895 tici,
334 813 370 876 et
396 808 542 896 triginta
569 827 628 876 sex
656 807 779 876 choros
807 806 934 893 tritici,
961 812 1111 895 quatuor
1136 824 1326 894 sexagenas
1353 824 1514 891 ovorum,
1541 802 1665 892 viginti
1692 824 1774 894 qua·

227 934 308 998 tuor
335 926 438 1017 pulli,
466 927 590 1016 uiginti
617 933 766 1016 quatuor
792 927 893 997 cosei.
931 927 1021 997 Item
1047 924 1227 1015 praedium
1254 946 1322 995 nou
1341 928 1395 997 est
1413 924 1553 1014 aliquod
1579 923 1774 1014 episcopale

228 1049 264 1119 in
282 1046 376 1121 villa·
394 1046 559 1137 praelata.

332 1166 611 1238 Swnu'rnnown
638 1167 798 1257 Wourn,
826 1169 907 1240 villa
933 1170 996 1241 sub
1024 1168 1188 1258 parocbia
1214 1167 1378 1238 eeclesiae
1405 1166 1448 1237 de
1473 1165 1675 1258 Mauyna
1700 1166 1777 1254 sita,

232 1291 329 1361 cuius
356 1290 551 1379 proprietas
579 1293 614 1358 et
641 1288 828 1358 dominium
866 1290 909 1359 ad
937 1291 1135 1379 episcopum
1161 1289 1420 1359 Lubuezensem
1447 1288 1617 1378 pertinet;
1644 1287 1681 1357 in
1707 1286 1777 1357 ista

231 1411 315 1481 villa
341 1416 422 1481 sunt
450 1415 527 1480 octo
546 1409 673 1497 mansi,
701 1413 736 1477 et
754 1410 899 1498 quilibet
928 1410 1031 1481 solvit
1058 1415 1164 1501 prout
1189 1407 1280 1479 iufra
1307 1409 1518 1497 continetur,
1544 1409 1627 1479 item
1646 1408 1775 1478 molen-

229 1532 346 1603 dinum
382 1530 487 1601 solvit
522 1550 624 1599 uirum
658 1549 817 1599 maroam.
860 1531 948 1600 Item
983 1531 1116 1601 decima
1151 1530 1244 1601 ultra
1269 1530 1409 1600 fluvium
1445 1550 1566 1600 versus
1602 1527 1776 1617 Meton,

152 1736 155 1741 ⁸
229 1652 318 1723 citra
343 1650 484 1722 fluvium
503 1671 624 1720 versus
652 1648 913 1739 Truskolas‚
941 1651 1093 1740 pertinet
1120 1650 1165 1720 ad
1183 1651 1381 1740 episcopum
1398 1649 1657 1722 Lubuczensem
1684 1647 1778 1720 duci-

228 1770 359 1845 tur'ad
385 1771 549 1842 allodium
585 1770 779 1860 episcopale
815 1771 851 1839 iu
879 1771 1234 1861 Nyempenicze3
1271 1771 1354 1841 item
1381 1775 1463 1841 sunt
1488 1770 1576 1841 duae
1602 1770 1778 1859 tabernae,

231 1912 376 1985 quarum
405 1892 581 1982 quaelibet
607 1891 711 1961 soluit
732 1891 880 1962 mediam
900 1892 1045 1963 alteram
1072 1912 1241 1981 marcam,
1272 1897 1308 1963 et
1326 1892 1376 1962 sic
1394 1897 1467 1962 tres
1494 1912 1629 1963 marcas
1656 1891 1778 1961 ambae

233 2014 384 2107 solvunt.
429 2014 517 2085 Item
536 2034 598 2102 pro
617 2034 820 2107 ropqucozro
837 2012 923 2083 duos
941 2034 1081 2102 grossos
1100 2013 1143 2083 de
1161 2034 1289 2102 manso,
1317 2014 1400 2083 item
1419 2034 1482 2103 pro
1500 2011 1611 2084 haedo
1631 2012 1780 2083 medium

193 2212 199 2223 ,
230 2154 390 2226 grossum
416 2135 615 2223 demenso,
641 2135 726 2204 item
752 2134 985 2223 prestatione
1013 2134 1104 2223 regis
1128 2156 1188 2205 sex
1215 2155 1355 2224 grossos
1382 2134 1578 2223 demenso,
1605 2135 1689 2204 item
1716 2154 1779 2223 pro

234 2257 382 2329 statione
409 2257 502 2346 regis
529 2262 601 2326 tres
629 2256 752 2326 choros
779 2276 925 2345 avenae,
961 2256 1043 2326 item
1069 2276 1133 2345 pro
1159 2278 1217 2350 sep
1244 2256 1352 2326 tritici
1387 2255 1474 2327 duos
1512 2256 1636 2326 choros
1662 2254 1780 2343 tritici,

233 2378 317 2448 item
350 2397 414 2466 pro
440 2398 497 2471 sep
525 2396 653 2447 avenae
680 2381 752 2446 tres
791 2377 914 2447 choros
942 2396 1090 2463 avenae3
1125 2376 1209 2447 item
1236 2376 1398 2447 laborant
1434 2396 1497 2466 per
1529 2375 1616 2447 duos
1643 2375 1717 2446 dies
1744 2375 1780 2446 in

233 2496 427 2588 septimana
444 2497 583 2587 proprio
603 2516 707 2567 curru
725 2502 787 2567 aut
805 2504 938 2585 aratro,
965 2499 1047 2567 item
1066 2496 1134 2567 duo
1152 2497 1238 2587 pulli
1257 2496 1436 2567 demenso
1455 2497 1491 2567 in
1506 2496 1594 2568 leste
1614 2495 1781 2586 Assump-

233 2619 339 2690 tionis
358 2616 507 2707 Mariae,
533 2618 616 2688 item
635 2617 703 2687 duo
723 2619 828 2707 cosei,
856 2619 937 2689 item
958 2618 1081 2707 viginti
1102 2639 1182 2706 ova,
1209 2618 1293 2688 item
1310 2617 1667 2689 Schetbarzowe
1694 2617 1781 2688 duos

232 2741 384 2811 fertones
409 2759 473 2828 pro
492 2759 610 2826 oensu3
638 2740 720 2808 item
738 2760 803 2829 pro
830 2738 997 2809 Stellio
1024 2760 1085 2809 sex
1113 2744 1244 2809 scottos
1272 2744 1345 2809 tres
1372 2737 1534 2810 fertones.
1569 2734 1783 2809 Alement

233 2861 320 2932 duos
345 2858 497 2931 fertones
524 2881 626 2930 unam
653 2879 819 2947 marcam3
856 2859 1112 2950 Tyberieze
1139 2879 1261 2931 novem
1289 2865 1418 2931 scottos
1444 2859 1594 2931 medium
1621 2864 1782 2951 quartum

234 2981 424 3069 fertonem3
459 2981 710 3072 Malowycz
748 2980 1009 3071 quatuordeeim
1044 2985 1174 3051 scottos
1207 2987 1355 3070 quatuor
1389 2979 1561 3069 fertones3
1603 2980 1782 3051 Pbolke

233 3103 423 3175 octodecim
450 3108 580 3173 scottos
616 3123 719 3173 uuam
755 3123 980 3192 sexagenum
1007 3102 1246 3175 Korozeke
1278 3123 1339 3173 sex
1366 3107 1496 3173 scottos
1522 3106 1597 3173 tres
1622 3101 1783 3173 fertones.

233 3222 373 3295 Summa
400 3244 521 3293 seusus
538 3229 626 3294 octo
654 3244 790 3295 marcae
818 3230 854 3294 et
881 3224 949 3294 duo
976 3224 1108 3313 grossi,
1135 3223 1324 3295 octodecim
1352 3224 1476 3294 choros
1503 3223 1630 3312 tritici,
1658 3223 1782 3313 vigiruti
1854 3310 1859 3315 Ι

233 3350 383 3435 quatuor
402 3344 525 3414 choros
544 3364 692 3434 avenae,
720 3344 869 3415 sedecim
888 3344 988 3441 pulli,
1007 3344 1155 3415 sedecim
1173 3344 1283 3432 casei,
1310 3344 1398 3415 duae
1417 3364 1609 3433 sexagenae
1628 3365 1782 3415 ovorum.

230 3466 318 3537 Item
353 3484 418 3556 pro
453 3465 601 3536 statione
637 3465 730 3555 regis
767 3485 871 3536 uuam
906 3486 1112 3556 sexagenum
1149 3472 1184 3536 et
1215 3465 1331 3537 decem
1367 3485 1546 3536 mensuras
1581 3485 1710 3537 avenae
1746 3470 1782 3536 et

232 3587 355 3677 viginti
382 3585 504 3676 pullos.

284 3774 289 3783 .
338 3706 585 3795 Wonowrczq
613 3706 696 3776 villa
723 3708 786 3779 sub
813 3708 979 3798 parochio
1005 3708 1170 3779 ecelesiae
1198 3708 1240 3779 de
1266 3708 1464 3799 blanyna
1492 3708 1569 3797 sita,
1588 3708 1685 3778 cuius
1703 3727 1783 3797 pro·

232 3829 364 3919 prietes
391 3832 427 3898 et
452 3827 640 3898 dominium
667 3828 712 3898 ad
738 3830 940 3920 episcopum
966 3830 1224 3900 Lubuczensem
1251 3830 1422 3919 pertinet;
1449 3830 1483 3899 in
1511 3828 1580 3900 ista
1602 3828 1685 3898 villo
1703 3831 1785 3899 sunt

233 3949 383 4040 quinque
419 3949 548 4037 mansi,
584 3951 620 4018 et
656 3948 802 4039 quilibet
838 3950 942 4021 solvit
977 3971 1040 4040 pro
1078 3971 1184 4021 censu
1220 3949 1344 4039 viginti
1371 3956 1519 4038 scottos;
1546 3950 1628 4019 item
1654 3955 1710 4020 est
1735 3948 1785 4019 ibi

233 4090 321 4141 unus
348 4069 469 4140 laneus
495 4069 697 4139 monasterii
724 4068 871 4141 Sanctae
899 4070 1018 4142 Crucis
1046 4071 1179 4142 Calvi
1206 4071 1391 4161 Montis
1409 4075 1446 4141 et
1464 4070 1568 4141 solvit
1585 4090 1648 4160 pro
1667 4089 1784 4140 mona-

234 4191 341 4261 sterio
368 4188 515 4261 Sanctae
542 4189 671 4264 Crucis.
707 4190 796 4261 Item
824 4198 905 4262 suut
932 4191 1020 4262 duae
1046 4193 1285 4281 hortulaniae‚
1313 4198 1349 4264 et
1377 4191 1550 4283 quaelibet
1576 4191 1680 4262 solvit
1707 4196 1800 4262 octo‘

233 4317 382 4400 scottos3
408 4312 492 4384 item
529 4311 661 4382 decima
687 4315 740 4381 est
767 4312 934 4383 eeclesiae
962 4313 1169 4402 paroehialis
1196 4314 1232 4383 in
1260 4313 1467 4403 Monimo,
1493 4312 1720 4403 manipularis
1747 4317 1784 4383 et

232 4432 416 4523 campalis,
444 4439 480 4503 et
506 4432 604 4503 valor
630 4433 704 4503 eius
732 4434 937 4504 aestimatur
964 4433 1008 4505 ad
1036 4454 1097 4503 sex
1124 4454 1268 4505 marcas.
1295 4436 1384 4504 Item
1411 4454 1474 4524 pro
1493 4432 1783 4529 1111111111εοί-

234 4555 285 4625 vit
320 4554 467 4643 quilibet
502 4554 588 4625 duos
623 4574 764 4644 grossos
800 4554 843 4625 de
874 4575 1012 4644 manso,
1039 4557 1123 4626 item
1149 4577 1213 4645 pro
1240 4555 1352 4627 haedo
1380 4555 1531 4626 medium
1557 4575 1717 4644 grossum
1743 4553 1787 4626 de

232 4695 372 4764 manso,
399 4674 481 4745 item
514 4695 578 4764 pro
613 4698 671 4769 sep
706 4675 849 4746 tritioali
882 4675 968 4747 duos
996 4677 1120 4747 choros
1148 4676 1258 4747 tritici
1286 4677 1328 4747 de
1358 4676 1512 4765 quolibet
1539 4696 1677 4764 manso,
1704 4675 1786 4746 item

232 4816 296 4886 pro
322 4818 381 4890 sep
408 4795 543 4865 aveuali
569 4801 641 4866 tres
669 4796 792 4866 choros
820 4817 966 4887 auronae,
993 4797 1076 4867 item
1104 4797 1172 4867 duo
1191 4797 1277 4886 pulli
1295 4797 1337 4867 de
1355 4818 1486 4886 manso,
1505 4798 1589 4868 item
1608 4796 1675 4867 duo
1693 4797 1786 4868 casei

234 4917 438 5006 demenso,
466 4917 550 4987 item
577 4917 702 5006 uiginti
730 4939 795 4990 ora
822 4917 864 4988 de
892 4938 1030 5008 manso,
1058 4920 1142 4989 item
1168 4937 1232 5007 pro
1260 4918 1411 4988 statione
1438 4919 1531 5008 regis
1559 4939 1619 4990 sex
1645 4938 1787 5007 grossos

233 5038 276 5109 de
311 5058 448 5128 manso,
475 5038 557 5107 item
593 5060 658 5128 pro
691 5039 840 5110 statione
867 5039 960 5128 regis
986 5045 1059 5109 tres
1088 5039 1213 5109 choros
1240 5058 1389 5126 auenae3
1425 5040 1507 5109 item
1533 5039 1696 5110 laborant
1722 5060 1787 5130 per

232 5158 320 5231 duos
356 5158 430 5229 dies
458 5159 493 5228 in
520 5161 731 5249 septimana,
759 5165 795 5230 et
820 5160 995 5231 hortulani
1023 5160 1185 5231 laborant
1220 5179 1283 5248 per
1310 5158 1396 5229 duos
1425 5159 1500 5230 dies
1528 5160 1564 5229 iu
1592 5161 1787 5250 septimana

234 5284 269 5352 et
305 5281 443 5351 solvunt
479 5281 579 5351 arubo
616 5285 781 5373 quantum
817 5303 905 5354 unus
933 5283 1083 5373 amotio,
1111 5282 1293 5371 pedestres
1329 5286 1444 5353 tumen
1471 5281 1609 5353 labores
1636 5285 1786 5353 tantum-

234 5400 337 5478 modo
364 5401 516 5496 impleut.
