4050 6054
184 415 362 549 '94

412 685 537 758 Petrus
562 685 721 776 Zytlco,
753 691 902 775 quatuor
928 706 1068 776 grossos
1094 686 1193 758 latos.

262 882 264 885 ,
374 822 377 833 “
411 806 601 879 Gatharina
626 805 997 895 Koszczolkowa,
1024 804 1181 877 undecim
1209 809 1339 878 scottos
1366 804 1468 876 latos.

410 927 604 1000 Stanislaus
631 927 772 1017 Lang,
798 927 916 999 consul
944 926 1199 1015 Cracoviensis,
1226 924 1486 1016 quatuordecim
1512 946 1562 1014 gr.
1588 925 1648 995 lat.
1692 1013 1695 1015 Α

409 1047 550 1119 Marcus
578 1046 916 1137 Caederneder,
944 1054 1094 1138 quatuor
1118 1067 1258 1138 grossos
1284 1047 1385 1119 latos

408 1167 559 1239 lacobus
587 1168 765 1258 Tcplar,
793 1169 943 1260 quinque
969 1189 1117 1258 grossos.

408 1287 537 1360 Paulus
564 1288 755 1380 Rethey,
780 1295 853 1360 tres
879 1310 1028 1379 grossos.

410 1408 620 1480 Laurentius
647 1409 908 1498 Roszentel,
935 1415 1066 1499 septem
1083 1431 1233 1500 grossos.

408 1528 586 1601 lohannes
613 1529 796 1621 Polsky,
823 1551 945 1601 novem
971 1551 1120 1621 grossos.

409 1650 558 1722 Thomas
585 1649 762 1740 Teplar,
795 1656 945 1742 quatuor
969 1672 1119 1742 grossos.

409 1770 573 1843 Nicolaus
599 1771 892 1862 Unikcwsky,
919 1791 1040 1869 nouem
1068 1779 1191 1845 scotos.

407 1891 584 1964 lohannes
611 1891 776 1982 Molde,
807 1892 932 1982 viginti
950 1914 1055 1964 unum
1072 1914 1281 1985 grossorum.

408 2011 536 2084 Paulus
562 2013 729 2102 Frank,
755 2034 816 2085 sex
841 2033 990 2104 grossm.

406 2131 555 2205 Matthis
581 2133 738 2223 Klene,
765 2139 915 2225 quatuor
940 2154 1089 2223 grossos.

407 2254 615 2327 Laurentius
642 2252 770 2326 Griff
775 2255 865 2342 nik,
893 2255 979 2325 duos
1005 2274 1154 2343 grossos.

407 2374 600 2447 Stanislaus
626 2375 778 2464 Feter,
805 2395 866 2446 sex
892 2395 1041 2465 grossos.

408 2495 585 2566 lohannes
611 2494 799 2586 Polsky,
827 2495 953 2566 iterum
979 2498 1128 2585 quatuor
1153 2516 1295 2584 grossos
1330 2516 1372 2568 ex
1400 2495 1470 2566 alia
1495 2514 1585 2568 area.

406 2614 582 2686 Jobannes
609 2613 918 2705 Lutifignlus,
944 2614 1103 2687 undecim
1131 2622 1270 2688 scottos.

405 2733 582 2807 lohannes
608 2734 863 2829 Kocnbyal,
890 2737 1040 2828 quinque
1066 2758 1215 2828 grossos.

407 2854 580 2930 Altarista
605 2857 748 2929 maioris
775 2856 896 2929 altaris
922 2856 1040 2929 Sancti
1066 2857 1236 2930 Johannis
1263 2857 1444 2947 Baptistae
1471 2855 1516 2927 ad
1539 2855 1571 2927 S.
1599 2855 1790 2931 Barbaram
1816 2855 1851 2927 in

509 2976 752 3066 cracovia,
781 2977 1041 3068 quatuordecim
1067 2999 1215 3070 grossos.

407 3097 658 3168 Monasterium
685 3095 832 3169 Sanctae
858 3096 993 3168 Mariae
1020 3096 1063 3169 de
1088 3097 1268 3190 Arena*
1282 3119 1386 3171 unam
1412 3117 1573 3171 marcam

406 3217 598 3290 Stanislaus
624 3216 844 3309 Scythko,
872 3224 1020 3308 quatuor
1046 3239 1195 3309 grossos.

406 3336 601 3429 Philippus,
623 3345 695 3410 tres
721 3359 870 3428 grossos.

405 3459 553 3532 Faciunt
583 3461 665 3532 181.
693 3457 868 3531 CLXXXI
893 3479 985 3549 gros.
1012 3464 1048 3529 et
1074 3480 1178 3530 unam
1205 3480 1364 3530 marcam.

408 3579 532 3652 Nmnn
552 3579 683 3652 mma
711 3578 936 3669 Gmethones,
963 3580 1095 3651 incolae
1122 3586 1159 3651 et
1180 3579 1357 3652 hortulani
1384 3579 1427 3650 de
1445 3578 1591 3669 Nigra
1617 3580 1760 3673 Villa,
1784 3582 1850 3659 sub

301 3700 468 3791 parochia
493 3702 658 3773 ecclesiae
686 3702 729 3773 de
749 3701 875 3773 Sancto
902 3700 1078 3791 Stephano
1105 3701 1155 3783 in¹
1169 3700 1396 3772 Gracovia
1422 3701 1505 3789 sita,
1533 3702 1578 3773 acl
1603 3702 1852 3792 proprietatem

299 3827 336 3892 et
362 3821 550 3893 dominium
577 3823 676 3912 regni
702 3822 868 3910 Poloniae
895 3822 1091 3913 pertinens,
1118 3843 1240 3894 novem
1267 3821 1419 3895 fertones
1445 3823 1789 3897 rationehortorum
1812 3829 1851 3898 et

300 3960 478 4029 amarum,
505 3963 591 4032 quos
618 3947 654 4012 et
671 3963 757 4031 quas
783 3942 951 4031 incolunt,
978 3943 1117 4014 solvunt
1144 3943 1244 4014 annis
1271 3943 1415 4032 singulis
1445 3963 1509 4032 pro
1541 3943 1698 4015 custodia
1724 3941 1880 4017 Gnaeo.

301 4060 411 4130 viensi
437 4059 523 4131 duas
550 4082 684 4132 marcas
711 4067 748 4133 et
773 4082 878 4134 unum
904 4060 1087 4152 fertonem,
1115 4062 1254 4134 solvunt
1280 4084 1343 4153 pro
1370 4063 1488 4136 tribus
1510 4069 1659 4152 quatuor
1685 4065 1850 4153 tempori-

300 4178 365 4250 bus
392 4180 481 4251 anui.
526 4181 613 4251 Item
642 4202 705 4272 pro
733 4188 883 4272 quatuor
909 4183 1122 4272 temporibus
1149 4182 1296 4254 Sanctae
1323 4182 1505 4256 Trinitatis
1528 4188 1691 4256 tenentur
1717 4184 1850 4256 solvere

301 4305 373 4373 tres
399 4299 566 4391 fertones,
594 4323 656 4393 pro
683 4309 833 4394 quatuor
859 4304 1073 4394 temporibus
1100 4303 1247 4375 Sanctae
1277 4301 1398 4375 Crucis
1425 4303 1512 4376 alios
1539 4309 1611 4377 tres
1637 4303 1788 4377 fertones
1815 4310 1851 4376 et

298 4441 364 4513 pro
391 4428 539 4513 quatuor
567 4423 781 4514 temporibus
808 4424 956 4495 Sanctae
982 4424 1110 4495 Luciae
1138 4425 1295 4496 residuos
1321 4430 1395 4496 tres
1420 4423 1582 4497 fertones.

301 4637 304 4644 Ι
401 4544 489 4615 Item
502 4544 670 4649 ‚praefata
693 4545 852 4617 custodia
873 4544 1113 4617 Cracoviensis
1136 4546 1242 4618 habet
1265 4553 1338 4617 tres
1360 4546 1512 4618 decimas
1544 4546 1779 4636 manipulares
1814 4549 1850 4620 iu

300 4666 412 4738 tribus
439 4665 530 4737 villis
558 4673 594 4737 et
616 4668 726 4756 primo
746 4667 782 4737 in
800 4665 982 4757 Kobile,
1009 4668 1092 4738 villa
1119 4668 1182 4740 sub
1201 4668 1368 4759 parochia
1383 4649 1549 4742 ecclesiae
1576 4666 1619 4738 de
1637 4667 1850 4761 wyszny-

299 4809 374 4859 cze
393 4788 479 4878 sita,
498 4788 594 4861 cuius
613 4789 736 4860 haeres
754 4788 946 4861 Dobeslaus
965 4787 1163 4882 Kmytha
1181 4790 1224 4862 de
1243 4789 1539 4881 Wyaznycae,
1564 4791 1761 4863 castelanus
1780 4790 1850 4863 lm·

298 4907 474 4998 blinensis,
501 4909 626 4980 nobilis
653 4908 815 4980 dedomo
843 4907 1125 5001 Srzenyawa.
1169 4910 1210 4981 In
1229 4929 1297 4999 qua
1314 4915 1396 4983 sunt
1422 4908 1615 5005 quindecim
1642 4911 1734 4987 lanei
1761 4931 1850 4987 ome-
1896 4971 1900 4983 ,

296 5028 470 5119 thonales,
497 5031 645 5101 taberna
661 5050 732 5101 una
754 5036 791 5101 et
807 5030 1006 5102 nortmania
1028 5018 1110 5120 una,
1136 5030 1305 5102 habentes
1329 5051 1432 5120 agros
1455 5031 1635 5121 speciales,
1663 5031 1849 5122 dequibus

206 5216 210 5221 .
299 5150 457 5223 omnibus
484 5150 633 5223 solvitur
650 5150 783 5222 decima
801 5151 1026 5242 manipularis
1043 5172 1108 5241 pro
1127 5150 1285 5224 custodia
1307 5151 1528 5225 Oracovieusi
1559 5159 1596 5225 et
1613 5151 1751 5226 ducitur
1770 5174 1850 5244 pro-

297 5272 384 5362 priis
414 5273 573 5344 cunibus
599 5273 635 5343 in
661 5273 825 5345 horreum
852 5294 874 5344 a
899 5272 1042 5345 custode
1069 5272 1278 5363 eligendum,
1304 5280 1342 5348 et
1367 5274 1507 5348 solvont
1532 5273 1700 5346 dammam
1726 5275 1849 5365 canapi

297 5387 361 5496 p‘er
387 5399 536 5486 quatuor
563 5395 741 5477 iuncturas
776 5400 813 5477 et
835 5395 1040 5475 aestimatur
1066 5395 1164 5473 valor
1191 5395 1265 5473 eius
1292 5395 1337 5472 ad
1359 5395 1483 5491 uiginti
1499 5415 1653 5470 inerms.
1696 5394 1785 5469 Item
1810 5396 1848 5469 in
