4050 6054
1651 423 1699 495 bd

147 624 242 721 agris
268 625 418 715 percipit
452 625 546 695 illam
573 626 608 696 in
636 624 851 715 hyemalibus
878 628 913 696 ct
940 624 1165 697 aestivalibus
1200 624 1383 699 frumentis
1415 629 1547 700 vicaria
1573 628 1699 706 Gracc·

148 746 287 834 riensis,
314 724 492 835 pertinens
519 745 564 816 ad
591 747 830 817 canonicatum
849 751 885 818 ct
902 746 1135 836 praebendam
1153 746 1413 838 Wagrzeczska,
1441 753 1476 820 et
1494 751 1700 824 aestimatur

147 867 246 938 valor
272 866 348 937 eius
377 866 422 937 ad
449 887 509 937 sex
536 886 687 955 marcae,
724 887 767 938 ex
795 868 872 938 aliis
900 873 1015 938 autem
1042 869 1190 957 campis,
1226 869 1321 940 tollit
1346 870 1441 941 illam
1468 872 1635 960 plebanus
1662 880 1699 945 et

148 987 294 1059 ecelesia
322 986 469 1059 Sanctae
496 987 631 1058 lllariac
660 989 694 1058 in
722 978 956 1060 cracovia.
984 988 1096 1058 Huius
1124 989 1226 1061 villae
1252 990 1389 1080 aliquae
1417 998 1530 1062 sortes
1558 996 1696 1065 carroni-

154 1108 248 1180 calcs
276 1113 413 1198 emptae
441 1114 521 1180 sunt
549 1110 592 1180 ab
619 1109 746 1180 Hanka
773 1111 844 1180 lilia
869 1103 1144 1200 Pcsrkonis,
1170 1131 1235 1200 pro
1261 1113 1439 1202 octoginta
1464 1114 1653 1204 montisel
1678 1138 1701 1188 a

146 1229 253 1303 Petro
280 1230 351 1300 lilio
379 1229 597 1319 Falislai,
634 1236 669 1301 et
695 1251 716 1300 a
742 1230 893 1302 lllaelma
919 1236 954 1301 et
981 1230 1165 1302 Suanchna
1191 1231 1328 1304 liliabus
1355 1233 1441 1322 eius,
1469 1254 1532 1323 pro
1561 1241 1698 1307 centum

146 1352 273 1423 marcis
300 1351 448 1423 latorum
475 1373 675 1441 grossorum
707 1352 804 1424 1350
833 1374 862 1423 a.
890 1353 977 1423 Item
1005 1352 1157 1423 confinat
1183 1353 1265 1424 villa
1291 1353 1449 1443 praefato
1475 1375 1552 1425 cum
1582 1356 1698 1428 Daie-

147 1472 430 1562 kanowicze,
468 1473 551 1543 villa
577 1473 770 1562 capitulari,
798 1478 835 1543 ct
862 1480 943 1544 sunt
970 1474 1062 1544 inter
1089 1474 1166 1545 illas
1193 1475 1229 1544 in
1256 1475 1429 1565 aliquibus
1454 1476 1540 1547 locis
1567 1477 1697 1550 limites

148 1592 313 1683 continui,
340 1594 427 1665 alias
454 1592 619 1688 acppczsdp,
646 1595 682 1664 in
702 1595 873 1684 aliquibus
893 1615 975 1665 vcro
995 1601 1106 1666 strata
1132 1595 1422 1685 Slumpniczensis
1449 1596 1583 1669 dividit.
1609 1599 1696 1669 Item

147 1713 297 1787 confiunt
323 1734 400 1785 cum
426 1714 790 1804 Mlcdziciowiczc,
826 1715 1077 1804 Xangnicze,
1113 1716 1268 1806 Bolon,
1291 1716 1471 1806 Bibiczc,
1499 1717 1720 1809 Wanger-.

148 1854 228 1924 oze,
255 1842 292 1906 et
318 1842 399 1907 sunt
425 1844 637 1926 campestres
665 1837 792 1907 limites
819 1837 972 1907 continui
999 1836 1205 1926 interillos,
1232 1837 1319 1913 alias
1346 1835 1510 1932 reppereris

250 1957 338 2029 Item
364 1957 564 2047 praebenda
599 1957 753 2047 praefata
789 1958 896 2028 habet
922 1958 1071 2028 decimas
1098 1958 1331 2047 manipulares
1367 1957 1625 2048 infrascriptas:
1661 1967 1697 2032 et

145 2079 266 2168 primo,
294 2078 401 2150 habet
427 2079 593 2149 decimam
617 2080 866 2169 manipularem
893 2080 928 2148 in
955 2078 1104 2167 Magna
1130 2078 1469 2170 Praemyaczany,
1497 2080 1579 2151 villa
1598 2101 1696 2152 sanc-

146 2199 373 2270 timonialium
402 2200 444 2270 de
471 2199 706 2291 Stanyatlri‚
734 2200 798 2270 sub
816 2200 984 2289 parochia
1010 2200 1174 2270 ccelesIae
1201 2199 1243 2270 de
1271 2200 1524 2291 Zyelcnyczc
1551 2202 1628 2272 sita.
1655 2203 1695 2272 In

146 2338 214 2410 qua
240 2320 336 2391 nulla
361 2326 417 2391 est
442 2321 548 2410 curia,
576 2343 639 2393 nec
666 2321 772 2410 aliqui
799 2320 891 2390 lanei
918 2320 1120 2410 praediales,
1148 2319 1209 2391 sed
1238 2320 1431 2410 quindecim
1458 2323 1695 2394 tantummodo

145 2442 236 2513 lanei
263 2443 514 2532 emethonales,
551 2448 587 2512 et
614 2442 702 2512 durae
730 2443 895 2513 tabernac
923 2449 959 2513 ct
985 2462 1091 2512 unum
1118 2441 1369 2532 molendinum,
1406 2444 1565 2532 proprios
1591 2463 1695 2532 agros

146 2563 322 2635 habentes:
350 2564 412 2635 sed
438 2563 615 2653 perceptio
643 2565 746 2634 huius
773 2563 926 2634 decimae
945 2563 1199 2634 diversificatur
1226 2564 1261 2632 in
1280 2571 1352 2634 tres
1378 2564 1593 2652 praebendas
1612 2563 1696 2637 Cra-

146 2685 332 2775 covienses,
359 2684 521 2755 videlicet
548 2685 582 2754 in
610 2692 827 2774 praesentem
854 2684 1087 2774 praebendam
1114 2684 1371 2772 Bossutowslra,
1399 2690 1435 2755 et
1461 2685 1497 2754 in
1523 2686 1693 2774 praeben-

149 2805 227 2876 dam
256 2804 552 2895 Wyanczkowska
578 2809 614 2875 et
642 2806 677 2876 in
704 2805 938 2895 praebendam
955 2805 1153 2895 Zprauska3
1182 2803 1320 2874 biennio
1348 2810 1464 2875 autem
1492 2825 1534 2874 cx
1561 2805 1695 2876 dnobus

146 2928 275 3016 campis
301 2927 453 3016 pertinet
480 2926 590 2997 maior
617 2947 698 3016 pars
726 2926 898 3016 decimae,
925 2927 960 2996 in
987 2927 1093 2998 tertIo
1121 2946 1204 2996 vero
1232 2944 1322 2996 anum
1349 2926 1386 2994 ln
1412 2925 1538 2996 miuori
1565 2947 1695 3016 campo,
1781 2993 1783 2998 .

145 3048 257 3121 minor
292 3068 372 3135 pars
408 3052 544 3136 spectat
579 3046 732 3116 decimae
768 3047 1055 3137 adpraesentent
1089 3046 1321 3134 praebendam
1350 3046 1632 3134 Bossutlrowslra,
1660 3052 1696 3117 ct

146 3169 284 3239 ducitur
311 3190 374 3258 per
400 3169 598 3239 cmethoncs
617 3190 680 3258 pro
700 3170 858 3240 omnibus
886 3168 1057 3239 carronicis
1076 3167 1111 3237 in
1130 3168 1301 3256 horreum,
1320 3172 1356 3237 et
1375 3168 1580 3238 aestimatur
1598 3168 1695 3239 valor
1749 3169 1761 3193 ⁸

145 3291 235 3380 ciuS,
267 3289 404 3380 quando
432 3291 468 3360 in
495 3290 618 3360 maiori
645 3292 840 3380 quantitate
868 3289 1073 3379 percipitur,
1110 3287 1154 3358 ad
1182 3288 1299 3359 decem
1334 3295 1395 3359 uuit
1432 3294 1509 3359 octo
1546 3310 1695 3378 marcae,

146 3411 283 3502 quando
309 3432 393 3484 vero
415 3413 451 3481 in
470 3413 595 3482 minori
622 3413 813 3502 percipitur
832 3411 1035 3502 quantitate,
1062 3410 1266 3480 aestimatur
1284 3409 1328 3479 ad
1346 3414 1419 3480 tres
1447 3432 1589 3480 marcas
1617 3410 1695 3480 Sin-

144 3534 235 3623 gulis
268 3537 383 3624 sntem
416 3534 516 3605 annis
553 3533 718 3604 decimam
754 3534 876 3620 canapi
911 3553 974 3620 per
1001 3536 1149 3621 quatuor
1186 3533 1363 3601 iuncturas
1400 3531 1523 3619 solvit,
1560 3536 1594 3601 ct
1621 3532 1695 3601 sola

144 3654 343 3746 praebenda
369 3675 534 3744 praesens
566 3655 809 3724 Bossutowslra
835 3644 993 3741 singulis
1009 3653 1108 3722 annis
1135 3652 1229 3721 illam
1257 3651 1415 3751 percipit.

247 3776 336 3847 Item
363 3776 470 3846 habet
496 3775 680 3846 secundam
708 3774 957 3864 manipularem
984 3773 1151 3842 decInram
1178 3773 1213 3841 in
1251 3770 1574 3858 Blcgocziczc,
1612 3771 1694 3840 silla

145 3898 209 3969 sub
226 3898 393 3987 parochia
411 3898 575 3968 ecclesiae
594 3897 636 3966 dc
664 3892 959 3984 Nyegardcw,
988 3893 1084 3963 cuius
1103 3912 1172 3962 una
1190 3912 1271 3981 pars
1290 3891 1444 3978 pertmet
1458 3891 1531 3960 iure
1551 3891 1693 3961 dominii

144 3992 188 4089 ad
215 4018 493 4089 sanctimoniales
521 4017 564 4088 de
591 4015 905 4106 Sthanyatky,
934 4014 1046 4085 altera
1072 4012 1116 4082 ad
1143 4012 1333 4101 Zegotham
1357 4017 1393 4082 ct
1411 4012 1621 4100 Rapbaelem
1649 4013 1692 4083 de

144 4138 339 4233 Ryther,
366 4141 499 4210 nobiles
527 4139 569 4209 de
596 4139 697 4208 dorna
726 4138 1009 4226 BIpennium.
1037 4136 1076 4204 In
1096 4155 1164 4224 qua
1183 4139 1264 4205 sinit
1290 4154 1350 4203 sex
1378 4133 1470 4204 lanei
1496 4135 1696 4207 emethona-

26 4260 29 4265 ’
143 4261 203 4350 les,
231 4260 274 4332 de
293 4261 417 4350 quibus
445 4282 504 4330 sex
531 4261 640 4330 laneis
668 4259 834 4329 decimam
853 4257 1101 4347 manIpularem
1128 4256 1276 4345 percipit
1303 4255 1502 4345 praebenda
1521 4277 1694 4346 praesens,

146 4389 181 4453 et
207 4386 370 4453 tenentur
396 4381 490 4451 illam
517 4382 714 4452 emethones
741 4380 891 4469 propriis
911 4378 1070 4448 curribus
1098 4378 1223 4448 ducere
1251 4378 1286 4446 in
1314 4378 1477 4448 horreum
1506 4399 1568 4466 prc
1589 4398 1693 4447 cano-

144 4504 231 4592 nico,
259 4508 295 4573 ct
321 4503 487 4573 decimam
513 4503 636 4592 rzarrapi
662 4507 724 4591 pei
748 4507 896 4593 quatuor
924 4501 1102 4570 iuncturas
1130 4500 1273 4588 solvere,
1301 4503 1338 4568 et
1364 4499 1568 4570 aestimatur
1596 4498 1694 4568 valor
1758 4505 1761 4512 '

58 4652 62 4657 ·
145 4624 217 4695 eius
244 4623 289 4694 ad
317 4630 395 4695 octo
421 4643 566 4693 marcas.

248 4745 335 4815 Item
362 4744 405 4814 de
433 4749 582 4833 quatuor
609 4744 717 4815 laneis
745 4741 1028 4830 cmcthcnalibuS,
1056 4741 1160 4811 etde
1188 4739 1321 4811 duabus
1349 4740 1454 4810 curiis
1483 4761 1524 4809 ac
1541 4737 1693 4826 praediis

145 4887 272 4956 earum,
301 4887 448 4955 quarum
476 4887 545 4936 una
572 4872 626 4936 est
653 4864 871 4954 coenobialis,
900 4863 1012 4934 altera
1037 4863 1209 4950 militaris,
1237 4863 1272 4931 in
1291 4862 1385 4931 dieta
1404 4860 1486 4930 villa
1504 4860 1694 4929 corrsisten-

143 4987 245 5076 tibus,
271 5006 341 5058 non
369 4988 516 5059 solvitur
543 4987 677 5057 decima
703 4985 927 5075 manipularis
955 5005 1018 5074 pro
1046 4982 1257 5073 praebenda,
1286 4981 1346 5053 sed
1374 4981 1417 5051 dc
1444 4980 1588 5070 praedio
1616 5000 1694 5051 coe-

144 5109 274 5181 nobiali
301 5110 448 5199 percipit
474 5108 569 5181 illam
597 5109 799 5180 coenobium
827 5106 1139 5178 sanctimonialium
1166 5104 1209 5175 de
1236 5101 1534 5193 Stlranyatky
1561 5122 1629 5172 non
1657 5101 1693 5170 in

38 5270 40 5274 -
143 5232 227 5319 toto,
248 5216 315 5301 sed
344 5231 378 5300 in
406 5234 516 5319 parte;
544 5229 586 5298 dc
614 5235 762 5318 quatuor
790 5233 905 5299 autem
933 5227 1043 5298 laneIs
1071 5225 1351 5313 cmctbonalibus,
1380 5229 1415 5294 et
1435 5222 1477 5294 de
1496 5223 1590 5313 eugris
1609 5222 1693 5293 dauo-

143 5368 219 5423 rum
246 5351 529 5442 hortudancrum,
551 5343 592 5421 ⁴ct
619 5350 661 5421 de
689 5351 783 5441 agris
810 5349 984 5443 aliquibus
1011 5347 1145 5441 praedii
1173 5346 1398 5441 coenobialis,
1424 5344 1573 5441 percipit
1598 5344 1696 5423 illam
