<?xml version="1.0" encoding="UTF-8"?>
<!DOCTYPE html PUBLIC "-//W3C//DTD XHTML 1.0 Transitional//EN"
    "http://www.w3.org/TR/xhtml1/DTD/xhtml1-transitional.dtd">
<html xmlns="http://www.w3.org/1999/xhtml" xml:lang="en" lang="en">
 <head>
  <title>
</title>
<meta http-equiv="Content-Type" content="text/html;charset=utf-8" />
  <meta name='ocr-system' content='tesseract 3.04.00' />
  <meta name='ocr-capabilities' content='ocr_page ocr_carea ocr_par ocr_line ocrx_word'/>
</head>
<body>
  <div class='ocr_page' id='page_1' title='image "./joannisdugoszse00dugoog_0374.png"; bbox 0 0 4050 6054; ppageno 0'>
   <div class='ocr_carea' id='block_1_1' title="bbox 1681 418 1760 493">
    <p class='ocr_par' dir='ltr' id='par_1_1' title="bbox 1681 418 1760 493">
     <span class='ocr_line' id='line_1_1' title="bbox 1681 418 1760 493; baseline 0 0"><span class='ocrx_word' id='word_1_1' title='bbox 1681 418 1760 493; x_wconf 84' lang='lat'>345·</span> 
     </span>
    </p>
   </div>
   <div class='ocr_carea' id='block_1_2' title="bbox 105 621 1878 5297">
    <p class='ocr_par' dir='ltr' id='par_1_2' title="bbox 209 621 1878 963">
     <span class='ocr_line' id='line_1_2' title="bbox 314 621 1760 717; baseline 0.002 -22"><span class='ocrx_word' id='word_1_2' title='bbox 314 621 579 714; x_wconf 77' lang='lat' dir='ltr'>Mnuowrncz,</span> <span class='ocrx_word' id='word_1_3' title='bbox 606 622 690 695; x_wconf 90' lang='lat' dir='ltr'>villa</span> <span class='ocrx_word' id='word_1_4' title='bbox 707 624 771 696; x_wconf 92' lang='lat' dir='ltr'>sub</span> <span class='ocrx_word' id='word_1_5' title='bbox 790 623 955 714; x_wconf 86' lang='lat' dir='ltr'>parochia</span> <span class='ocrx_word' id='word_1_6' title='bbox 978 623 1141 695; x_wconf 90' lang='lat' dir='ltr'>ecclesiae</span> <span class='ocrx_word' id='word_1_7' title='bbox 1167 623 1210 695; x_wconf 88' lang='lat' dir='ltr'>de</span> <span class='ocrx_word' id='word_1_8' title='bbox 1229 623 1531 697; x_wconf 74' lang='lat' dir='ltr'>Skarucszow</span> <span class='ocrx_word' id='word_1_9' title='bbox 1558 626 1643 716; x_wconf 86' lang='lat' dir='ltr'>sita,</span> <span class='ocrx_word' id='word_1_10' title='bbox 1671 648 1760 717; x_wconf 88' lang='lat' dir='ltr'>quae</span> 
     </span>
     <span class='ocr_line' id='line_1_3' title="bbox 211 731 1760 838; baseline 0.001 -23"><span class='ocrx_word' id='word_1_11' title='bbox 211 745 293 816; x_wconf 94' lang='lat' dir='ltr'>olim</span> <span class='ocrx_word' id='word_1_12' title='bbox 312 751 389 815; x_wconf 88' lang='lat' dir='ltr'>erat</span> <span class='ocrx_word' id='word_1_13' title='bbox 406 744 511 834; x_wconf 86' lang='lat' dir='ltr'>regla,</span> <span class='ocrx_word' id='word_1_14' title='bbox 538 765 629 815; x_wconf 92' lang='lat' dir='ltr'>nunc</span> <span class='ocrx_word' id='word_1_15' title='bbox 648 731 701 814; x_wconf 86' lang='lat' dir='ltr'>est</span> <span class='ocrx_word' id='word_1_16' title='bbox 717 744 887 816; x_wconf 83' lang='lat' dir='ltr'>lobannis</span> <span class='ocrx_word' id='word_1_17' title='bbox 915 745 1270 837; x_wconf 86' lang='lat' dir='ltr'>Strzalkowsky</span> <span class='ocrx_word' id='word_1_18' title='bbox 1297 745 1339 815; x_wconf 88' lang='lat' dir='ltr'>de</span> <span class='ocrx_word' id='word_1_19' title='bbox 1358 746 1463 816; x_wconf 85' lang='lat' dir='ltr'>armis</span> <span class='ocrx_word' id='word_1_20' title='bbox 1480 745 1760 838; x_wconf 80' lang='lat' dir='ltr'>Polulrozya,</span> 
     </span>
     <span class='ocr_line' id='line_1_4' title="bbox 209 844 1878 963; baseline 0.001 -27"><span class='ocrx_word' id='word_1_21' title='bbox 209 866 246 936; x_wconf 92' lang='lat' dir='ltr'>in</span> <span class='ocrx_word' id='word_1_22' title='bbox 273 885 342 955; x_wconf 89' lang='lat' dir='ltr'>qua</span> <span class='ocrx_word' id='word_1_23' title='bbox 367 870 449 936; x_wconf 89' lang='lat' dir='ltr'>sunt</span> <span class='ocrx_word' id='word_1_24' title='bbox 476 863 594 935; x_wconf 88' lang='lat' dir='ltr'>decem</span> <span class='ocrx_word' id='word_1_25' title='bbox 620 864 712 934; x_wconf 88' lang='lat' dir='ltr'>lanei</span> <span class='ocrx_word' id='word_1_26' title='bbox 738 864 985 954; x_wconf 86' lang='lat' dir='ltr'>cmethonales‚</span> <span class='ocrx_word' id='word_1_27' title='bbox 1013 865 1055 935; x_wconf 92' lang='lat' dir='ltr'>de</span> <span class='ocrx_word' id='word_1_28' title='bbox 1083 864 1206 954; x_wconf 86' lang='lat' dir='ltr'>quibus</span> <span class='ocrx_word' id='word_1_29' title='bbox 1233 864 1458 954; x_wconf 82' lang='lat' dir='ltr'>manipularis</span> <span class='ocrx_word' id='word_1_30' title='bbox 1486 866 1618 936; x_wconf 87' lang='lat' dir='ltr'>decima</span> <span class='ocrx_word' id='word_1_31' title='bbox 1643 844 1761 959; x_wconf 83' lang='lat' dir='ltr'>etper</span> <span class='ocrx_word' id='word_1_32' title='bbox 1784 940 1788 948; x_wconf 77' lang='grc'>,</span> <span class='ocrx_word' id='word_1_33' title='bbox 1815 933 1819 940; x_wconf 85' lang='grc'><strong>,</strong></span> <span class='ocrx_word' id='word_1_34' title='bbox 1872 954 1878 963; x_wconf 33' lang='lat'><strong>·</strong></span> 
     </span>
    </p>

    <p class='ocr_par' dir='ltr' id='par_1_3' title="bbox 158 972 1772 1801">
     <span class='ocr_line' id='line_1_5' title="bbox 158 972 1772 1076; baseline 0.002 -20"><span class='ocrx_word' id='word_1_35' title='bbox 158 1033 161 1039; x_wconf 92' lang='lat'>-</span> <span class='ocrx_word' id='word_1_36' title='bbox 211 990 361 1076; x_wconf 91' lang='lat' dir='ltr'>quatuor</span> <span class='ocrx_word' id='word_1_37' title='bbox 395 986 534 1073; x_wconf 84' lang='lat' dir='ltr'>ierugas</span> <span class='ocrx_word' id='word_1_38' title='bbox 561 984 736 1074; x_wconf 87' lang='lat' dir='ltr'>canapalis</span> <span class='ocrx_word' id='word_1_39' title='bbox 763 983 910 1055; x_wconf 90' lang='lat' dir='ltr'>solvitur</span> <span class='ocrx_word' id='word_1_40' title='bbox 941 984 1118 1056; x_wconf 80' lang='lat' dir='ltr'><strong>custodiae</strong></span> <span class='ocrx_word' id='word_1_41' title='bbox 1145 983 1433 1074; x_wconf 87' lang='lat' dir='ltr'>Sandomiriensi‚</span> <span class='ocrx_word' id='word_1_42' title='bbox 1467 991 1503 1056; x_wconf 89' lang='lat' dir='ltr'>et</span> <span class='ocrx_word' id='word_1_43' title='bbox 1529 985 1659 1057; x_wconf 91' lang='lat' dir='ltr'>ducunt</span> <span class='ocrx_word' id='word_1_44' title='bbox 1675 972 1772 1059; x_wconf 57' lang='grc' dir='ltr'>ὥ·</span> 
     </span>
     <span class='ocr_line' id='line_1_6' title="bbox 211 1104 1761 1178; baseline 0.001 -2"><span class='ocrx_word' id='word_1_45' title='bbox 211 1106 409 1177; x_wconf 86' lang='lat' dir='ltr'>emetboncs</span> <span class='ocrx_word' id='word_1_46' title='bbox 435 1105 472 1175; x_wconf 95' lang='lat' dir='ltr'>in</span> <span class='ocrx_word' id='word_1_47' title='bbox 489 1104 651 1175; x_wconf 91' lang='lat' dir='ltr'>horreum</span> <span class='ocrx_word' id='word_1_48' title='bbox 679 1126 700 1174; x_wconf 94' lang='lat' dir='ltr'>a</span> <span class='ocrx_word' id='word_1_49' title='bbox 727 1105 867 1175; x_wconf 90' lang='lat' dir='ltr'>custode</span> <span class='ocrx_word' id='word_1_50' title='bbox 893 1104 1075 1175; x_wconf 89' lang='lat' dir='ltr'>locandum</span> <span class='ocrx_word' id='word_1_51' title='bbox 1103 1111 1139 1175; x_wconf 91' lang='lat' dir='ltr'>et</span> <span class='ocrx_word' id='word_1_52' title='bbox 1157 1105 1361 1176; x_wconf 87' lang='lat' dir='ltr'>aestimatur</span> <span class='ocrx_word' id='word_1_53' title='bbox 1387 1105 1485 1176; x_wconf 89' lang='lat' dir='ltr'>valor</span> <span class='ocrx_word' id='word_1_54' title='bbox 1512 1107 1586 1176; x_wconf 86' lang='lat' dir='ltr'>elus</span> <span class='ocrx_word' id='word_1_55' title='bbox 1614 1106 1658 1176; x_wconf 88' lang='lat' dir='ltr'>ad</span> <span class='ocrx_word' id='word_1_56' title='bbox 1676 1106 1761 1178; x_wconf 91' lang='lat' dir='ltr'>duo·</span> 
     </span>
     <span class='ocr_line' id='line_1_7' title="bbox 210 1224 1760 1314; baseline 0 -18"><span class='ocrx_word' id='word_1_57' title='bbox 210 1224 320 1296; x_wconf 87' lang='lat' dir='ltr'>decim</span> <span class='ocrx_word' id='word_1_58' title='bbox 337 1244 481 1295; x_wconf 90' lang='lat' dir='ltr'>marcas.</span> <span class='ocrx_word' id='word_1_59' title='bbox 515 1224 605 1295; x_wconf 84' lang='lat' dir='ltr'><strong>Item</strong></span> <span class='ocrx_word' id='word_1_60' title='bbox 622 1225 768 1295; x_wconf 81' lang='lat' dir='ltr'>taberna</span> <span class='ocrx_word' id='word_1_61' title='bbox 786 1246 858 1295; x_wconf 90' lang='lat' dir='ltr'>una</span> <span class='ocrx_word' id='word_1_62' title='bbox 875 1225 1006 1295; x_wconf 89' lang='lat' dir='ltr'>babens</span> <span class='ocrx_word' id='word_1_63' title='bbox 1024 1245 1142 1314; x_wconf 76' lang='lat' dir='ltr'>agros3</span> <span class='ocrx_word' id='word_1_64' title='bbox 1161 1225 1245 1295; x_wconf 89' lang='lat' dir='ltr'>item</span> <span class='ocrx_word' id='word_1_65' title='bbox 1265 1224 1484 1295; x_wconf 90' lang='lat' dir='ltr'>hortulaniae</span> <span class='ocrx_word' id='word_1_66' title='bbox 1502 1231 1575 1297; x_wconf 89' lang='lat' dir='ltr'>tres</span> <span class='ocrx_word' id='word_1_67' title='bbox 1592 1226 1760 1296; x_wconf 90' lang='lat' dir='ltr'>habentes</span> 
     </span>
     <span class='ocr_line' id='line_1_8' title="bbox 211 1344 1761 1437; baseline 0.001 -21"><span class='ocrx_word' id='word_1_68' title='bbox 211 1366 332 1435; x_wconf 81' lang='lat' dir='ltr'>egros,</span> <span class='ocrx_word' id='word_1_69' title='bbox 369 1365 411 1417; x_wconf 81' lang='lat' dir='ltr'>ex</span> <span class='ocrx_word' id='word_1_70' title='bbox 439 1346 533 1435; x_wconf 85' lang='lat' dir='ltr'>agris</span> <span class='ocrx_word' id='word_1_71' title='bbox 561 1345 795 1435; x_wconf 89' lang='lat' dir='ltr'>praedialibus</span> <span class='ocrx_word' id='word_1_72' title='bbox 823 1344 987 1434; x_wconf 82' lang='lat' dir='ltr'>largitos,</span> <span class='ocrx_word' id='word_1_73' title='bbox 1027 1345 1069 1415; x_wconf 90' lang='lat' dir='ltr'>de</span> <span class='ocrx_word' id='word_1_74' title='bbox 1097 1344 1220 1434; x_wconf 91' lang='lat' dir='ltr'>quibus</span> <span class='ocrx_word' id='word_1_75' title='bbox 1248 1346 1386 1416; x_wconf 93' lang='lat' dir='ltr'>solvunt</span> <span class='ocrx_word' id='word_1_76' title='bbox 1413 1345 1577 1416; x_wconf 83' lang='lat' dir='ltr'>decimam</span> <span class='ocrx_word' id='word_1_77' title='bbox 1605 1347 1761 1437; x_wconf 83' lang='lat' dir='ltr'>mampu-</span> 
     </span>
     <span class='ocr_line' id='line_1_9' title="bbox 210 1463 1762 1555; baseline 0.001 -21"><span class='ocrx_word' id='word_1_78' title='bbox 210 1464 319 1536; x_wconf 82' lang='lat' dir='ltr'>larem</span> <span class='ocrx_word' id='word_1_79' title='bbox 346 1464 510 1536; x_wconf 89' lang='lat' dir='ltr'>ecclesiae</span> <span class='ocrx_word' id='word_1_80' title='bbox 538 1465 573 1534; x_wconf 96' lang='lat' dir='ltr'>in</span> <span class='ocrx_word' id='word_1_81' title='bbox 591 1465 760 1535; x_wconf 89' lang='lat' dir='ltr'>Radom</span> <span class='ocrx_word' id='word_1_82' title='bbox 787 1463 904 1553; x_wconf 83' lang='lat' dir='ltr'>Nova,</span> <span class='ocrx_word' id='word_1_83' title='bbox 932 1467 1014 1535; x_wconf 86' lang='lat' dir='ltr'>item</span> <span class='ocrx_word' id='word_1_84' title='bbox 1032 1465 1211 1554; x_wconf 89' lang='lat' dir='ltr'>praedium</span> <span class='ocrx_word' id='word_1_85' title='bbox 1238 1465 1286 1536; x_wconf 94' lang='lat' dir='ltr'>ibi</span> <span class='ocrx_word' id='word_1_86' title='bbox 1312 1466 1454 1555; x_wconf 84' lang='lat' dir='ltr'>regium,</span> <span class='ocrx_word' id='word_1_87' title='bbox 1482 1464 1610 1555; x_wconf 87' lang='lat' dir='ltr'>dequo</span> <span class='ocrx_word' id='word_1_88' title='bbox 1630 1465 1762 1537; x_wconf 91' lang='lat' dir='ltr'>decima</span> 
     </span>
     <span class='ocr_line' id='line_1_10' title="bbox 210 1581 1760 1678; baseline 0.001 -22"><span class='ocrx_word' id='word_1_89' title='bbox 210 1585 433 1675; x_wconf 85' lang='lat' dir='ltr'>manipularis</span> <span class='ocrx_word' id='word_1_90' title='bbox 461 1585 564 1655; x_wconf 91' lang='lat' dir='ltr'>datur</span> <span class='ocrx_word' id='word_1_91' title='bbox 590 1585 753 1655; x_wconf 89' lang='lat' dir='ltr'>ecclesiae</span> <span class='ocrx_word' id='word_1_92' title='bbox 779 1586 815 1654; x_wconf 92' lang='lat' dir='ltr'>in</span> <span class='ocrx_word' id='word_1_93' title='bbox 834 1581 1003 1655; x_wconf 83' lang='lat' dir='ltr'>Radorn</span> <span class='ocrx_word' id='word_1_94' title='bbox 1030 1584 1131 1655; x_wconf 87' lang='lat' dir='ltr'>Nova</span> <span class='ocrx_word' id='word_1_95' title='bbox 1158 1584 1200 1655; x_wconf 89' lang='lat' dir='ltr'>de</span> <span class='ocrx_word' id='word_1_96' title='bbox 1218 1606 1286 1655; x_wconf 92' lang='lat' dir='ltr'>uno</span> <span class='ocrx_word' id='word_1_97' title='bbox 1314 1606 1407 1675; x_wconf 84' lang='lat' dir='ltr'>arvo,</span> <span class='ocrx_word' id='word_1_98' title='bbox 1435 1606 1557 1656; x_wconf 91' lang='lat' dir='ltr'>versus</span> <span class='ocrx_word' id='word_1_99' title='bbox 1584 1584 1760 1678; x_wconf 87' lang='lat' dir='ltr'>Radom‚</span> 
     </span>
     <span class='ocr_line' id='line_1_11' title="bbox 210 1703 1450 1801; baseline -0.002 -24"><span class='ocrx_word' id='word_1_100' title='bbox 210 1706 253 1777; x_wconf 91' lang='lat' dir='ltr'>de</span> <span class='ocrx_word' id='word_1_101' title='bbox 279 1704 356 1777; x_wconf 86' lang='grc'>11111</span> <span class='ocrx_word' id='word_1_102' title='bbox 383 1710 500 1776; x_wconf 89' lang='lat' dir='ltr'>autem</span> <span class='ocrx_word' id='word_1_103' title='bbox 527 1706 656 1795; x_wconf 89' lang='lat' dir='ltr'>campis</span> <span class='ocrx_word' id='word_1_104' title='bbox 683 1704 815 1795; x_wconf 88' lang='lat' dir='ltr'>praedii</span> <span class='ocrx_word' id='word_1_105' title='bbox 843 1705 945 1775; x_wconf 91' lang='lat' dir='ltr'>datur</span> <span class='ocrx_word' id='word_1_106' title='bbox 972 1704 1148 1782; x_wconf 77' lang='lat' dir='ltr'>custodiae</span> <span class='ocrx_word' id='word_1_107' title='bbox 1175 1706 1211 1776; x_wconf 92' lang='lat' dir='ltr'>in</span> <span class='ocrx_word' id='word_1_108' title='bbox 1235 1703 1450 1801; x_wconf 75' lang='lat' dir='ltr'>ponitbwom.</span> 
     </span>
    </p>

    <p class='ocr_par' dir='ltr' id='par_1_4' title="bbox 208 1824 1825 2880">
     <span class='ocr_line' id='line_1_12' title="bbox 315 1824 1759 1914; baseline 0 -17"><span class='ocrx_word' id='word_1_109' title='bbox 315 1824 485 1914; x_wconf 73' lang='grc'>(111111,</span> <span class='ocrx_word' id='word_1_110' title='bbox 512 1826 597 1896; x_wconf 88' lang='lat' dir='ltr'>villo</span> <span class='ocrx_word' id='word_1_111' title='bbox 623 1826 687 1896; x_wconf 91' lang='lat' dir='ltr'>sub</span> <span class='ocrx_word' id='word_1_112' title='bbox 714 1826 879 1914; x_wconf 88' lang='lat' dir='ltr'>parochia</span> <span class='ocrx_word' id='word_1_113' title='bbox 905 1826 1070 1896; x_wconf 89' lang='lat' dir='ltr'>ecclesiae</span> <span class='ocrx_word' id='word_1_114' title='bbox 1097 1826 1139 1896; x_wconf 92' lang='lat' dir='ltr'>de</span> <span class='ocrx_word' id='word_1_115' title='bbox 1167 1825 1315 1897; x_wconf 88' lang='lat' dir='ltr'>Sucha</span> <span class='ocrx_word' id='word_1_116' title='bbox 1342 1827 1428 1914; x_wconf 88' lang='lat' dir='ltr'>sita,</span> <span class='ocrx_word' id='word_1_117' title='bbox 1464 1827 1560 1897; x_wconf 89' lang='lat' dir='ltr'>cuins</span> <span class='ocrx_word' id='word_1_118' title='bbox 1592 1825 1759 1899; x_wconf 87' lang='lat' dir='ltr'>haeredes</span> 
     </span>
     <span class='ocr_line' id='line_1_13' title="bbox 211 1944 1762 2036; baseline 0.001 -20"><span class='ocrx_word' id='word_1_119' title='bbox 211 1945 338 2018; x_wconf 85' lang='lat' dir='ltr'>Petrus</span> <span class='ocrx_word' id='word_1_120' title='bbox 365 1944 577 2036; x_wconf 83' lang='lat' dir='ltr'>Szulyma</span> <span class='ocrx_word' id='word_1_121' title='bbox 604 1944 862 2016; x_wconf 87' lang='lat' dir='ltr'>etScarbek</span> <span class='ocrx_word' id='word_1_122' title='bbox 889 1945 1083 2017; x_wconf 87' lang='lat' dir='ltr'>Stanislaus</span> <span class='ocrx_word' id='word_1_123' title='bbox 1101 1945 1144 2016; x_wconf 91' lang='lat' dir='ltr'>de</span> <span class='ocrx_word' id='word_1_124' title='bbox 1163 1946 1267 2016; x_wconf 88' lang='lat' dir='ltr'>armis</span> <span class='ocrx_word' id='word_1_125' title='bbox 1286 1945 1513 2036; x_wconf 88' lang='lat' dir='ltr'>Szulyma,</span> <span class='ocrx_word' id='word_1_126' title='bbox 1541 1946 1577 2016; x_wconf 92' lang='lat' dir='ltr'>in</span> <span class='ocrx_word' id='word_1_127' title='bbox 1595 1965 1663 2035; x_wconf 88' lang='lat' dir='ltr'>qua</span> <span class='ocrx_word' id='word_1_128' title='bbox 1681 1950 1762 2017; x_wconf 91' lang='lat' dir='ltr'>sunt</span> 
     </span>
     <span class='ocr_line' id='line_1_14' title="bbox 208 2065 1755 2157; baseline 0 -20"><span class='ocrx_word' id='word_1_129' title='bbox 208 2066 313 2138; x_wconf 84' lang='lat' dir='ltr'>lanei‘</span> <span class='ocrx_word' id='word_1_130' title='bbox 336 2066 588 2156; x_wconf 86' lang='lat' dir='ltr'>cmcthonales,</span> <span class='ocrx_word' id='word_1_131' title='bbox 625 2065 820 2155; x_wconf 90' lang='lat' dir='ltr'>dequibus</span> <span class='ocrx_word' id='word_1_132' title='bbox 856 2065 989 2137; x_wconf 88' lang='lat' dir='ltr'>decima</span> <span class='ocrx_word' id='word_1_133' title='bbox 1024 2066 1247 2155; x_wconf 89' lang='lat' dir='ltr'>manipularis</span> <span class='ocrx_word' id='word_1_134' title='bbox 1284 2072 1320 2137; x_wconf 90' lang='lat' dir='ltr'>et</span> <span class='ocrx_word' id='word_1_135' title='bbox 1346 2087 1409 2156; x_wconf 91' lang='lat' dir='ltr'>per</span> <span class='ocrx_word' id='word_1_136' title='bbox 1436 2071 1585 2155; x_wconf 91' lang='lat' dir='ltr'>quatuor</span> <span class='ocrx_word' id='word_1_137' title='bbox 1616 2066 1755 2157; x_wconf 77' lang='lat' dir='ltr'>ierugas</span> 
     </span>
     <span class='ocr_line' id='line_1_15' title="bbox 211 2170 1761 2277; baseline -0.001 -18"><span class='ocrx_word' id='word_1_138' title='bbox 211 2186 387 2277; x_wconf 88' lang='lat' dir='ltr'>canapalis</span> <span class='ocrx_word' id='word_1_139' title='bbox 414 2170 561 2258; x_wconf 87' lang='lat' dir='ltr'>solvitur</span> <span class='ocrx_word' id='word_1_140' title='bbox 589 2187 767 2257; x_wconf 78' lang='lat' dir='ltr'>custodiae</span> <span class='ocrx_word' id='word_1_141' title='bbox 786 2185 1070 2275; x_wconf 89' lang='lat' dir='ltr'>Sandomiriensi,</span> <span class='ocrx_word' id='word_1_142' title='bbox 1098 2193 1133 2257; x_wconf 92' lang='lat' dir='ltr'>et</span> <span class='ocrx_word' id='word_1_143' title='bbox 1152 2187 1282 2257; x_wconf 82' lang='lat' dir='ltr'>duormt</span> <span class='ocrx_word' id='word_1_144' title='bbox 1308 2207 1383 2256; x_wconf 87' lang='lat' dir='ltr'>eam</span> <span class='ocrx_word' id='word_1_145' title='bbox 1402 2186 1599 2257; x_wconf 88' lang='lat' dir='ltr'>cmethones</span> <span class='ocrx_word' id='word_1_146' title='bbox 1626 2187 1662 2256; x_wconf 94' lang='lat' dir='ltr'>in</span> <span class='ocrx_word' id='word_1_147' title='bbox 1679 2186 1761 2258; x_wconf 90' lang='lat' dir='ltr'>bor·</span> 
     </span>
     <span class='ocr_line' id='line_1_16' title="bbox 210 2294 1761 2397; baseline 0 -19"><span class='ocrx_word' id='word_1_148' title='bbox 210 2327 308 2378; x_wconf 93' lang='lat' dir='ltr'>reum</span> <span class='ocrx_word' id='word_1_149' title='bbox 343 2326 365 2376; x_wconf 93' lang='lat' dir='ltr'>a</span> <span class='ocrx_word' id='word_1_150' title='bbox 391 2307 534 2378; x_wconf 89' lang='lat' dir='ltr'>custode</span> <span class='ocrx_word' id='word_1_151' title='bbox 561 2306 758 2395; x_wconf 89' lang='lat' dir='ltr'>locandum,</span> <span class='ocrx_word' id='word_1_152' title='bbox 785 2313 821 2376; x_wconf 93' lang='lat' dir='ltr'>et</span> <span class='ocrx_word' id='word_1_153' title='bbox 846 2307 945 2378; x_wconf 81' lang='lat' dir='ltr'>valor</span> <span class='ocrx_word' id='word_1_154' title='bbox 971 2307 1045 2377; x_wconf 90' lang='grc'>1111</span> <span class='ocrx_word' id='word_1_155' title='bbox 1073 2294 1276 2377; x_wconf 82' lang='lat' dir='ltr'>aestimatur</span> <span class='ocrx_word' id='word_1_156' title='bbox 1304 2306 1348 2376; x_wconf 93' lang='lat' dir='ltr'>ad</span> <span class='ocrx_word' id='word_1_157' title='bbox 1375 2306 1478 2395; x_wconf 89' lang='lat' dir='ltr'>duas,</span> <span class='ocrx_word' id='word_1_158' title='bbox 1505 2305 1689 2397; x_wconf 87' lang='lat' dir='ltr'>aliquando</span> <span class='ocrx_word' id='word_1_159' title='bbox 1715 2305 1761 2378; x_wconf 87' lang='lat' dir='ltr'>ad</span> 
     </span>
     <span class='ocr_line' id='line_1_17' title="bbox 212 2426 1761 2518; baseline 0.001 -22"><span class='ocrx_word' id='word_1_160' title='bbox 212 2433 358 2518; x_wconf 91' lang='lat' dir='ltr'>quatuor</span> <span class='ocrx_word' id='word_1_161' title='bbox 393 2447 538 2498; x_wconf 87' lang='lat' dir='ltr'>marcas.</span> <span class='ocrx_word' id='word_1_162' title='bbox 581 2426 670 2497; x_wconf 84' lang='lat' dir='ltr'>Item</span> <span class='ocrx_word' id='word_1_163' title='bbox 706 2427 871 2497; x_wconf 89' lang='lat' dir='ltr'>tabernae</span> <span class='ocrx_word' id='word_1_164' title='bbox 898 2432 990 2515; x_wconf 87' lang='lat' dir='ltr'>tres;</span> <span class='ocrx_word' id='word_1_165' title='bbox 1025 2428 1108 2498; x_wconf 89' lang='lat' dir='ltr'>item</span> <span class='ocrx_word' id='word_1_166' title='bbox 1144 2427 1383 2515; x_wconf 90' lang='lat' dir='ltr'>hortulaniae,</span> <span class='ocrx_word' id='word_1_167' title='bbox 1419 2428 1502 2497; x_wconf 89' lang='lat' dir='ltr'>item</span> <span class='ocrx_word' id='word_1_168' title='bbox 1538 2432 1686 2517; x_wconf 87' lang='lat' dir='ltr'>quatuor</span> <span class='ocrx_word' id='word_1_169' title='bbox 1711 2426 1761 2498; x_wconf 93' lang='lat' dir='ltr'>ibi</span> 
     </span>
     <span class='ocr_line' id='line_1_18' title="bbox 211 2545 1767 2638; baseline -0.001 -20"><span class='ocrx_word' id='word_1_170' title='bbox 211 2546 353 2637; x_wconf 87' lang='lat' dir='ltr'>praedia</span> <span class='ocrx_word' id='word_1_171' title='bbox 379 2548 562 2636; x_wconf 86' lang='lat' dir='ltr'>militarIa,</span> <span class='ocrx_word' id='word_1_172' title='bbox 589 2545 775 2638; x_wconf 88' lang='lat' dir='ltr'>dequibus</span> <span class='ocrx_word' id='word_1_173' title='bbox 802 2548 1027 2636; x_wconf 89' lang='lat' dir='ltr'>manipularis</span> <span class='ocrx_word' id='word_1_174' title='bbox 1055 2547 1188 2618; x_wconf 88' lang='lat' dir='ltr'>decima</span> <span class='ocrx_word' id='word_1_175' title='bbox 1206 2547 1353 2618; x_wconf 90' lang='lat' dir='ltr'>solvitur</span> <span class='ocrx_word' id='word_1_176' title='bbox 1379 2547 1543 2618; x_wconf 87' lang='lat' dir='ltr'>ecclesiae</span> <span class='ocrx_word' id='word_1_177' title='bbox 1570 2546 1767 2636; x_wconf 88' lang='lat' dir='ltr'>parochiali·</span> 
     </span>
     <span class='ocr_line' id='line_1_19' title="bbox 214 2660 1825 2762; baseline 0 -24"><span class='ocrx_word' id='word_1_178' title='bbox 214 2668 249 2738; x_wconf 90' lang='lat' dir='ltr'>in</span> <span class='ocrx_word' id='word_1_179' title='bbox 276 2667 480 2756; x_wconf 79' lang='lat' dir='ltr'>I&#39;sczow3</span> <span class='ocrx_word' id='word_1_180' title='bbox 507 2669 591 2739; x_wconf 92' lang='lat' dir='ltr'>item</span> <span class='ocrx_word' id='word_1_181' title='bbox 618 2674 700 2739; x_wconf 92' lang='lat' dir='ltr'>sunt</span> <span class='ocrx_word' id='word_1_182' title='bbox 727 2669 776 2740; x_wconf 94' lang='lat' dir='ltr'>ibi</span> <span class='ocrx_word' id='word_1_183' title='bbox 802 2669 893 2739; x_wconf 89' lang='lat' dir='ltr'>lanei</span> <span class='ocrx_word' id='word_1_184' title='bbox 921 2669 1154 2739; x_wconf 90' lang='lat' dir='ltr'>cmetbonales</span> <span class='ocrx_word' id='word_1_185' title='bbox 1183 2660 1325 2759; x_wconf 81' lang='lat' dir='ltr'>aliquot,</span> <span class='ocrx_word' id='word_1_186' title='bbox 1354 2669 1411 2758; x_wconf 90' lang='lat' dir='ltr'>qui</span> <span class='ocrx_word' id='word_1_187' title='bbox 1430 2668 1569 2739; x_wconf 87' lang='lat' dir='ltr'>solvunt</span> <span class='ocrx_word' id='word_1_188' title='bbox 1595 2667 1762 2738; x_wconf 84' lang='lat' dir='ltr'>decimam</span> <span class='ocrx_word' id='word_1_189' title='bbox 1823 2758 1825 2762; x_wconf 23' lang='grc' dir='ltr'>Ι</span> 
     </span>
     <span class='ocr_line' id='line_1_20' title="bbox 213 2789 929 2880; baseline 0 -22"><span class='ocrx_word' id='word_1_190' title='bbox 213 2789 459 2880; x_wconf 86' lang='lat' dir='ltr'>manipularem</span> <span class='ocrx_word' id='word_1_191' title='bbox 487 2789 652 2860; x_wconf 90' lang='lat' dir='ltr'>ecclesiae</span> <span class='ocrx_word' id='word_1_192' title='bbox 678 2789 714 2858; x_wconf 94' lang='lat' dir='ltr'>in</span> <span class='ocrx_word' id='word_1_193' title='bbox 734 2789 929 2861; x_wconf 85' lang='lat' dir='ltr'>Tsczow.</span> 
     </span>
    </p>

    <p class='ocr_par' dir='ltr' id='par_1_5' title="bbox 210 2906 1764 3603">
     <span class='ocr_line' id='line_1_21' title="bbox 313 2906 1762 3000; baseline -0.001 -20"><span class='ocrx_word' id='word_1_194' title='bbox 313 2908 458 2999; x_wconf 80' lang='lat' dir='ltr'>Sucun,</span> <span class='ocrx_word' id='word_1_195' title='bbox 485 2909 570 2980; x_wconf 87' lang='lat' dir='ltr'>villa</span> <span class='ocrx_word' id='word_1_196' title='bbox 595 2910 726 2981; x_wconf 90' lang='lat' dir='ltr'>habens</span> <span class='ocrx_word' id='word_1_197' title='bbox 753 2911 844 2981; x_wconf 90' lang='lat' dir='ltr'>inse</span> <span class='ocrx_word' id='word_1_198' title='bbox 871 2911 1103 3000; x_wconf 86' lang='lat' dir='ltr'>parochialem</span> <span class='ocrx_word' id='word_1_199' title='bbox 1132 2910 1310 2980; x_wconf 86' lang='lat' dir='ltr'>ecclesiam</span> <span class='ocrx_word' id='word_1_200' title='bbox 1336 2910 1503 3000; x_wconf 86' lang='lat' dir='ltr'>ligneam,</span> <span class='ocrx_word' id='word_1_201' title='bbox 1531 2909 1574 2980; x_wconf 91' lang='lat' dir='ltr'>ad</span> <span class='ocrx_word' id='word_1_202' title='bbox 1602 2906 1762 2980; x_wconf 80' lang='lat' dir='ltr'>illustris-</span> 
     </span>
     <span class='ocr_line' id='line_1_22' title="bbox 210 3028 1763 3121; baseline -0.001 -19"><span class='ocrx_word' id='word_1_203' title='bbox 210 3030 333 3102; x_wconf 90' lang='lat' dir='ltr'>simum</span> <span class='ocrx_word' id='word_1_204' title='bbox 359 3029 524 3114; x_wconf 85' lang='lat' dir='ltr'>Poloniae</span> <span class='ocrx_word' id='word_1_205' title='bbox 551 3051 667 3119; x_wconf 82' lang='lat' dir='ltr'>regem</span> <span class='ocrx_word' id='word_1_206' title='bbox 695 3031 886 3121; x_wconf 80' lang='lat' dir='ltr'>pertinens,</span> <span class='ocrx_word' id='word_1_207' title='bbox 913 3031 949 3100; x_wconf 83' lang='lat' dir='ltr'>In</span> <span class='ocrx_word' id='word_1_208' title='bbox 968 3052 1036 3121; x_wconf 88' lang='lat' dir='ltr'>qua</span> <span class='ocrx_word' id='word_1_209' title='bbox 1062 3037 1143 3102; x_wconf 91' lang='lat' dir='ltr'>sunt</span> <span class='ocrx_word' id='word_1_210' title='bbox 1170 3037 1301 3119; x_wconf 90' lang='lat' dir='ltr'>septem</span> <span class='ocrx_word' id='word_1_211' title='bbox 1329 3031 1420 3100; x_wconf 89' lang='lat' dir='ltr'>lanei</span> <span class='ocrx_word' id='word_1_212' title='bbox 1447 3030 1692 3120; x_wconf 89' lang='lat' dir='ltr'>omethonales,</span> <span class='ocrx_word' id='word_1_213' title='bbox 1720 3028 1763 3101; x_wconf 87' lang='lat' dir='ltr'>de</span> 
     </span>
     <span class='ocr_line' id='line_1_23' title="bbox 212 3150 1763 3241; baseline 0 -19"><span class='ocrx_word' id='word_1_214' title='bbox 212 3150 335 3241; x_wconf 90' lang='lat' dir='ltr'>quibus</span> <span class='ocrx_word' id='word_1_215' title='bbox 362 3151 587 3241; x_wconf 88' lang='lat' dir='ltr'>manipularis</span> <span class='ocrx_word' id='word_1_216' title='bbox 614 3151 746 3222; x_wconf 89' lang='lat' dir='ltr'>decima</span> <span class='ocrx_word' id='word_1_217' title='bbox 773 3158 809 3222; x_wconf 92' lang='lat' dir='ltr'>et</span> <span class='ocrx_word' id='word_1_218' title='bbox 835 3172 898 3241; x_wconf 91' lang='lat' dir='ltr'>per</span> <span class='ocrx_word' id='word_1_219' title='bbox 925 3157 1074 3240; x_wconf 89' lang='lat' dir='ltr'>quatuor</span> <span class='ocrx_word' id='word_1_220' title='bbox 1103 3153 1243 3241; x_wconf 82' lang='lat' dir='ltr'>ierngas</span> <span class='ocrx_word' id='word_1_221' title='bbox 1271 3151 1445 3241; x_wconf 84' lang='lat' dir='ltr'>canapaIIs</span> <span class='ocrx_word' id='word_1_222' title='bbox 1473 3151 1620 3222; x_wconf 90' lang='lat' dir='ltr'>solvitur</span> <span class='ocrx_word' id='word_1_223' title='bbox 1648 3156 1763 3222; x_wconf 90' lang='lat' dir='ltr'>custo·</span> 
     </span>
     <span class='ocr_line' id='line_1_24' title="bbox 211 3269 1760 3361; baseline 0 -20"><span class='ocrx_word' id='word_1_224' title='bbox 211 3270 289 3342; x_wconf 89' lang='lat' dir='ltr'>diae</span> <span class='ocrx_word' id='word_1_225' title='bbox 315 3269 595 3361; x_wconf 87' lang='lat' dir='ltr'>Sandomiriensi,</span> <span class='ocrx_word' id='word_1_226' title='bbox 623 3278 659 3342; x_wconf 92' lang='grc'>11</span> <span class='ocrx_word' id='word_1_227' title='bbox 677 3271 807 3343; x_wconf 92' lang='lat' dir='ltr'>ducunt</span> <span class='ocrx_word' id='word_1_228' title='bbox 825 3292 900 3342; x_wconf 91' lang='lat' dir='ltr'>eam</span> <span class='ocrx_word' id='word_1_229' title='bbox 920 3272 1117 3343; x_wconf 88' lang='lat' dir='ltr'>cmethones</span> <span class='ocrx_word' id='word_1_230' title='bbox 1145 3273 1179 3341; x_wconf 94' lang='lat' dir='ltr'>in</span> <span class='ocrx_word' id='word_1_231' title='bbox 1198 3272 1361 3342; x_wconf 91' lang='lat' dir='ltr'>horreum</span> <span class='ocrx_word' id='word_1_232' title='bbox 1379 3290 1401 3340; x_wconf 92' lang='lat' dir='ltr'>a</span> <span class='ocrx_word' id='word_1_233' title='bbox 1418 3271 1559 3342; x_wconf 90' lang='lat' dir='ltr'>custode</span> <span class='ocrx_word' id='word_1_234' title='bbox 1576 3270 1760 3341; x_wconf 89' lang='lat' dir='ltr'>locandum</span> 
     </span>
     <span class='ocr_line' id='line_1_25' title="bbox 211 3391 1761 3483; baseline 0.001 -21"><span class='ocrx_word' id='word_1_235' title='bbox 211 3397 247 3462; x_wconf 91' lang='lat' dir='ltr'>et</span> <span class='ocrx_word' id='word_1_236' title='bbox 272 3391 371 3464; x_wconf 82' lang='lat' dir='ltr'>valor</span> <span class='ocrx_word' id='word_1_237' title='bbox 397 3393 471 3463; x_wconf 91' lang='lat' dir='ltr'>eius</span> <span class='ocrx_word' id='word_1_238' title='bbox 499 3392 543 3463; x_wconf 93' lang='lat' dir='ltr'>ad</span> <span class='ocrx_word' id='word_1_239' title='bbox 571 3392 674 3481; x_wconf 90' lang='lat' dir='ltr'>duas,</span> <span class='ocrx_word' id='word_1_240' title='bbox 711 3392 897 3483; x_wconf 89' lang='lat' dir='ltr'>aliquando</span> <span class='ocrx_word' id='word_1_241' title='bbox 925 3392 970 3462; x_wconf 88' lang='lat' dir='ltr'>ad</span> <span class='ocrx_word' id='word_1_242' title='bbox 997 3400 1148 3483; x_wconf 89' lang='lat' dir='ltr'>quatuor</span> <span class='ocrx_word' id='word_1_243' title='bbox 1175 3412 1317 3462; x_wconf 88' lang='lat' dir='ltr'>marcas.</span> <span class='ocrx_word' id='word_1_244' title='bbox 1361 3391 1450 3462; x_wconf 91' lang='lat' dir='ltr'>Item</span> <span class='ocrx_word' id='word_1_245' title='bbox 1487 3392 1653 3462; x_wconf 89' lang='lat' dir='ltr'>tabernae</span> <span class='ocrx_word' id='word_1_246' title='bbox 1689 3397 1761 3463; x_wconf 89' lang='lat' dir='ltr'>tres</span> 
     </span>
     <span class='ocr_line' id='line_1_26' title="bbox 210 3511 1764 3603; baseline -0.001 -20"><span class='ocrx_word' id='word_1_247' title='bbox 210 3511 408 3603; x_wconf 89' lang='lat' dir='ltr'>plebanales</span> <span class='ocrx_word' id='word_1_248' title='bbox 435 3534 504 3584; x_wconf 93' lang='lat' dir='ltr'>non</span> <span class='ocrx_word' id='word_1_249' title='bbox 531 3514 662 3584; x_wconf 90' lang='lat' dir='ltr'>habent</span> <span class='ocrx_word' id='word_1_250' title='bbox 689 3534 810 3603; x_wconf 84' lang='lat' dir='ltr'>agros,</span> <span class='ocrx_word' id='word_1_251' title='bbox 838 3515 920 3583; x_wconf 90' lang='lat' dir='ltr'>item</span> <span class='ocrx_word' id='word_1_252' title='bbox 947 3513 1166 3584; x_wconf 90' lang='lat' dir='ltr'>hortulaniae</span> <span class='ocrx_word' id='word_1_253' title='bbox 1193 3533 1261 3583; x_wconf 87' lang='lat' dir='ltr'>non</span> <span class='ocrx_word' id='word_1_254' title='bbox 1281 3519 1362 3583; x_wconf 93' lang='lat' dir='ltr'>sunt</span> <span class='ocrx_word' id='word_1_255' title='bbox 1389 3513 1543 3603; x_wconf 87' lang='lat' dir='ltr'>aliquae,</span> <span class='ocrx_word' id='word_1_256' title='bbox 1570 3513 1654 3583; x_wconf 90' lang='lat' dir='ltr'>item</span> <span class='ocrx_word' id='word_1_257' title='bbox 1682 3517 1764 3583; x_wconf 90' lang='lat' dir='ltr'>sunt</span> 
     </span>
    </p>

    <p class='ocr_par' dir='ltr' id='par_1_6' title="bbox 174 3631 1837 3965">
     <span class='ocr_line' id='line_1_27' title="bbox 174 3631 1760 3725; baseline 0 -22"><span class='ocrx_word' id='word_1_258' title='bbox 174 3639 177 3643; x_wconf 82' lang='grc'><strong>“</strong></span> <span class='ocrx_word' id='word_1_259' title='bbox 208 3632 258 3704; x_wconf 94' lang='lat' dir='ltr'>ibi</span> <span class='ocrx_word' id='word_1_260' title='bbox 274 3633 350 3724; x_wconf 82' lang='lat' dir='ltr'>agri</span> <span class='ocrx_word' id='word_1_261' title='bbox 376 3634 540 3706; x_wconf 88' lang='lat' dir='ltr'>ecclesiae</span> <span class='ocrx_word' id='word_1_262' title='bbox 559 3640 595 3705; x_wconf 90' lang='lat' dir='ltr'>et</span> <span class='ocrx_word' id='word_1_263' title='bbox 613 3641 724 3724; x_wconf 89' lang='lat' dir='ltr'>prata,</span> <span class='ocrx_word' id='word_1_264' title='bbox 751 3656 814 3724; x_wconf 93' lang='lat' dir='ltr'>pro</span> <span class='ocrx_word' id='word_1_265' title='bbox 833 3634 973 3725; x_wconf 88' lang='lat' dir='ltr'>plebani</span> <span class='ocrx_word' id='word_1_266' title='bbox 991 3634 1133 3723; x_wconf 91' lang='lat' dir='ltr'>praedio</span> <span class='ocrx_word' id='word_1_267' title='bbox 1161 3639 1196 3704; x_wconf 91' lang='grc'>11</span> <span class='ocrx_word' id='word_1_268' title='bbox 1214 3633 1441 3721; x_wconf 87' lang='lat' dir='ltr'>necessitate,</span> <span class='ocrx_word' id='word_1_269' title='bbox 1467 3633 1552 3703; x_wconf 90' lang='lat' dir='ltr'>item</span> <span class='ocrx_word' id='word_1_270' title='bbox 1579 3631 1760 3721; x_wconf 89' lang='lat' dir='ltr'>praedium</span> 
     </span>
     <span class='ocr_line' id='line_1_28' title="bbox 210 3753 1837 3844; baseline -0.002 -19"><span class='ocrx_word' id='word_1_271' title='bbox 210 3757 265 3825; x_wconf 90' lang='lat' dir='ltr'>est</span> <span class='ocrx_word' id='word_1_272' title='bbox 288 3754 339 3825; x_wconf 91' lang='lat' dir='ltr'>ibi</span> <span class='ocrx_word' id='word_1_273' title='bbox 364 3756 498 3844; x_wconf 84' lang='lat' dir='ltr'>regium</span> <span class='ocrx_word' id='word_1_274' title='bbox 525 3755 680 3844; x_wconf 89' lang='lat' dir='ltr'>unicum,</span> <span class='ocrx_word' id='word_1_275' title='bbox 708 3755 750 3826; x_wconf 90' lang='lat' dir='ltr'>de</span> <span class='ocrx_word' id='word_1_276' title='bbox 769 3756 868 3827; x_wconf 89' lang='lat' dir='ltr'>cuius</span> <span class='ocrx_word' id='word_1_277' title='bbox 895 3755 990 3844; x_wconf 85' lang='lat' dir='ltr'>agris</span> <span class='ocrx_word' id='word_1_278' title='bbox 1010 3755 1156 3826; x_wconf 89' lang='lat' dir='ltr'>solvitur</span> <span class='ocrx_word' id='word_1_279' title='bbox 1184 3755 1316 3825; x_wconf 88' lang='lat' dir='ltr'>decima</span> <span class='ocrx_word' id='word_1_280' title='bbox 1341 3753 1567 3842; x_wconf 90' lang='lat' dir='ltr'>manipularis</span> <span class='ocrx_word' id='word_1_281' title='bbox 1594 3753 1760 3824; x_wconf 85' lang='lat' dir='ltr'>ecclesiae</span> <span class='ocrx_word' id='word_1_282' title='bbox 1832 3794 1837 3801; x_wconf 92' lang='lat'><em>-</em></span> 
     </span>
     <span class='ocr_line' id='line_1_29' title="bbox 206 3867 829 3965; baseline 0 -20"><span class='ocrx_word' id='word_1_283' title='bbox 206 3867 401 3965; x_wconf 86' lang='lat' dir='ltr'>¹parochiali</span> <span class='ocrx_word' id='word_1_284' title='bbox 427 3875 555 3947; x_wconf 91' lang='lat' dir='ltr'>ibidem</span> <span class='ocrx_word' id='word_1_285' title='bbox 582 3876 617 3946; x_wconf 94' lang='lat' dir='ltr'>in</span> <span class='ocrx_word' id='word_1_286' title='bbox 645 3876 829 3947; x_wconf 88' lang='lat' dir='ltr'>Szucha.</span> 
     </span>
    </p>

    <p class='ocr_par' dir='ltr' id='par_1_7' title="bbox 210 3993 1764 4690">
     <span class='ocr_line' id='line_1_30' title="bbox 313 3993 1762 4086; baseline 0.001 -21"><span class='ocrx_word' id='word_1_287' title='bbox 313 3995 507 4086; x_wconf 80' lang='lat' dir='ltr'>Korsurn,</span> <span class='ocrx_word' id='word_1_288' title='bbox 533 3997 616 4067; x_wconf 89' lang='lat' dir='ltr'>villa</span> <span class='ocrx_word' id='word_1_289' title='bbox 646 3997 778 4068; x_wconf 88' lang='lat' dir='ltr'>habens</span> <span class='ocrx_word' id='word_1_290' title='bbox 805 3997 1036 4086; x_wconf 91' lang='lat' dir='ltr'>parochialem</span> <span class='ocrx_word' id='word_1_291' title='bbox 1065 3997 1244 4069; x_wconf 88' lang='lat' dir='ltr'>ecclesiam</span> <span class='ocrx_word' id='word_1_292' title='bbox 1272 3997 1307 4066; x_wconf 95' lang='lat' dir='ltr'>in</span> <span class='ocrx_word' id='word_1_293' title='bbox 1334 4016 1389 4085; x_wconf 89' lang='lat' dir='ltr'>se,</span> <span class='ocrx_word' id='word_1_294' title='bbox 1426 3996 1558 4086; x_wconf 90' lang='lat' dir='ltr'>quadro</span> <span class='ocrx_word' id='word_1_295' title='bbox 1585 3993 1699 4086; x_wconf 88' lang='lat' dir='ltr'>lapide</span> <span class='ocrx_word' id='word_1_296' title='bbox 1726 3999 1762 4067; x_wconf 90' lang='lat' dir='ltr'>et</span> 
     </span>
     <span class='ocr_line' id='line_1_31' title="bbox 211 4114 1764 4211; baseline 0 -23"><span class='ocrx_word' id='word_1_297' title='bbox 211 4137 315 4207; x_wconf 90' lang='lat' dir='ltr'>opere</span> <span class='ocrx_word' id='word_1_298' title='bbox 342 4122 481 4211; x_wconf 81' lang='lat' dir='ltr'>vetusto</span> <span class='ocrx_word' id='word_1_299' title='bbox 508 4138 572 4207; x_wconf 90' lang='lat' dir='ltr'>per</span> <span class='ocrx_word' id='word_1_300' title='bbox 597 4117 738 4189; x_wconf 91' lang='lat' dir='ltr'>Ivonem</span> <span class='ocrx_word' id='word_1_301' title='bbox 766 4118 809 4188; x_wconf 89' lang='lat' dir='ltr'>de</span> <span class='ocrx_word' id='word_1_302' title='bbox 836 4118 1038 4208; x_wconf 65' lang='lat' dir='ltr'>Donske,</span> <span class='ocrx_word' id='word_1_303' title='bbox 1066 4114 1264 4208; x_wconf 91' lang='lat' dir='ltr'>episcopum</span> <span class='ocrx_word' id='word_1_304' title='bbox 1292 4117 1573 4206; x_wconf 74' lang='lat' dir='ltr'>cracoviensem,</span> <span class='ocrx_word' id='word_1_305' title='bbox 1601 4119 1660 4207; x_wconf 92' lang='lat' dir='ltr'>qui</span> <span class='ocrx_word' id='word_1_306' title='bbox 1686 4122 1764 4188; x_wconf 97' lang='grc'>1111</span> 
     </span>
     <span class='ocr_line' id='line_1_32' title="bbox 210 4236 1763 4329; baseline 0.001 -21"><span class='ocrx_word' id='word_1_307' title='bbox 210 4237 253 4309; x_wconf 89' lang='lat' dir='ltr'>de</span> <span class='ocrx_word' id='word_1_308' title='bbox 271 4238 377 4310; x_wconf 87' lang='lat' dir='ltr'>armis</span> <span class='ocrx_word' id='word_1_309' title='bbox 395 4244 431 4309; x_wconf 91' lang='lat' dir='ltr'>et</span> <span class='ocrx_word' id='word_1_310' title='bbox 447 4236 579 4308; x_wconf 85' lang='lat' dir='ltr'>familia</span> <span class='ocrx_word' id='word_1_311' title='bbox 597 4237 927 4329; x_wconf 87' lang='lat' dir='ltr'>Odrowansch,</span> <span class='ocrx_word' id='word_1_312' title='bbox 953 4245 1146 4329; x_wconf 88' lang='lat' dir='ltr'>muratam,</span> <span class='ocrx_word' id='word_1_313' title='bbox 1175 4239 1271 4309; x_wconf 90' lang='lat' dir='ltr'>cuius</span> <span class='ocrx_word' id='word_1_314' title='bbox 1298 4238 1467 4325; x_wconf 85' lang='lat' dir='ltr'>haeredes</span> <span class='ocrx_word' id='word_1_315' title='bbox 1495 4237 1700 4329; x_wconf 83' lang='lat' dir='ltr'>Grzyeslaus</span> <span class='ocrx_word' id='word_1_316' title='bbox 1727 4244 1763 4309; x_wconf 92' lang='grc'>11</span> 
     </span>
     <span class='ocr_line' id='line_1_33' title="bbox 211 4346 1764 4451; baseline 0.002 -23"><span class='ocrx_word' id='word_1_317' title='bbox 211 4346 339 4430; x_wconf 82' lang='lat' dir='ltr'>Tobios</span> <span class='ocrx_word' id='word_1_318' title='bbox 366 4358 410 4429; x_wconf 88' lang='lat' dir='ltr'>de</span> <span class='ocrx_word' id='word_1_319' title='bbox 436 4359 543 4429; x_wconf 88' lang='lat' dir='ltr'>armis</span> <span class='ocrx_word' id='word_1_320' title='bbox 579 4357 912 4449; x_wconf 89' lang='lat' dir='ltr'>Odrowansch,</span> <span class='ocrx_word' id='word_1_321' title='bbox 949 4361 984 4429; x_wconf 94' lang='lat' dir='ltr'>in</span> <span class='ocrx_word' id='word_1_322' title='bbox 1012 4381 1080 4451; x_wconf 91' lang='lat' dir='ltr'>qua</span> <span class='ocrx_word' id='word_1_323' title='bbox 1107 4366 1188 4430; x_wconf 92' lang='lat' dir='ltr'>sunt</span> <span class='ocrx_word' id='word_1_324' title='bbox 1216 4360 1466 4449; x_wconf 84' lang='lat' dir='ltr'>quinquaginta</span> <span class='ocrx_word' id='word_1_325' title='bbox 1491 4359 1583 4430; x_wconf 91' lang='lat' dir='ltr'>lanei</span> <span class='ocrx_word' id='word_1_326' title='bbox 1611 4359 1764 4431; x_wconf 88' lang='lat' dir='ltr'>cmetbo·</span> 
     </span>
     <span class='ocr_line' id='line_1_34' title="bbox 210 4478 1764 4573; baseline 0 -24"><span class='ocrx_word' id='word_1_327' title='bbox 210 4478 324 4570; x_wconf 90' lang='lat' dir='ltr'>nales,</span> <span class='ocrx_word' id='word_1_328' title='bbox 361 4478 404 4551; x_wconf 87' lang='lat' dir='ltr'>de</span> <span class='ocrx_word' id='word_1_329' title='bbox 431 4479 556 4569; x_wconf 91' lang='lat' dir='ltr'>quibus</span> <span class='ocrx_word' id='word_1_330' title='bbox 583 4479 715 4551; x_wconf 88' lang='lat' dir='ltr'>decima</span> <span class='ocrx_word' id='word_1_331' title='bbox 746 4481 972 4573; x_wconf 88' lang='lat' dir='ltr'>manipularis</span> <span class='ocrx_word' id='word_1_332' title='bbox 999 4488 1035 4551; x_wconf 90' lang='lat' dir='ltr'>et</span> <span class='ocrx_word' id='word_1_333' title='bbox 1061 4501 1124 4570; x_wconf 87' lang='lat' dir='ltr'>per</span> <span class='ocrx_word' id='word_1_334' title='bbox 1151 4484 1300 4570; x_wconf 89' lang='lat' dir='ltr'>quatuor</span> <span class='ocrx_word' id='word_1_335' title='bbox 1325 4480 1465 4569; x_wconf 82' lang='lat' dir='ltr'>ierugas</span> <span class='ocrx_word' id='word_1_336' title='bbox 1492 4479 1668 4569; x_wconf 87' lang='lat' dir='ltr'>canapalis</span> <span class='ocrx_word' id='word_1_337' title='bbox 1694 4478 1764 4550; x_wconf 85' lang='lat' dir='ltr'>s&#39;ol-</span> 
     </span>
     <span class='ocr_line' id='line_1_35' title="bbox 212 4599 1763 4690; baseline 0 -19"><span class='ocrx_word' id='word_1_338' title='bbox 212 4600 307 4672; x_wconf 83' lang='lat' dir='ltr'>vitur</span> <span class='ocrx_word' id='word_1_339' title='bbox 320 4600 497 4672; x_wconf 88' lang='lat' dir='ltr'>custodiae</span> <span class='ocrx_word' id='word_1_340' title='bbox 512 4599 782 4672; x_wconf 85' lang='lat' dir='ltr'>Sandomiriensi</span> <span class='ocrx_word' id='word_1_341' title='bbox 796 4623 865 4674; x_wconf 95' lang='lat' dir='ltr'>non</span> <span class='ocrx_word' id='word_1_342' title='bbox 879 4602 1052 4674; x_wconf 91' lang='lat' dir='ltr'>coutinuis</span> <span class='ocrx_word' id='word_1_343' title='bbox 1072 4601 1187 4690; x_wconf 91' lang='lat' dir='ltr'>annis,</span> <span class='ocrx_word' id='word_1_344' title='bbox 1207 4601 1268 4672; x_wconf 91' lang='lat' dir='ltr'>sed</span> <span class='ocrx_word' id='word_1_345' title='bbox 1282 4601 1457 4688; x_wconf 86' lang='lat' dir='ltr'>alteratis;</span> <span class='ocrx_word' id='word_1_346' title='bbox 1476 4621 1544 4671; x_wconf 91' lang='lat' dir='ltr'>uno</span> <span class='ocrx_word' id='word_1_347' title='bbox 1563 4600 1654 4671; x_wconf 89' lang='lat' dir='ltr'>enim</span> <span class='ocrx_word' id='word_1_348' title='bbox 1672 4619 1763 4671; x_wconf 86' lang='lat' dir='ltr'>anno</span> 
     </span>
    </p>

    <p class='ocr_par' dir='ltr' id='par_1_8' title="bbox 165 4719 1762 4934">
     <span class='ocr_line' id='line_1_36' title="bbox 165 4719 1759 4813; baseline 0.001 -21"><span class='ocrx_word' id='word_1_349' title='bbox 165 4751 167 4754; x_wconf 49' lang='lat'>&gt;</span> <span class='ocrx_word' id='word_1_350' title='bbox 210 4720 359 4812; x_wconf 89' lang='lat' dir='ltr'>percipit</span> <span class='ocrx_word' id='word_1_351' title='bbox 384 4721 480 4793; x_wconf 93' lang='lat' dir='ltr'>illam</span> <span class='ocrx_word' id='word_1_352' title='bbox 506 4722 705 4811; x_wconf 88' lang='lat' dir='ltr'>praebenda</span> <span class='ocrx_word' id='word_1_353' title='bbox 723 4721 1012 4794; x_wconf 85' lang='lat' dir='ltr'>Sandomiriensis</span> <span class='ocrx_word' id='word_1_354' title='bbox 1038 4727 1160 4794; x_wconf 89' lang='lat' dir='ltr'>vocata</span> <span class='ocrx_word' id='word_1_355' title='bbox 1187 4721 1435 4813; x_wconf 86' lang='lat' dir='ltr'>Byelyowska,</span> <span class='ocrx_word' id='word_1_356' title='bbox 1462 4721 1572 4792; x_wconf 91' lang='lat' dir='ltr'>altero</span> <span class='ocrx_word' id='word_1_357' title='bbox 1600 4719 1759 4794; x_wconf 85' lang='lat' dir='ltr'>custodia</span> 
     </span>
     <span class='ocr_line' id='line_1_37' title="bbox 210 4840 1762 4934; baseline -0.001 -22"><span class='ocrx_word' id='word_1_358' title='bbox 210 4846 245 4912; x_wconf 93' lang='lat' dir='ltr'>et</span> <span class='ocrx_word' id='word_1_359' title='bbox 271 4842 370 4914; x_wconf 82' lang='lat' dir='ltr'>valor</span> <span class='ocrx_word' id='word_1_360' title='bbox 405 4842 480 4914; x_wconf 91' lang='lat' dir='ltr'>eius</span> <span class='ocrx_word' id='word_1_361' title='bbox 515 4843 559 4913; x_wconf 91' lang='lat' dir='ltr'>ad</span> <span class='ocrx_word' id='word_1_362' title='bbox 588 4843 781 4934; x_wconf 91' lang='lat' dir='ltr'>quindecim</span> <span class='ocrx_word' id='word_1_363' title='bbox 817 4864 953 4914; x_wconf 88' lang='lat' dir='ltr'>marcas</span> <span class='ocrx_word' id='word_1_364' title='bbox 980 4843 1200 4933; x_wconf 88' lang='lat' dir='ltr'>aestimatur,</span> <span class='ocrx_word' id='word_1_365' title='bbox 1238 4846 1274 4912; x_wconf 90' lang='lat' dir='ltr'>et</span> <span class='ocrx_word' id='word_1_366' title='bbox 1299 4840 1439 4913; x_wconf 87' lang='lat' dir='ltr'>ducitur</span> <span class='ocrx_word' id='word_1_367' title='bbox 1464 4862 1528 4932; x_wconf 88' lang='lat' dir='ltr'>per</span> <span class='ocrx_word' id='word_1_368' title='bbox 1555 4842 1762 4914; x_wconf 87' lang='lat' dir='ltr'>emethones.</span> 
     </span>
    </p>

    <p class='ocr_par' dir='ltr' id='par_1_9' title="bbox 105 4946 1762 5297">
     <span class='ocr_line' id='line_1_38' title="bbox 105 4946 1762 5054; baseline 0.002 -23"><span class='ocrx_word' id='word_1_369' title='bbox 105 4946 108 4951; x_wconf 41' lang='lat'><strong>⁴</strong></span> <span class='ocrx_word' id='word_1_370' title='bbox 208 4960 296 5033; x_wconf 86' lang='lat' dir='ltr'>Item</span> <span class='ocrx_word' id='word_1_371' title='bbox 323 4964 489 5035; x_wconf 89' lang='lat' dir='ltr'>tabernae</span> <span class='ocrx_word' id='word_1_372' title='bbox 516 4964 565 5034; x_wconf 95' lang='lat' dir='ltr'>ibi</span> <span class='ocrx_word' id='word_1_373' title='bbox 593 4971 739 5054; x_wconf 87' lang='lat' dir='ltr'>septem,</span> <span class='ocrx_word' id='word_1_374' title='bbox 766 4964 808 5034; x_wconf 90' lang='lat' dir='ltr'>de</span> <span class='ocrx_word' id='word_1_375' title='bbox 836 4984 981 5054; x_wconf 86' lang='lat' dir='ltr'>quorum</span> <span class='ocrx_word' id='word_1_376' title='bbox 1009 4964 1102 5054; x_wconf 86' lang='lat' dir='ltr'>agris</span> <span class='ocrx_word' id='word_1_377' title='bbox 1128 4964 1275 5054; x_wconf 89' lang='lat' dir='ltr'>plebano</span> <span class='ocrx_word' id='word_1_378' title='bbox 1303 4962 1502 5051; x_wconf 88' lang='lat' dir='ltr'>decimatur,</span> <span class='ocrx_word' id='word_1_379' title='bbox 1523 4963 1614 5033; x_wconf 86' lang='lat' dir='ltr'>¹item</span> <span class='ocrx_word' id='word_1_380' title='bbox 1640 4962 1762 5034; x_wconf 91' lang='lat' dir='ltr'>hortu-</span> 
     </span>
     <span class='ocr_line' id='line_1_39' title="bbox 210 5081 1762 5175; baseline 0.001 -23"><span class='ocrx_word' id='word_1_381' title='bbox 210 5081 280 5153; x_wconf 90' lang='lat' dir='ltr'>lani</span> <span class='ocrx_word' id='word_1_382' title='bbox 309 5136 424 5154; x_wconf 91' lang='grc'><strong>......</strong></span> <span class='ocrx_word' id='word_1_383' title='bbox 435 5140 442 5174; x_wconf 86' lang='grc'>,</span> <span class='ocrx_word' id='word_1_384' title='bbox 479 5083 562 5155; x_wconf 90' lang='lat' dir='ltr'>item</span> <span class='ocrx_word' id='word_1_385' title='bbox 597 5085 668 5154; x_wconf 94' lang='lat' dir='ltr'>tria</span> <span class='ocrx_word' id='word_1_386' title='bbox 703 5085 846 5174; x_wconf 89' lang='lat' dir='ltr'>praedia</span> <span class='ocrx_word' id='word_1_387' title='bbox 874 5084 1057 5174; x_wconf 87' lang='lat' dir='ltr'>militaria,</span> <span class='ocrx_word' id='word_1_388' title='bbox 1094 5105 1181 5175; x_wconf 91' lang='lat' dir='ltr'>quac</span> <span class='ocrx_word' id='word_1_389' title='bbox 1213 5084 1353 5155; x_wconf 89' lang='lat' dir='ltr'>solvunt</span> <span class='ocrx_word' id='word_1_390' title='bbox 1379 5083 1544 5154; x_wconf 87' lang='lat' dir='ltr'>decimam</span> <span class='ocrx_word' id='word_1_391' title='bbox 1571 5083 1762 5174; x_wconf 90' lang='lat' dir='ltr'>manipula-</span> 
     </span>
     <span class='ocr_line' id='line_1_40' title="bbox 214 5204 1761 5297; baseline 0.001 -24"><span class='ocrx_word' id='word_1_392' title='bbox 214 5223 289 5274; x_wconf 92' lang='lat' dir='ltr'>rem</span> <span class='ocrx_word' id='word_1_393' title='bbox 308 5204 473 5276; x_wconf 88' lang='lat' dir='ltr'>ecclesiae</span> <span class='ocrx_word' id='word_1_394' title='bbox 500 5205 627 5276; x_wconf 89' lang='lat' dir='ltr'>ibidem</span> <span class='ocrx_word' id='word_1_395' title='bbox 655 5207 690 5274; x_wconf 95' lang='lat' dir='ltr'>in</span> <span class='ocrx_word' id='word_1_396' title='bbox 717 5205 934 5297; x_wconf 85' lang='lat' dir='ltr'>Konslrye</span> <span class='ocrx_word' id='word_1_397' title='bbox 970 5213 1006 5276; x_wconf 91' lang='lat' dir='ltr'>et</span> <span class='ocrx_word' id='word_1_398' title='bbox 1031 5206 1162 5276; x_wconf 91' lang='lat' dir='ltr'>habent</span> <span class='ocrx_word' id='word_1_399' title='bbox 1189 5206 1252 5276; x_wconf 88' lang='lat' dir='ltr'>sub</span> <span class='ocrx_word' id='word_1_400' title='bbox 1279 5225 1317 5277; x_wconf 90' lang='grc'>11</span> <span class='ocrx_word' id='word_1_401' title='bbox 1344 5205 1492 5275; x_wconf 88' lang='lat' dir='ltr'>sedecim</span> <span class='ocrx_word' id='word_1_402' title='bbox 1518 5205 1646 5277; x_wconf 89' lang='lat' dir='ltr'>laneos.</span> <span class='ocrx_word' id='word_1_403' title='bbox 1672 5204 1761 5275; x_wconf 91' lang='lat' dir='ltr'>Item</span> 
     </span>
    </p>
   </div>
   <div class='ocr_carea' id='block_1_3' title="bbox 312 5465 1595 5537">
    <p class='ocr_par' dir='ltr' id='par_1_10' title="bbox 312 5465 1595 5537">
     <span class='ocr_line' id='line_1_41' title="bbox 312 5465 1595 5537; baseline -0.008 -4"><span class='ocrx_word' id='word_1_404' title='bbox 312 5489 469 5537; x_wconf 67' lang='grc'>11111111.</span> <span class='ocrx_word' id='word_1_405' title='bbox 1554 5465 1595 5524; x_wconf 77' lang='lat' dir='ltr'>li</span> 
     </span>
    </p>
   </div>
   <div class='ocr_carea' id='block_1_4' title="bbox 0 0 2030 6052">
    <p class='ocr_par' dir='ltr' id='par_1_11' title="bbox 0 0 2030 6052">
     <span class='ocr_line' id='line_1_42' title="bbox 0 0 2030 6052; baseline 0 0"><span class='ocrx_word' id='word_1_406' title='bbox 0 0 2030 6052; x_wconf 95' lang='lat' dir='ltr'> </span> 
     </span>
    </p>
   </div>
  </div>
 </body>
</html>
