4050 6054
1730 332 1863 413 ἦ.

1706 427 1906 511 579ι

234 634 368 720 partem
395 625 576 719 accipiunt
604 649 767 707 senuero
786 630 943 721 canonici
959 630 1096 721 simpla
1121 634 1158 700 et
1175 629 1268 701 cives
1287 624 1586 719 Oppatborienses
1606 631 1784 723 aliquanto

233 755 390 839 tempore
417 755 646 821 recusassent¹
670 747 869 821 huiuamodi
895 770 1034 822 censum
1067 748 1293 820 tabernarum
1321 748 1479 840 solvere,
1508 750 1643 823 duabus
1668 757 1784 825 tamen

234 870 419 942 sententiis
445 869 632 941 definitivis
659 869 697 940 in
721 868 944 942 Gracoviensi
978 869 1141 941 videlicet
1166 869 1334 959 primum,
1369 868 1494 942 deinde
1520 871 1569 942 in·
1585 869 1784 945 Gnennensi

233 990 448 1061 consistoriis
475 990 567 1080 latis,
594 1010 683 1081 qnae
708 990 804 1061 nulla
829 989 1063 1080 appellatione
1089 1009 1277 1078 suspensae
1303 991 1339 1060 in
1369 1011 1443 1061 rem
1475 992 1668 1064 transivere
1694 992 1785 1067 iudi-

233 1115 355 1200 catam,
383 1110 428 1181 ad
454 1107 660 1183 solvendum
683 1109 779 1180 illurn
806 1115 888 1181 sunt
914 1110 1143 1200 condemnati,
1169 1110 1307 1200 dequo
1334 1111 1480 1182 ecclesia
1492 1109 1783 1201 Oppatboriensis

180 1226 189 1247 “
232 1230 365 1320 optima
390 1229 499 1301 babet
523 1229 746 1302 mnnImenta
1691 1295 1696 1303 .

322 1349 485 1440 -Magna
510 1356 640 1440 prata.
666 1350 755 1420 Item
782 1350 818 1420 in
836 1349 957 1421 eodem
975 1350 1102 1440 oppido
1121 1348 1395 1441 Oppatboviensi
1413 1357 1468 1422 est
1485 1353 1582 1424 locus
1600 1354 1685 1425 satis
1702 1375 1784 1444 pro·

233 1470 363 1560 tensus
388 1490 510 1543 versus
536 1469 745 1542 fortalicium
768 1470 889 1541 uillam
915 1469 1228 1559 Wamberlrow
1255 1471 1353 1561 situs,
1379 1472 1416 1542 in
1443 1492 1511 1562 quo
1537 1478 1641 1562 prata
1657 1494 1784 1563 magna

232 1591 385 1682 episcopi
411 1592 645 1663 Lubuczensis
672 1591 909 1679 habebantur;
934 1583 1055 1662 verum
1080 1612 1159 1662 cum
1185 1591 1325 1682 quidam
1352 1592 1532 1682 episcopus
1550 1593 1783 1666 Lubuczensis

231 1719 335 1803 prata
361 1711 558 1783 huiusmodi
585 1712 714 1783 decano
741 1709 1016 1801 Oppatboviensi
1041 1712 1079 1782 in
1105 1713 1286 1801 sexaginta
1311 1713 1437 1784 marcis
1467 1713 1618 1784 latorum
1644 1735 1785 1805 grosso·

231 1855 309 1905 rum
335 1833 562 1922 ngensium
581 1832 778 1921 obligasset,
797 1831 1035 1922 redimereque
1053 1831 1114 1902 illa
1129 1832 1235 1922 longo
1252 1839 1409 1922 tempore
1427 1833 1646 1924 neglexisset,
1663 1833 1783 1906 fenore

145 2017 150 2028 .
232 1955 268 2025 in
295 1954 565 2045 perpetuitatem
600 1974 757 2042 versum,
784 1953 935 2024 decanus
962 1951 1254 2042 Oppathoriensis
1290 1954 1494 2025 suburbium
1529 1975 1613 2026 suae
1639 1954 1781 2027 ditionis

232 2075 304 2146 illic
330 2074 522 2161 constitnit,
549 2073 735 2163 pluresque
763 2093 881 2162 areas,
908 2072 1032 2145 hortos
1058 2079 1095 2144 et
1120 2073 1240 2144 domos
1266 2074 1402 2164 locavit
1421 2072 1693 2164 advocatumque
1713 2076 1783 2147 illis

231 2194 411 2285 proprium
439 2193 637 2282 constituit,
664 2193 723 2281 qni
754 2193 824 2263 illis
849 2193 929 2264 iura
954 2193 1092 2265 nomine
1118 2192 1240 2264 decani
1266 2194 1399 2283 reddit,
1426 2200 1463 2265 et
1489 2195 1665 2284 quaelibet
1691 2216 1782 2285 area

230 2313 352 2386 domus
386 2314 441 2386 vel
476 2314 598 2384 hortus
635 2313 742 2384 solvit
777 2313 960 2385 decanatui
995 2312 1268 2404 Oppathoviensi
1304 2336 1367 2404 pro
1405 2334 1518 2386 annuo
1546 2335 1651 2386 censu
1675 2326 1795 2386 unum'

231 2433 401 2507 fertonem
428 2433 617 2505 communis
643 2434 811 2523 pecuniae
836 2439 873 2504 et
898 2433 986 2504 duos
1013 2454 1169 2525 capones,
1196 2441 1233 2505 et
1259 2440 1340 2506 sunt
1370 2435 1442 2505 illic
1466 2416 1568 2506 areae
1596 2456 1674 2507 cum
1699 2436 1782 2508 bor·

231 2555 279 2627 tis
305 2561 342 2627 et
367 2554 536 2626 domibus.

334 2675 528 2746 Zmrsaou.
554 2675 644 2746 Item
670 2674 707 2745 in
735 2673 861 2764 oppido
888 2673 1047 2765 praefato
1066 2673 1315 2765 oppatoviensi
1332 2682 1389 2747 est
1405 2674 1511 2767 locus,
1529 2677 1589 2748 ubi
1608 2677 1783 2767 quondam

229 2802 331 2868 retus
358 2794 430 2884 arr,
458 2814 546 2887 quae
572 2815 698 2866 nomen
724 2794 939 2886 Zmigr'od
965 2796 1126 2886 habebat
1146 2794 1260 2868 ‘fuisse
1286 2802 1457 2886 censetur,
1476 2798 1569 2869 circa
1586 2816 1687 2888 quem
1706 2798 1781 2889 qui·

230 2916 308 2987 dem
344 2917 455 2988 locum
493 2916 599 2987 habet
633 2915 834 2987 decanatus*
856 2900 1148 3006 Oppathoviensis
1183 2917 1305 2988 hortos
1339 2924 1375 2989 et
1401 2938 1518 3008 areas,
1545 2924 1583 2989 et
1608 2918 1782 3010 quaelibet

227 3037 333 3109 solvit
357 3056 421 3126 pro
448 3056 563 3107 annno
589 3055 694 3107 censu
721 3035 904 3108 decanatui
930 3057 1036 3108 unum
1062 3035 1232 3108 fertonem
1258 3043 1296 3108 et
1321 3037 1410 3109 duos
1437 3058 1595 3128 capones.

331 3156 548 3228 Praedium
573 3157 822 3247 epIscopale.
848 3157 889 3227 In
916 3157 1094 3248 praedicto
1120 3157 1247 3247 oppido
1265 3156 1514 3248 Oppatoviensi
1532 3165 1587 3230 est
1602 3159 1782 3249 praedium

228 3278 423 3368 episcopale
449 3278 486 3348 in
511 3284 585 3347 tres
612 3296 750 3366 campos
777 3276 934 3365 divisum,
962 3274 1042 3367 pus't
1068 3297 1214 3367 qnorum
1241 3277 1411 3349 culturam
1435 3279 1586 3368 percipit
1612 3278 1779 3350 decimam

229 3398 478 3488 manipularem
513 3397 663 3468 decanus
699 3394 967 3486 Oppatoriensis
994 3403 1031 3468 et
1056 3395 1218 3470 conducit
1243 3418 1318 3468 eam
1347 3399 1383 3468 in
1410 3418 1509 3469 suum
1535 3399 1717 3487 borreum,
1744 3405 1781 3470 et

228 3519 327 3592 valor
352 3519 427 3590 eius
453 3518 659 3590 aestimatur
685 3516 728 3587 ad
756 3537 819 3587 sex
844 3537 988 3607 marcas,
1015 3524 1157 3608 praeter
1183 3538 1313 3607 pancos
1340 3539 1443 3608 agros
1464 3518 1617 3590 eiusdem
1635 3519 1779 3609 praedii,

228 3639 273 3712 de
298 3639 425 3730 quibus
449 3639 544 3713 solus
570 3638 752 3729 episcopus
778 3637 1014 3710 Lubuczensis
1040 3638 1190 3729 percipit
1215 3638 1391 3709 decimam.

331 3759 547 3832 Praedium
574 3758 779 3830 decanale.
804 3759 895 3830 Item
920 3759 957 3829 in
984 3758 1105 3830 eadem
1132 3759 1274 3831 ciuitate
1301 3760 1408 3830 babet
1433 3760 1583 3831 decanus
1601 3758 1778 3849 Oppatbo·

228 3881 356 3953 vlensis
382 3881 572 3971 praedium,
601 3879 693 3970 quod
727 3879 869 3969 proprio
895 3880 978 3952 colit
994 3880 1124 3968 labore,
1143 3880 1187 3952 de
1206 3900 1274 3971 quo
1292 3879 1378 3950 nulli
1396 3879 1502 3952 solvit
1519 3871 1697 3972 decimam,
1716 3880 1778 3952 sed

228 4021 305 4075 eam
331 4022 395 4092 pro
423 4020 461 4072 se
487 4001 580 4072 tollit
606 4000 705 4072 etin
731 4001 895 4072 borreum
913 4016 1022 4073 suum
1040 3999 1181 4073 inducit
1207 4000 1297 4071 Item
1314 4000 1502 4072 decanatus
1521 3998 1779 4091 Oppathorien·

158 4103 162 4111 ¹
229 4122 277 4194 sis
303 4122 385 4194 licet
418 4122 581 4194 babuerit
608 4121 791 4211 specialem
819 4121 976 4212 domum,
1002 4122 1136 4194 curiam
1162 4123 1382 4212 otharium,
1410 4122 1575 4194 horreum
1601 4127 1637 4192 et
1662 4141 1779 4211 pome-

227 4243 318 4321 rium
353 4249 558 4334 perpetuum
594 4243 687 4313 circa
721 4242 900 4314 'ecclesiam
935 4240 1083 4314 Sanctae
1117 4241 1253 4315 Marlae
1289 4243 1326 4313 in
1361 4243 1472 4315 veteri
1498 4241 1640 4315 civitate
1665 4242 1778 4333 sitam,

229 4363 415 4436 modernus
441 4369 557 4435 tamen
584 4363 735 4435 decanus
752 4361 1245 4456 Iohannes-Mychowsky
1271 4364 1333 4435 illa
1351 4364 1466 4436 omnia
1482 4363 1651 4435 fratribus
1668 4363 1779 4435 mino·

228 4484 326 4557 ribus
352 4505 416 4576 pro
443 4504 562 4556 eorum
596 4482 850 4554 inhabitatione
884 4488 1054 4574 perpetuo
1081 4482 1243 4574 donavit,
1269 4483 1409 4575 illicque
1433 4484 1503 4555 iam
1529 4483 1777 4555 monasterium

227 4625 292 4696 pro
317 4603 484 4676 matribus
510 4603 677 4695 praefatis
704 4605 819 4694 lapide
845 4608 998 4676 erectum
1024 4610 1097 4693 est;
1123 4604 1198 4695 ipse
1215 4611 1332 4677 autem
1350 4605 1500 4677 decanus
1517 4605 1555 4676 in
1572 4605 1684 4676 altero
1702 4605 1777 4676 loco

227 4726 264 4797 in
289 4725 411 4797 eodem
445 4725 557 4797 veteri
592 4726 720 4816 oppido
757 4726 825 4798 sibi
851 4729 888 4797 et
912 4725 985 4798 suls
1011 4726 1435 4799 successoribus‘decanis
1462 4725 1671 4798 domicilium
1698 4746 1779 4797 oon-

228 4846 355 4919 stituit

331 4967 422 5038 Item
456 4965 646 5040 decanatus
680 4965 857 5059 praefatus
893 4966 1159 5060 Oppatoriensis
1190 4968 1288 5040 iuxta
1314 4967 1429 5040 omnia
1453 4971 1612 5058 regestra
1636 4969 1777 5040 tanaim

227 5089 284 5161 est
308 5086 355 5159 ad
380 5140 389 5158 .
415 5140 424 5157 .
450 5141 459 5157 .
