4050 6054
190 373 194 377 ’
297 393 371 462 244

292 599 398 669 situm
434 602 507 683 est,
545 596 643 665 iuxta
675 594 844 683 capellam
892 592 924 664 S.
952 592 1112 682 Apostoli
1149 591 1319 680 Thomas,
1356 591 1448 699 quod
1484 589 1642 662 Clemens
1677 590 1720 662 de
1755 589 1849 663 Μο-

291 719 517 805 skorzovv,
546 715 756 786 castellanus
784 713 1017 802 Wislicensis,
1049 713 1175 784 nobilis
1212 713 1255 784 de
1281 712 1383 785 domo
1409 710 1583 783 Pilawa
1609 732 1639 783 a.
1665 711 1707 782 D.
1730 712 1848 783 1407.

292 839 355 910 sub
382 837 587 927 pontificatu
613 833 712 908 Petri
738 833 925 926 Wysch,
954 834 1106 923 episcopi
1133 833 1372 905 Graooviensis
1398 831 1567 923 fundavit,
1594 833 1681 904 dans
1707 832 1744 903 in
1770 833 1849 904 eius

290 960 406 1033 dotem
435 959 552 1028 decem
580 977 713 1026 marcas
742 956 847 1026 annui
876 976 998 1027 census
1024 976 1068 1026 cx
1086 953 1214 1045 oppido
1231 955 1533 1045 Dobscbicze,
1560 975 1604 1026 ex
1621 954 1755 1026 tributo
1771 954 1849 1026 sive

290 1080 386 1150 datia
410 1076 552 1165 scbossa,
579 1077 724 1166 singulis
751 1077 851 1147 annis
878 1097 942 1166 pro
968 1075 1058 1147 festo
1086 1074 1203 1147 Sancti
1230 1074 1376 1177 Martini
1402 1075 1655 1165 provenientes,
1682 1095 1760 1146 eam
1783 1072 1849 1147 ed·
1914 1059 1919 1089 ³

289 1202 435 1291 iungens
473 1198 721 1286 conditionem,
749 1204 789 1268 ut
816 1199 846 1267 si
874 1196 1041 1268 decimam
1076 1196 1327 1286 manipularem
1354 1196 1482 1268 valoris
1510 1196 1626 1269 decem
1653 1215 1849 1279 marcarum

291 1322 347 1393 vel
374 1322 461 1392 alios
488 1314 655 1392 'certiores
682 1325 874 1409 proventus
901 1340 965 1408 pro
993 1319 1097 1391 altari
1123 1317 1281 1407 praelato
1308 1319 1535 1409 expediverit,
1561 1339 1684 1390 census
1710 1316 1848 1409 pracia-

292 1452 349 1515 tus
385 1443 502 1513 decem
537 1462 733 1512 marcarum
768 1440 812 1511 ad
847 1441 959 1532 ipsum
992 1445 1028 1511 et
1054 1440 1295 1529 posteritatem
1323 1461 1420 1511 suam
1448 1439 1573 1512 debeat
1598 1439 1724 1511 redire.
1758 1437 1850 1510 Item
1883 1502 1898 1512 .

294 1563 438 1635 totalem
465 1568 594 1633 sortem
622 1560 850 1632 haereditatis
878 1582 940 1632 seu
966 1561 1069 1631 villae
1096 1561 1376 1651 Statoniwa,
1403 1581 1481 1632 cum
1508 1560 1666 1633 omnibus
1693 1559 1849 1639 eiusdem

294 1658 409 1772 editis,
436 1683 663 1772 proventibus
691 1686 727 1752 et
753 1682 921 1770 censibus,
949 1701 989 1752 ac
1016 1682 1161 1771 singulis
1188 1682 1425 1770 proventibus,
1444 1682 1527 1753 solis
1545 1656 1849 1773 pratis⁶encbptis3

259 1820 266 1830 ·
292 1806 377 1876 item
404 1804 489 1895 duas
516 1824 650 1875 marcas
678 1803 783 1873 annui
810 1823 942 1891 census,
968 1803 1004 1872 in
1032 1807 1067 1873 et
1093 1823 1198 1892 super
1225 1801 1326 1874 domo
1353 1823 1417 1874 sua
1443 1802 1582 1892 lapidea
1599 1801 1700 1874 aciali
1717 1803 1753 1873 in
1771 1801 1848 1893 plc-

292 1933 349 1997 tea
384 1926 628 1996 canonicorum
664 1922 939 2012 Orccoviae,
973 1944 1081 2014 prope
1117 1923 1258 1994 fluvium
1294 1923 1505 2013 Rudawa,
1532 1924 1569 1996 in
1595 1929 1695 2014 parte
1722 1923 1851 1996 dextra

292 2047 403 2118 cundo
440 2067 482 2116 eu
518 2050 634 2116 castro
662 2045 745 2133 sita,
773 2066 836 2134 per
863 2044 1134 2115 inhabitatorem
1161 2043 1236 2114 eius
1263 2044 1448 2133 solvenda,
1475 2044 1694 2116 collationem
1721 2045 1848 2117 altaris

291 2166 438 2258 praefati
476 2167 543 2237 sibi
576 2171 612 2237 et
638 2166 768 2237 seniori
795 2186 838 2236 ex
865 2165 945 2236 tiliis
973 2165 1046 2236 suis
1073 2186 1116 2236 ex
1143 2167 1401 2238 successoribus
1428 2166 1499 2236 suis
1526 2186 1729 2256 reservans,
1756 2165 1850 2257 quod

293 2291 323 2359 si
350 2288 412 2359 fflii
439 2288 511 2376 sui,
538 2287 593 2358 vel
620 2293 764 2377 nepotes
791 2287 889 2376 prole
915 2286 1105 2358 masculina
1131 2308 1200 2357 non
1227 2287 1349 2358 habita
1375 2287 1606 2377 decesserint,
1641 2293 1683 2359 ut
1708 2287 1850 2360 collatio

294 2409 416 2480 altaris
452 2408 607 2479 eiusdem
642 2408 686 2478 ad
713 2408 943 2497 proximiores
970 2428 1053 2479 suae
1081 2408 1203 2498 stirpis
1229 2429 1270 2479 ac
1296 2408 1444 2481 clenodii
1472 2408 1730 2498 devolveretur;
1759 2409 1850 2502 ,stir-
1959 2432 1962 2436 ·

295 2551 374 2620 pem
409 2551 511 2600 sexus
542 2528 680 2600 feminei
708 2535 744 2618 et
771 2529 920 2600 tiliarum
957 2550 1099 2600 suarum
1127 2529 1171 2602 ab
1198 2529 1399 2601 huiusmodi
1435 2530 1557 2602 alteris
1584 2531 1852 2621 inrepatronatu

297 2650 489 2740 excludens,
518 2650 693 2741 ordinans,
722 2650 813 2741 qnod
840 2650 1003 2721 altarista
1028 2670 1092 2762 pro
1119 2655 1276 2740 tempore
1304 2651 1351 2722 sit
1377 2655 1457 2722 actu
1484 2650 1676 2742 presbpter,
1703 2651 1851 2743 singulis

292 2772 413 2843 diebus
449 2773 542 2842 circa
580 2772 690 2843 altare
726 2766 921 2861 praelatum
949 2792 992 2842 ex
1019 2771 1202 2843 devotione
1229 2772 1407 2844 celebrans
1441 2779 1515 2845 tres
1542 2775 1668 2844 missas
1702 2773 1850 2865 singulis
1979 2771 1984 2779 ’

295 2894 507 2984 septimunic,
535 2913 639 2963 unam
668 2892 830 2964 videlicet
856 2892 899 2962 de
926 2893 1038 2963 Beata
1064 2891 1220 2982 Virgine,
1247 2893 1392 2965 alteram
1421 2894 1464 2966 de
1482 2895 1639 2985 patronis
1658 2901 1694 2967 et
1710 2893 1849 2969 sancus

294 3016 470 3104 omnibus,
498 3020 534 3085 et
560 3014 700 3084 tertiam
731 3013 972 3085 damnatorum
999 3034 1063 3103 pro
1091 3014 1202 3086 salute
1230 3014 1469 3087 defunctorum
1496 3015 1728 3108 fundatorum,
1742 3016 1851 3094 ,vivo-

149 3121 151 3125 ’
290 3158 367 3207 rum
395 3141 431 3207 et
458 3141 674 3207 mortuorum
701 3156 745 3206 ex
771 3135 984 3224 obligatione
1010 3135 1136 3225 legere,
1163 3141 1200 3206 et
1228 3136 1370 3226 implere
1397 3158 1461 3227 per
1488 3159 1534 3228 se,
1554 3138 1608 3209 vel
1628 3138 1735 3211 alium
1750 3143 1849 3213 tene·

294 3265 384 3346 atur,
411 3263 446 3328 et
473 3257 564 3347 quod
591 3256 809 3346 personalem
837 3276 972 3346 semper
989 3255 1094 3327 faciat
1112 3257 1206 3328 circa
1223 3257 1333 3330 altare
1352 3258 1587 3349 residentiam,
1605 3259 1736 3331 nullum
1755 3259 1851 3333 abad

292 3378 424 3450 babens
460 3377 673 3468 beneficium,
700 3376 890 3468 privandus
917 3398 958 3448 eo
985 3378 1014 3448 si
1042 3378 1097 3448 vel
1124 3376 1327 3451 beneficium
1363 3379 1523 3470 pinguius
1560 3379 1707 3470 adeptus
1733 3378 1851 3487 fuerit,

293 3499 350 3570 vel
378 3521 398 3570 a
420 3500 616 3571 residentia
650 3499 771 3570 altaris
799 3520 836 3570 se
862 3520 1057 3590 perunum
1083 3519 1235 3571 mensem
1263 3501 1337 3571 siue
1364 3501 1505 3572 licentia
1532 3500 1699 3573 ordinarii
1725 3501 1851 3577 absen-

293 3623 442 3709 taverit3
469 3622 512 3692 de
548 3622 672 3711 quibus
709 3622 866 3693 omnibus
903 3620 1051 3711 praefati
1088 3620 1184 3692 Petri
1220 3621 1374 3712 episcopi
1409 3628 1445 3692 et
1477 3622 1561 3694 dicti
1589 3621 1776 3695 Clementis
1789 3623 1847 3707 {lc

294 3741 586 3814 Moskorzov
631 3744 805 3815 habentur
848 3742 1031 3833 privilegia
1074 3742 1110 3812 in
1155 3742 1290 3814 aerario
1334 3744 1488 3834 reposita
1523 3743 1688 3817 ecclesiae
1724 3742 1850 3816 Gracc-

297 3864 435 3934 viensis.
1292 3940 1297 3945 ‚
1506 3922 1509 3927 .

397 3984 596 4055 Notandum
632 3991 766 4071 autem3
795 3984 887 4073 quod
923 3989 1035 4054 morte
1070 3984 1219 4075 praefati
1246 3983 1435 4058 Clementis
1455 3985 1851 4079 ‚Moskorzowskg

294 4103 473 4175 castellani
501 4104 729 4175 Wisliciensis
757 4111 921 4194 sequuta,
949 4105 1040 4176 filius
1068 4128 1150 4177 suus
1176 4106 1353 4178 Martinus
1381 4107 1447 4179 sibi
1475 4108 1679 4198 succedens,
1705 4114 1852 4201 propter

294 4246 453 4296 enormes
491 4226 692 4329 insolentias
728 4232 764 4296 et
801 4246 980 4316 excessus,
1007 4226 1073 4299 luit
1109 4228 1236 4318 oppido
1263 4229 1556 4301 Dobscbicze
1583 4236 1620 4302 et
1646 4229 1724 4303 aliis
1750 4230 1852 4304 bonis

292 4346 538 4419 haereditariis
564 4347 742 4438 privatur,
770 4347 828 4437 qui
855 4349 959 4420 etiam
988 4349 1126 4420 domum
1153 4348 1344 4445 praefatam
1371 4349 1514 4421 acialem
1541 4351 1577 4422 in
1603 4351 1721 4442 platea
1746 4371 1852 4424 cano·

292 4470 404 4558 nicali,
432 4469 588 4560 quamvis
616 4469 721 4539 altari
748 4470 924 4559 praesenti
951 4470 994 4541 de
1022 4469 1156 4541 duabus
1183 4472 1308 4542 marcis
1328 4473 1532 4562 censualem,
1550 4472 1695 4546 Nicolao
1713 4472 1758 4547 de
1775 4471 1861 4547 Mt·

180 4677 185 4686 ‚
293 4592 485 4681 chalon,
512 4591 666 4680 palatino
702 4596 800 4681 tunc,
821 4592 1091 4664 Sandomiriensi
1128 4591 1302 4683 vendidit,
1329 4594 1372 4664 ab
1410 4615 1518 4685 eoque
1544 4601 1701 4686 tempore
1730 4616 1849 4667 omnes

292 4718 480 4804 proventus
508 4712 629 4783 altaris
656 4712 805 4802 praelati
832 4713 1002 4785 altaristis
1031 4713 1064 4783 id
1091 4712 1314 4804 patientibus,
1341 4713 1436 4786 luere
1465 4715 1647 4807 abstracti,
1674 4737 1788 4808 neque
1814 4717 1851 4788 in
1952 4700 1956 4709 ’

291 4841 428 4924 tempus
455 4835 522 4906 hoc
548 4835 714 4906 restituti.
1054 4926 1057 4940 .
1831 4920 1834 4925 ⁴

395 4955 497 5027 Anno
533 4955 675 5027 tandem
715 4957 823 5027 1470.
851 4957 915 5026 snb
950 4954 1157 5047 pontificatu
1190 4954 1361 5027 lobannis
1388 4957 1672 5047 Luthkonis,
1699 4958 1868 5050 episcopi-

292 5076 548 5168 (lracoviensiS,
575 5077 752 5148 lohannes
778 5077 823 5148 de
850 5076 1111 5169 Schebnya,
1138 5082 1253 5148 rector
1280 5078 1456 5149 ecclesiae
1471 5079 1681 5168 parochialis
1698 5080 1742 5163 ,in
1770 5079 1851 5151 Ru·

290 5199 431 5289 pella,
460 5205 497 5270 et
521 5198 674 5271 Jacobus
706 5197 749 5271 dc
776 5198 1017 5290 Schebnya
1041 5218 1227 5289 germanus
1255 5220 1338 5271 suus
1365 5200 1485 5288 miles,
1512 5200 1645 5272 nobiles
1672 5200 1717 5272 de
1743 5201 1849 5273 armis

290 5321 556 5420 Bibersten,
584 5321 732 5404 alterum
758 5321 951 5405 altaristam
978 5325 1015 5402 et
1040 5320 1237 5402 ministrum
1264 5321 1368 5401 altari
1395 5320 1554 5412 praelato
1574 5320 1796 5425 addidepuut,
1813 5322 1852 5401 in
