4050 6054
1536 453 1537 457 ·
1597 456 1746 547 „aaa

200 664 396 757 appellatus
429 663 793 754 Pyeszkowsky,
823 663 1113 753 'prothonotarius
1149 662 1378 751 apostolicus,
1413 661 1540 733 nobilis
1576 661 1620 733 de
1646 662 1748 736 domo

199 784 512 875 Accipitrum,
549 784 641 874 apud
676 784 928 855 Martinam
965 803 1090 875 papam
1127 783 1283 873 quintum
1319 783 1510 874 impetrans
1536 781 1580 855 de
1605 782 1749 873 pacifice

200 906 294 978 illius
313 904 541 994 possessione,
568 904 755 994 capitulum
774 904 1059 994 Vladislaviense,
1086 904 1200 976 tribus
1218 904 1401 975 sententiis
1420 901 1651 975 conformibus
1670 924 1750 976 oon-

198 1026 346 1128 victum,
373 1023 517 1114 deiecit,
543 1030 579 1095 et
604 1025 882 1115 praeposituram
919 1024 1109 1117 praefatam
1135 1025 1172 1095 in
1199 1045 1296 1096 suam
1322 1019 1583 1115 proprietatem,
1609 1024 1748 1096 titulum

199 1151 235 1216 et
262 1145 475 1234 dignitatem,
503 1165 606 1234 quam
634 1146 733 1215 etin
761 1145 851 1216 diem
878 1146 1082 1217 hodiernam
1109 1146 1248 1233 retinet3
1274 1145 1438 1217 restituit.
1478 1143 1584 1216 Cuius
1612 1144 1749 1235 quidem

199 1264 473 1356 praepositurae
500 1266 687 1355 custodiae,
713 1265 821 1337 trium
846 1265 1122 1357 praebendarum
1149 1272 1185 1337 et
1211 1266 1648 1356 clarissimae-pergemus
1679 1266 1748 1337 iam

199 1387 398 1458 describere
423 1392 572 1487 provent
574 1408 623 1476 us,
651 1386 795 1457 claricat
779 1391 881 1459 turae
906 1392 1022 1459 antean
1053 1385 1231 1476 praefatae
1258 1387 1521 1477 iuspatronatns
1548 1391 1585 1457 et
1610 1386 1748 1458 collatio
1884 1481 1890 1490 ι

199 1527 269 1579 non
298 1505 348 1577 ad
375 1506 575 1596 episcopum
610 1498 941 1596 Vladislavidl‘sem,
976 1505 1038 1578 sed
1074 1506 1118 1578 ad
1145 1507 1323 1598 praeposit
1323 1526 1380 1576 um
1415 1504 1452 1579 8.·
1470 1503 1657 1578 Michaelis
1683 1525 1748 1596 pro

198 1633 355 1719 tempore
381 1626 596 1719 dignoscitur
622 1628 761 1719 pleno
751 1646 828 1701 rurs
854 1628 1040 1720 pertinere.
1436 1670 1440 1677 -

655 1890 951 1995 praepositura
984 1891 1026 1970 8.
1056 1888 1291 2007 Michaelis.

276 2112 570 2201 .Praepositurae
597 2111 637 2183 8.·
657 2112 839 2183 Michaelis
861 2112 1019 2215 ¹dignitas
1054 2113 1090 2183 in
1117 2111 1263 2183 ecclesia
1289 2111 1366 2201 ipsa
1392 2111 1611 2201 principalis,
1648 2132 1750 2201 qnam

131 2217 137 2227 ’
199 2232 902 2305 nunctenetlohannesWantrobka
927 2233 970 2304 de
988 2232 1247 2322 Strzelcze,
1275 2232 1400 2304 nobilis
1420 2231 1583 2304 dedomo
1602 2231 1749 2322 Oksza,

200 2353 298 2425 cuins
324 2351 538 2443 infrascripti
564 2358 645 2424 sunt
670 2360 869 2443 proventus.

304 2473 541 2563 Touroczon,
568 2474 652 2544 villa
679 2475 742 2545 sub
760 2474 927 2565 parochia
945 2474 1110 2544 ecclesiae
1133 2473 1336 2564 collegiatae
1355 2472 1650 2544 Scarbimiriensis
1669 2474 1747 2562 sita,

200 2594 297 2664 cuius
324 2593 519 2683 proprietas
547 2597 584 2663 ct
610 2592 807 2665 dominium·
826 2595 978 2683 pertinet
1005 2594 1049 2663 ad
1071 2595 1307 2685 praepositum
1325 2592 1359 2664 S.
1377 2593 1559 2664 Michaelis
1578 2614 1643 2684 pro
1661 2599 1749 2665 tem-

199 2733 293 2803 pore,
320 2717 356 2784 et
382 2713 466 2783 villa
492 2711 651 2803 praefata
677 2718 732 2784 est
757 2714 882 2785 fundus
902 2714 1089 2805 primarius
1116 2715 1377 2806 praepositurae
1396 2712 1429 2784 S.
1447 2713 1632 2785 Michaelis
1650 2734 1750 2804 prae·

199 2832 331 2922 dictae,
367 2833 402 2904 in
430 2853 498 2923 qua
531 2838 613 2905 sunt
630 2834 763 2925 ‚viginti
789 2856 878 2906 unus
914 2835 1006 2906 lanei
1032 2828 1287 2924 emethonales,
1323 2835 1435 2906 solum
1471 2840 1587 2905 autem
1624 2835 1750 2925 viginti

198 2954 302 3026 locati
329 2960 410 3026 sunt
437 2955 687 3045 cmethonibus,
714 2977 803 3026 unus
831 2960 947 3027 antem
975 2957 1220 3059 appropriatus
1248 2961 1302 3027 est
1328 2955 1482 3046 praedi03
1511 2956 1615 3027 solvit
1632 2961 1748 3027 autem

199 3075 347 3165 quilibet
373 3075 495 3147 laneus
514 3096 595 3165 ‚pro
622 3096 735 3151 annuo
771 3096 877 3147 censu
912 3077 1111 3167 praeposito
1138 3075 1171 3147 8.
1198 3076 1381 3150 Michaelis
1413 3097 1515 3148 unam
1543 3097 1750 3167 sexagenum

200 3197 389 3267 communis
416 3196 581 3286 pecuniae
609 3195 780 3270 currentis
807 3197 947 3287 usualis,
974 3198 1058 3269 item
1078 3203 1227 3288 quatuor
1253 3198 1376 3289 pullos,
1401 3198 1484 3269 item
1511 3198 1657 3289 triginta
1674 3217 1750 3287 ova,

199 3311 283 3388 item
310 3316 396 3388 duas
422 3337 602 3388 mensuras
629 3337 760 3388 avenae
787 3316 970 3390 confertas.

302 3437 392 3508 Item
419 3436 461 3509 de
490 3438 645 3529 quolibet
679 3438 780 3509 laneo
817 3439 964 3529 quilibet
998 3440 1132 3510 cmetho
1169 3438 1315 3528 singulis
1351 3439 1553 3528 septimanis
1588 3438 1748 3511 laborare

198 3563 337 3630 tenetur
364 3557 450 3630 duos
478 3557 552 3629 dics
578 3559 721 3648 proprio
749 3536 858 3630 curru
879 3565 941 3630 aut
967 3565 1095 3649 aratro,
1121 3563 1276 3650 tempore
1303 3559 1466 3631 messium
1493 3564 1652 3649 excepto,
1681 3580 1748 3658 quo

198 3680 352 3771 instante
380 3685 417 3751 et
442 3679 655 3769 adveniente,
684 3680 830 3771 quilibet
856 3681 993 3752 emetho
1020 3680 1063 3751 de
1090 3681 1189 3750 laneo
1215 3685 1355 3751 tenetur
1383 3700 1460 3751 cum
1485 3678 1635 3752 falcibus
1662 3679 1748 3753 duo-

198 3801 263 3872 bus
290 3800 335 3873 ad
361 3798 564 3872 metendum
594 3800 767 3873 frumenta
801 3801 973 3892 hyemalia
999 3806 1036 3873 et
1062 3801 1243 3873 aestivalia
1274 3801 1411 3890 venire,
1447 3803 1483 3871 et
1508 3806 1581 3871 tres
1608 3800 1745 3872 diesin

199 3922 403 4015 septimana,
440 3942 617 4013 quousque
645 3923 827 3994 seminatio
855 3923 1064 4014 hyemalium
1089 3921 1226 4013 frugum
1263 3922 1298 3992 in
1325 3921 1431 4011 agris,
1446 3912 1580 4012 praedii
1608 3922 1748 3995 curialis

199 4043 363 4134 coeperit,
389 4043 561 4132 laborare;
587 4044 687 4115 labor
713 4050 831 4115 tamen
858 4043 932 4134 ipse
959 4042 1224 4133 diversificatur,
1251 4064 1295 4114 ex
1321 4043 1463 4133 antiqua
1490 4042 1580 4114 enim
1607 4063 1751 4139 consve-

198 4155 331 4236 tudine'
346 4184 454 4255 usque
481 4164 517 4233 in
544 4164 610 4236 hoc
636 4168 772 4254 tempus
800 4165 998 4237 cmethones
1026 4165 1130 4236 villae
1156 4163 1335 4255 praefatae
1361 4185 1536 4255 nunquam
1563 4140 1750 4236 consveie'·

197 4291 280 4357 runt
306 4290 420 4356 totum
447 4285 538 4357 diem
565 4306 684 4376 arare,
713 4285 772 4356 sed
800 4285 911 4358 solum
938 4306 960 4357 a
985 4306 1087 4357 mane
1114 4306 1223 4376 usque
1250 4286 1287 4356 in
1315 4285 1512 4376 meridiem,
1539 4289 1620 4376 post
1647 4285 1750 4356 meri-

159 4447 164 4452 -
202 4406 294 4477 diem
321 4427 402 4478 voro
430 4406 670 4483 residuitatem
698 4405 768 4477 diei
794 4426 862 4478 non
889 4410 1054 4477 tenentur
1088 4426 1208 4496 arare,
1243 4405 1304 4478 sed
1335 4410 1499 4478 tenentur
1534 4405 1602 4479 alio
1629 4406 1749 4479 labore

199 4546 424 4619 quocumque,
443 4526 605 4598 videlicet
623 4527 859 4618 seminatione,
887 4533 949 4599 aut
975 4528 1182 4619 arpicatura,
1209 4531 1271 4600 aut
1290 4527 1359 4599 alio
1377 4527 1472 4597 illam
1490 4527 1640 4618 explere3
1667 4526 1750 4599 item

197 4652 360 4719 tenentur
386 4653 489 4737 prata
515 4647 562 4718 fal
622 4653 717 4719 trare
744 4647 945 4739 praedialis,
973 4647 1035 4720 sed
1061 4649 1106 4721 ad
1133 4648 1304 4720 rationem
1331 4648 1466 4719 dierum
1492 4648 1528 4719 in
1557 4649 1750 4740 septimana

200 4768 415 4857 debitorum;
450 4666 743 4841 vemrxoenum
780 4775 1092 4869 quantumcumque
1128 4769 1196 4841 erit
1231 4770 1267 4841 iu
1293 4774 1414 4860 prato,
1449 4768 1548 4861 quod.
1578 4773 1632 4840 est
1659 4769 1752 4842 circa
1862 4754 1865 4761 ⁵

198 4889 496 4982 Roszyeyoiu,
522 4896 687 4962 tenentur
713 4910 776 4980 pro
794 4912 862 4962 uno
882 4890 938 4962 die
965 4890 1009 4962 ad
1036 4891 1208 4963 rationem
1225 4890 1261 4960 in
1280 4891 1474 4981 septimana
1491 4889 1618 4980 debito,
1635 4895 1749 4962 totum

199 5009 400 5099 conducere,
427 5029 492 5081 nec
517 5011 734 5083 defalcantur
760 5012 819 5102 eis,
838 5011 868 5083 si
886 5011 1003 5102 plures
1030 5011 1104 5083 dies
1122 5010 1259 5084 foenum
1278 5011 1451 5101 duxerint,
1478 5009 1641 5081 videlicet
1663 5010 1749 5083 duos

200 5129 363 5221 veltres,
391 5131 458 5202 nisi
486 5153 574 5203 unus
602 5132 688 5222 dies;
733 5153 775 5204 ex
801 5133 879 5204 aliis
915 5154 999 5205 vero
1035 5133 1146 5224 pratis
1180 5131 1431 5222 praedialibus,
1469 5135 1639 5222 quotquot
1674 5130 1748 5204 dies
1867 5180 1871 5187 -

200 5249 339 5323 foenum
366 5251 538 5345 duxerint,
566 5259 621 5326 tot
646 5254 697 5325 eis
724 5254 798 5326 dies
816 5254 853 5325 in
871 5255 1065 5345 septimana
1092 5253 1201 5326 debiti
1219 5253 1264 5325 ad
1281 5249 1508 5325 laborandum
1525 5242 1749 5325 defalcantur.

200 5372 289 5447 Ibem
316 5374 444 5469 singuli
470 5375 688 5476 emethones,
715 5375 892 5458 hortulani
918 5381 955 5460 et
981 5377 1246 5487 tabernatores,t
1262 5378 1298 5446 et
1324 5373 1386 5461 alii
1411 5394 1529 5461 omues
1555 5372 1689 5460 incolae
1714 5379 1752 5460 et
