4050 6054
1692 542 1766 617 119
1861 569 1866 581 ¹

211 739 346 839 habens
373 739 548 829 praefatas
583 739 670 812 duas
705 740 889 831 tabernas,
919 761 1063 833 quarum
1091 762 1160 813 uua
1186 746 1268 814 ante
1294 743 1317 816 J
1328 764 1496 836 aszyen
1523 747 1629 820 habet
1654 770 1768 846 agros,

210 860 321 931 altera
348 882 416 933 non
443 860 566 932 habet:
602 862 645 951 de
672 862 766 952 agaris
793 862 973 933 scultetiae
1000 866 1036 933 et
1062 862 1247 955 tabernae,
1274 864 1380 937 datur
1406 866 1541 940 decima
1565 871 1766 961 pecuniaria

211 982 359 1071 plebano
386 985 422 1052 et
449 980 613 1053 ecclesiae
641 984 675 1053 io
703 982 732 1053 Z
741 1004 904 1076 yravy.
1783 1070 1786 1075 ¹

314 1102 402 1174 Item
435 1102 543 1174 habet
578 1110 735 1177 octavam
772 1103 940 1177 decimam
967 1106 1180 1196 pecunialem
1206 1107 1243 1178 iu
1270 1107 1354 1179 villa
1379 1111 1478 1201 regia
1504 1110 1674 1205 Boreh,
1700 1116 1766 1189 sub

214 1224 381 1315 parochia
407 1223 572 1295 ecelesiae
600 1225 642 1297 de
670 1225 870 1318 Zyravvy.
896 1226 937 1297 In
956 1247 1023 1317 qua
1040 1228 1147 1298 etiam
1164 1247 1235 1299 nou
1253 1232 1308 1301 est
1325 1229 1515 1322 praedium,
1533 1237 1595 1305 aut
1611 1233 1767 1328 taberna,

215 1351 276 1418 aut
302 1344 517 1436 hamularius,
545 1346 606 1417 sed
632 1346 871 1419 tautummodo
900 1347 1017 1420 decem
1043 1352 1080 1419 et
1105 1354 1184 1420 octo
1210 1349 1303 1422 lauei
1321 1353 1563 1444 emethonales,
1580 1353 1624 1426 de
1643 1357 1767 1447 quibus

211 1489 274 1559 pro
303 1467 434 1538 decima
461 1469 679 1557 praebendae
697 1468 876 1559 praefatae
895 1470 1079 1542 solvuntur
1101 1469 1281 1544 duodecim
1297 1474 1411 1563 grossi
1429 1474 1577 1567 usuales,
1594 1497 1659 1567 pro
1676 1476 1765 1553 festo

211 1589 329 1661 Sancti
363 1588 518 1661 Martini.
557 1589 624 1662 Est
658 1591 708 1662 ibi
742 1591 902 1663 scultetia
937 1597 1011 1662 tres
1044 1590 1161 1663 laneos
1188 1591 1339 1683 habens,
1367 1594 1409 1666 de
1436 1596 1560 1686 quibus
1586 1596 1766 1673 fertooalis

212 1711 345 1783 decima
380 1710 485 1784 datur
519 1711 667 1802 plebano
703 1717 739 1784 et
765 1712 930 1785 ecelesiae
957 1713 993 1783 in
1019 1712 1049 1783 Z
1056 1710 1248 1805 yrza'va.
1282 1712 1400 1787 Habet
1426 1717 1533 1789 etiam
1558 1718 1705 1792 ecclesia
1728 1722 1765 1794 iu

211 1832 428 1922 Zyrzava
454 1831 504 1904 ibi
530 1853 635 1904 unum
661 1832 808 1924 laneum,
836 1853 913 1905 enm
940 1835 1033 1905 omui
1060 1834 1145 1925 iure,
1174 1833 1315 1927 decima,
1341 1837 1569 1931 proprietate,
1595 1846 1632 1912 et
1659 1860 1765 1915 uuam

211 1953 454 2042 hortrdaniam,
482 1952 526 2024 de
553 1953 677 2043 quibus
704 1953 811 2026 habet
836 1946 986 2026 censum.
1488 2028 1494 2038 ,

315 2074 402 2145 Item
429 2074 536 2144 habet
563 2074 729 2145 decimam
765 2075 1015 2166 manipularem
1050 2096 1175 2148 nonam
1201 2078 1238 2148 iu
1264 2078 1348 2150 villa
1374 2076 1674 2175 Grusehowa,
1701 2085 1766 2159 sub

212 2195 379 2285 parocbia
412 2194 578 2266 ecclesiae
606 2194 648 2267 de
676 2194 1072 2288 Wroeimovicze,
1100 2198 1197 2271 euius
1233 2199 1357 2272 haeres
1383 2200 1561 2275 Johanues
1586 2201 1765 2278 Karvva·

213 2317 343 2388 ezian
371 2315 414 2386 de
442 2313 705 2408 Gorliezyu,
724 2319 850 2390 nobilis
868 2319 912 2390 de
929 2318 1336 2413 domoPlomyeuye.
1362 2320 1403 2392 In
1422 2342 1490 2413 qua
1508 2328 1590 2395 suut
1607 2342 1763 2399 sexeum

210 2438 323 2509 medio
351 2438 441 2508 lanei
468 2438 712 2530 emethouales,
739 2439 782 2511 do
809 2439 934 2530 quibus
961 2441 1120 2512 omnibus
1147 2440 1295 2513 solvitur
1321 2442 1454 2514 decima
1470 2445 1709 2537 manipularis,
1727 2452 1764 2519 et

213 2560 350 2631 ducitur
367 2558 518 2650 propriis
545 2559 703 2632 curribus
730 2581 794 2650 per
821 2561 1020 2649 emetbones
1047 2560 1083 2632 iu
1110 2562 1272 2633 borreum
1300 2583 1364 2653 pro
1383 2565 1558 2655 canonico,
1577 2571 1613 2637 et
1630 2564 1764 2641 decima

212 2683 333 2771 canapi
365 2702 429 2771 per
456 2680 543 2752 duas
570 2682 765 2772 iuncturas,
792 2688 829 2754 et
855 2684 1059 2754 aestimatur
1086 2684 1184 2754 valor
1211 2683 1285 2755 eius
1312 2683 1357 2755 ad
1384 2685 1503 2757 decem
1529 2706 1672 2759 marcas.
1699 2688 1767 2763 Est

212 2804 317 2874 etiam
353 2803 403 2873 ibi
439 2801 620 2892 praedium
647 2803 814 2894 militare,
841 2805 973 2875 habeus
1011 2824 1114 2895 agros
1141 2803 1353 2896 praediales,
1381 2809 1437 2877 est
1461 2807 1608 2881 taberna
1634 2813 1670 2881 et
1696 2807 1765 2881 duo

211 2924 404 3013 hortulani,
430 2922 599 2996 habentes
635 2946 755 3017 agros,
783 2925 826 2997 de
854 2926 978 3016 quibus
1015 2926 1173 2998 omuibus
1208 2926 1356 2999 solvitur
1383 2926 1515 3000 decima
1540 2930 1766 3020 manipularis

211 3046 359 3136 plebano
387 3051 423 3117 et
449 3046 617 3118 eeclesiae
642 3047 679 3118 in
705 3046 1130 3138 Wroeaymovieze.

172 3241 186 3263 ⁰
314 3168 403 3239 Item
429 3168 536 3241 habet
563 3168 730 3240 decimam
765 3169 1016 3259 manipularem
1048 3168 1215 3241 decimam
1242 3170 1278 3239 iu
1305 3168 1389 3240 villa
1414 3170 1765 3263 Imramoviezo,

212 3290 276 3361 surb
301 3289 466 3380 parochia
493 3290 657 3362 eeclesiae
684 3289 727 3361 de
754 3289 1168 3380 Wreezimewieze‚
1195 3291 1293 3362 cuius
1319 3290 1444 3361 haeres
1461 3288 1638 3363 Johanues
1656 3289 1765 3364 Kar-

212 3412 423 3501 waezian,
450 3411 576 3483 nobilis
604 3410 646 3482 de
674 3411 776 3482 domo
803 3410 1091 3502 Plemyenye.
1117 3411 1157 3481 Iu
1186 3432 1254 3503 qua
1280 3415 1362 3482 sunt
1388 3416 1466 3483 octo
1493 3410 1585 3483 lanei
1612 3412 1765 3486 ematho-

212 3535 308 3605 nales
335 3537 370 3604 et
396 3554 465 3605 una
492 3534 638 3605 taberna
665 3533 797 3603 habens
816 3552 928 3622 agros,
948 3532 1007 3603 sed
1027 3532 1203 3622 perceptio
1222 3531 1400 3622 praelatae
1419 3531 1582 3622 decimae,
1602 3554 1644 3604 en
1661 3533 1765 3606 dictis

211 3657 321 3726 laneis
348 3660 384 3727 et
410 3654 564 3744 taberna,
592 3652 845 3725 diversificatur
872 3654 906 3723 in
935 3652 1020 3724 duas
1039 3652 1255 3743 praebendas
1274 3651 1531 3742 Oracovieuuea,
1549 3652 1711 3724 videlicet
1728 3654 1765 3725 in

213 3782 431 3867 praesentem
457 3775 656 3868 Zyrawska,
684 3794 772 3865 quae
799 3796 867 3845 uuo
895 3795 984 3845 anno
1012 3773 1161 3864 percipit
1188 3780 1249 3844 aut
1275 3770 1467 3863 aestivalia,
1492 3776 1554 3845 aut
1579 3772 1764 3866 hyemalia,

213 3921 281 3971 non
309 3901 344 3970 in
370 3903 463 3988 toto,
491 3896 655 3969 sedeam
683 3897 921 3985 truncatione,
949 3895 1016 3966 alio
1045 3916 1134 3965 arrno
1162 3894 1263 3984 nihil,
1290 3898 1326 3963 et
1352 3893 1388 3964 iu
1414 3893 1649 3983 praebendam
1674 3894 1765 3987 Bye·

213 4021 415 4117 zauovslra,
431 4039 518 4110 quae
545 4039 613 4091 uno
641 4039 730 4090 anno
758 4017 906 4109 percipit
932 4024 993 4088 aut
1021 4016 1137 4088 omnia
1163 4014 1344 4087 aestivalia
1369 4018 1407 4086 et
1432 4018 1567 4106 partem
1594 4016 1762 4109 hyemali·

212 4168 279 4234 rum,
306 4149 367 4214 aut
394 4142 508 4213 omnia
533 4140 707 4233 hyemalia
733 4145 769 4211 et
795 4146 930 4231 partem
957 4137 1184 4227 aestivalium,
1213 4142 1249 4209 et
1276 4135 1386 4209 altero
1413 4157 1504 4209 auno
1530 4142 1567 4209 et
1583 4138 1766 4212 aestivalia

212 4271 248 4338 et
274 4263 464 4355 hyemalia3
500 4262 630 4335 ducunt
656 4262 853 4333 emetbones
880 4260 1030 4351 propriis
1057 4258 1215 4330 curribus
1243 4258 1410 4331 decimam
1436 4258 1472 4329 in
1498 4258 1674 4351 horreum,
1700 4281 1764 4352 pro

213 4375 377 4461 canonico
404 4386 501 4456 illum
538 4390 786 4474 concernente,
813 4390 850 4455 et
876 4380 1014 4455 solvunt
1041 4381 1208 4453 decimam
1234 4382 1358 4472 canapi
1383 4400 1447 4472 per
1473 4380 1560 4453 duas
1586 4381 1766 4453 iuncturas

212 4531 276 4602 pro
302 4506 503 4600 praebenda
530 4505 700 4577 duntaxat
726 4505 1004 4596 Byczauovvska,
1030 4509 1067 4576 et
1094 4502 1299 4576 aestimatur
1325 4501 1424 4574 valor
1451 4500 1603 4573 decimae
1629 4498 1765 4591 praeia-

213 4637 280 4721 tae,
307 4630 343 4700 iu
372 4632 539 4719 quantum
566 4626 744 4698 concernit
770 4625 1002 4717 praebendam
1028 4624 1228 4716 Zyravsha,
1246 4623 1292 4696 ad
1317 4627 1392 4695 tres
1409 4641 1551 4694 mareas.
1578 4620 1645 4695 Est
1661 4621 1766 4693 etiam

214 4753 263 4824 ibi
281 4749 470 4842 'praedium
497 4749 658 4839 militare,
686 4748 817 4821 habens
845 4768 949 4838 agros
975 4745 1181 4838 praediales,
1207 4745 1250 4818 de
1277 4744 1403 4836 quibus
1421 4742 1525 4815 datur
1542 4742 1676 4841 decima
1693 4762 1765 4815 ma-

213 4874 381 4966 nipularis
408 4870 556 4962 plebano
583 4876 619 4943 et
646 4869 791 4942 ecelesia
816 4870 853 4940 in
880 4868 1294 4957 Wreezimewieze‚
1312 4866 1517 4938 aestimatur
1534 4866 1649 4935 autem
1667 4862 1765 4937 valor

105 5045 109 5054 ·
215 4996 385 5085 decimae,
413 4997 580 5085 quantum
615 4991 660 5064 ad
694 4990 926 5082 praebendam
962 4988 1238 5081 Byezanovaha,
1266 4988 1311 5059 ad
1337 4984 1517 5060 duodecim
1543 5004 1688 5076 marcas,
1714 5004 1767 5078 oo,

214 5117 307 5208 quod
334 5116 376 5188 de
404 5112 594 5187 maioribus
626 5112 755 5204 campis
782 5112 950 5185 decimam
977 5114 1156 5204 percipere
1183 5109 1369 5182 consuevit.

317 5238 405 5309 Item
431 5238 539 5311 habet
565 5234 780 5308 undecimam
806 5234 1056 5325 manipularem
1076 5232 1243 5304 decimam
1260 5230 1296 5299 iu
1323 5227 1493 5320 Wolya,
1519 5226 1583 5299 sub
1600 5225 1768 5318 parochia

215 5359 379 5432 ecelesiae
415 5359 458 5429 de
493 5357 834 5450 Zyelyenyeze,
870 5354 966 5427 euius
1002 5352 1106 5425 villae
1140 5352 1264 5425 haeres
1299 5355 1354 5422 est
1387 5346 1566 5423 Jobmnes
1602 5346 1768 5439 Spitek

218 5480 442 5573 Thursky,
466 5480 592 5557 nobilis
611 5478 774 5556 dedomo
793 5474 1065 5561 Griffonum.
1091 5472 1133 5559 ln
1152 5492 1220 5570 qua
1237 5476 1319 5549 sunt
1336 5490 1397 5550 sex
1414 5470 1507 5549 lanei
1525 5466 1769 5567 emethouales,
