4050 6054
199 432 202 437 ¹
231 445 306 523 392

230 654 319 727 Item
345 655 510 727 tabernae
537 660 620 724 sunt
645 650 694 723 ihi
721 671 791 740 sex,
818 670 888 722 nna
912 647 1084 740 haeredis,
1111 646 1261 741 quinque
1286 643 1437 739 plebani,
1464 643 1527 720 sed
1552 667 1623 721 nou
1647 642 1781 721 habent
1926 738 1931 747 ,

231 795 344 866 agros,
371 774 440 845 nisi
464 792 528 865 per
553 772 738 862 plebanum
765 771 885 861 datos;
910 771 996 842 item
1013 769 1233 842 hortulaniae
1252 768 1340 841 duae
1359 769 1495 841 suntin
1512 767 1597 841 villa
1613 765 1781 860 praedast,

232 894 357 986 quihus
384 914 427 966 ex
453 893 596 984 praedio
623 893 701 982 agri
726 889 911 983 aliquando
936 889 1144 981 largiuntur,
1168 889 1254 962 item
1279 896 1334 961 est
1359 889 1409 961 ibi
1435 890 1574 961 unicum
1600 888 1783 979 praedium

231 1014 391 1105 militare,
418 1012 461 1084 de
489 1033 555 1103 quo
583 1012 731 1084 solvitur
757 1010 891 1082 decima
915 1011 1143 1101 manipularis
1170 1009 1334 1082 ecclesiae
1361 1010 1398 1081 in
1423 1009 1652 1082 Kaschow.
1801 1048 1803 1053 .

334 1132 601 1205 Kascuonmrm
628 1130 784 1221 Wonrn‚
811 1131 895 1204 villa
920 1132 983 1203 sub
1010 1131 1176 1222 parochia
1202 1131 1368 1203 ecclesiae
1386 1130 1429 1202 de
1449 1129 1666 1203 Kaschow
1691 1134 1728 1201 ei
1744 1127 1782 1200 in
1822 1184 1829 1196 .

235 1251 431 1325 Gneznensi
456 1251 606 1329 dioecesi
633 1253 710 1342 sita,
738 1251 834 1325 cuius
860 1252 986 1323 haeres
1011 1232 1189 1342 praefatus
1206 1249 1385 1323 Johannes
1402 1248 1716 1340 Kaschowsky
1737 1247 1782 1320 de
1810 1240 1814 1245 ’

231 1373 338 1446 armis
364 1371 388 1445 J
396 1372 537 1463 anina,
564 1373 600 1443 in
628 1392 698 1464 qua
723 1376 806 1444 suut
832 1372 957 1462 viginti
983 1392 1072 1443 nnus
1098 1371 1191 1443 lanei
1208 1371 1451 1462 cmethonales,
1470 1370 1513 1443 de
1533 1371 1659 1462 quibus
1676 1368 1782 1442 solvi·

228 1499 288 1566 tur
313 1493 446 1567 decima
471 1493 696 1584 manipularis
723 1500 760 1564 et
777 1512 840 1583 per
867 1497 1016 1583 quatuor
1040 1492 1182 1582 ierngas
1209 1491 1384 1583 canapalis
1411 1492 1578 1564 ecclesiae
1595 1488 1778 1563 Sandomi-

231 1615 356 1706 riensi‚
383 1621 421 1687 et
446 1619 611 1686 tenentur
636 1633 713 1685 eam
740 1612 867 1685 ducere
894 1612 1093 1685 cmethones
1118 1613 1271 1704 propriis
1297 1613 1458 1685 curribus
1484 1613 1521 1682 in
1547 1611 1710 1684 horreum
1736 1611 1782 1682 ab

231 1735 377 1808 ecclesia
394 1733 665 1807 Sandomiriensi
681 1731 865 1807 locandum
883 1739 919 1806 et
936 1734 1035 1805 valor
1053 1734 1126 1805 cius
1145 1735 1350 1806 aestimatur
1366 1733 1412 1805 ad
1425 1733 1581 1824 sedecim,
1596 1730 1783 1824 aliquando

232 1855 278 1927 ad
303 1855 428 1945 viginti
453 1875 598 1927 marcas.
623 1854 712 1927 Item
737 1855 904 1927 tabernae
931 1874 999 1926 non
1023 1859 1104 1926 sunt
1121 1854 1157 1926 in
1175 1854 1259 1927 villa
1275 1851 1442 1946 praefata,
1460 1853 1546 1926 item
1563 1851 1784 1925 hortulouiac

233 1996 302 2047 uon
329 1981 420 2065 sunt,
447 1975 531 2048 item
557 1975 738 2066 praedium
763 1980 915 2047 nonest
940 1975 990 2046 ibi
1016 1975 1157 2067 aliquod
1183 1974 1343 2047 militare.

336 2093 524 2186 Guruow,
549 2094 634 2168 villa
668 2095 704 2167 in
730 2092 927 2168 Gnezncusi
962 2093 1112 2168 dioecesi
1138 2097 1202 2168 sub
1228 2096 1395 2186 parochia
1419 2095 1584 2167 ecclesiae
1611 2093 1654 2166 de
1680 2092 1703 2167 J
1712 2114 1784 2166 an-

232 2215 435 2288 kowicze
462 2217 539 2305 sita,
563 2216 660 2289 cuius
683 2216 806 2288 haeres
823 2214 1002 2289 Johannes
1019 2213 1317 2307 Guthowsky,
1334 2216 1462 2288 nobilis
1479 2215 1523 2287 de
1541 2215 1648 2287 armis
1665 2213 1784 2286 Polu-

232 2336 380 2427 kosza,
406 2336 443 2408 in
470 2357 539 2428 qua
566 2342 647 2408 sunl
672 2335 790 2408 decem
817 2342 854 2409 et
880 2342 1013 2428 septem
1041 2336 1133 2409 lanei
1159 2336 1402 2429 cmcthonales,
1430 2337 1473 2410 de
1491 2335 1617 2429 quihus
1635 2334 1785 2407 solvitur

233 2454 367 2529 decima
391 2455 618 2547 manipularis
644 2460 681 2528 el
706 2475 770 2550 per
797 2461 946 2546 quatuor
964 2456 1104 2547 ierngas
1127 2456 1302 2547 canapalis
1320 2456 1486 2529 ecclesiae
1502 2453 1784 2544 Sandomiriensi‚

232 2579 270 2647 el
294 2576 492 2650 cmethones
518 2581 683 2648 tenentur
709 2595 786 2647 eam
812 2574 937 2648 ducere
963 2576 1114 2668 propriis
1142 2577 1302 2649 curribus
1328 2577 1365 2649 in
1391 2578 1555 2649 horreum
1573 2577 1618 2648 ah
1636 2575 1784 2647 ecclesia

233 2695 504 2771 Sandomiriensi
539 2694 722 2770 locandum
757 2703 794 2770 ot
828 2697 928 2770 valor
963 2697 1039 2771 eius
1074 2698 1118 2770 ad
1150 2697 1347 2789 duodecim,
1374 2697 1560 2789 miquando
1587 2696 1632 2769 ad
1658 2694 1785 2786 viginti

232 2838 368 2891 marcas
394 2818 608 2891 aestimator.
634 2818 723 2890 item
748 2819 914 2891 tabernae
940 2818 1060 2891 docem
1086 2819 1255 2892 habentes
1273 2838 1386 2910 agros,
1404 2826 1441 2890 et
1458 2819 1599 2891 solvunt
1615 2816 1784 2889 decimam

233 2939 269 3011 in
292 2934 510 3036 pupillianam,
536 2939 621 3012 item
646 2939 867 3012 hortulaniae
882 2946 977 3032 ires,
1003 2944 1040 3012 el
1065 2940 1205 3013 solvunt
1232 2934 1398 3012 decimam
1415 2940 1451 3010 in
1466 2935 1682 3035 pauonum,
1698 2937 1785 3009 item

232 3059 413 3151 praedium
438 3066 493 3133 est
518 3060 568 3132 ibi
594 3061 743 3152 unicum,
770 3061 866 3134 cuius
883 3051 969 3153 'agri
996 3060 1136 3134 solvunt
1161 3059 1328 3134 decimam
1347 3060 1599 3152 manipularem
1616 3057 1783 3132 ecclesiae

232 3180 269 3252 in
296 3180 608 3255 Jankowioze.
1041 3186 1044 3191 ’
1267 3194 1271 3201 ’

335 3299 578 3376 Guruowsua
605 3302 761 3393 Wonra,
787 3302 872 3375 vllla
896 3302 933 3375 in
960 3302 1155 3377 Gneznensi
1182 3303 1332 3377 dioecesi
1349 3305 1413 3377 suh
1430 3303 1596 3395 parochia
1616 3301 1782 3375 ecclesiae

233 3423 276 3497 de
301 3422 326 3496 J
335 3424 605 3497 ankowicze
631 3425 711 3516 sila
738 3425 834 3496 cuins
860 3425 985 3497 haeres
1011 3425 1188 3498 Johannes
1212 3422 1432 3516 Zaszada,
1458 3424 1584 3497 nobilis
1611 3423 1784 3496 dammis

232 3544 504 3638 Poluhosza
532 3547 568 3617 in
596 3566 665 3638 qua
690 3545 809 3619 decem
835 3550 872 3619 el
899 3552 978 3619 octo
1005 3547 1098 3618 lanei
1125 3567 1202 3618 cum
1227 3546 1342 3619 medio
1370 3547 1613 3638 cmelhonoles‚
1640 3544 1684 3617 de
1707 3544 1782 3635 qui-

231 3664 297 3738 hus
325 3665 473 3739 solvitur
499 3664 632 3739 decima
656 3666 883 3758 manipularis
910 3666 1075 3740 ecclesiae
1102 3665 1371 3740 Sandomiriensi
1389 3673 1425 3740 et
1441 3688 1505 3758 per
1523 3672 1673 3760 quatuor
1689 3664 1805 3748 iern·‚

232 3806 295 3877 gas
331 3787 526 3879 casopolis,
553 3792 589 3859 et
624 3786 755 3860 ducunt
791 3807 868 3858 eam
896 3788 1094 3861 cmeihones
1121 3790 1274 3879 propriis
1300 3789 1459 3862 curribus
1485 3776 1522 3860 in
1547 3787 1712 3860 horreum
1738 3786 1784 3858 ab

233 3907 379 3979 ecclesia
405 3906 676 4003 Sandomiriensi
705 3907 888 3981 locandum
914 3914 949 3980 et
976 3908 1075 3981 valor
1104 3908 1180 3981 eius
1208 3909 1413 3982 aestimatur
1440 3908 1485 3981 ad
1512 3907 1703 3998 duodecim,
1719 3905 1784 3978 ali·

234 4026 372 4118 quando
398 4027 443 4100 ad
469 4027 587 4100 docem
613 4035 651 4100 et
678 4034 757 4101 octo
783 4048 929 4101 marcas
954 4029 1042 4102 Item
1068 4030 1236 4103 tabernac
1262 4050 1332 4102 non
1358 4035 1449 4120 sunt,
1474 4029 1696 4102 hortulaniae
1713 4048 1783 4101 non

233 4153 323 4240 sunt,
349 4147 580 4222 molendinum
608 4155 672 4241 est,
697 4138 783 4223 item
808 4149 989 4241 praedium
1014 4171 1122 4223 unum
1147 4149 1307 4241 militare,
1336 4150 1379 4222 de
1398 4171 1466 4243 quo
1484 4150 1618 4224 decima
1635 4149 1784 4222 solvitur

233 4268 398 4342 ccclesiae
424 4269 616 4360 parochiali
642 4271 678 4342 in
704 4269 728 4343 J
739 4270 1026 4362 ankowicze3
1051 4271 1089 4343 in
1115 4269 1181 4345 hac
1205 4272 1290 4345 villa
1315 4270 1359 4344 de
1385 4271 1534 4344 sedecim
1561 4271 1672 4344 laneis
1690 4280 1781 4343 cmc·

232 4388 442 4482 choralibus,
469 4412 556 4484 quos
582 4390 758 4465 Johannes
786 4389 1072 4484 Guthowsky
1097 4392 1231 4483 haeres,
1258 4392 1426 4484 depositis
1451 4392 1700 4484 cmethouihus
1716 4410 1782 4483 pro

232 4510 376 4602 praedio
402 4512 494 4604 colit,
520 4511 684 4585 Nicolans
709 4512 878 4604 plebanus
904 4513 941 4584 in
967 4511 991 4585 J
999 4513 1266 4585 ankowicze
1293 4515 1387 4603 capit
1413 4513 1589 4587 decimam.

335 4630 603 4724 dzahuoczrm
629 4633 714 4707 villa
748 4634 786 4705 in
821 4630 1019 4706 Gneznonsi
1055 4634 1204 4707 dioecesi
1239 4635 1304 4707 suh
1338 4635 1505 4725 parochia
1539 4634 1704 4708 ecclesiae
1739 4631 1783 4705 de
1939 4626 1945 4635 '

234 4752 465 4827 Bukouno
493 4755 571 4846 sila
590 4755 688 4827 cuius
705 4754 829 4828 haeres
848 4752 997 4828 Groch
1015 4755 1429 4849 Nowomyeszczky
1454 4756 1629 4848 palatinus
1646 4756 1784 4829 Rauen

112 4924 121 4940 ,
233 4875 291 4966 sis,
316 4876 443 4950 nobilis
470 4876 514 4949 de
540 4875 642 4949 domo
668 4876 812 4967 Rana
838 4877 875 4948 in
902 4898 971 4969 qna
997 4883 1078 4950 sunt
1104 4897 1167 4950 ser
1194 4897 1272 4949 cum
1298 4877 1412 4951 medio
1429 4877 1522 4950 lanei
1539 4877 1784 4970 cmethonales,

233 4995 277 5069 de
304 4999 429 5089 quihus
455 4997 615 5071 omnihus
641 4997 790 5071 solvitur
816 4996 950 5070 decima
976 4997 1202 5089 manipularis
1224 5004 1261 5071 et
1277 5018 1342 5091 per
1358 5004 1508 5091 quatuor
1524 4999 1663 5091 ierugas
1681 5019 1784 5071 cana·

231 5116 322 5210 palis
357 5117 524 5191 ecclesiae
561 5117 850 5210 Sandomiriensi‚
877 5125 916 5191 et
950 5117 1081 5191 ducunt
1115 5139 1194 5191 eam
1220 5120 1420 5193 emethones
1444 5120 1597 5212 propriis
1623 5119 1784 5193 curribus

233 5239 269 5311 in
295 5238 458 5311 horreum
485 5240 530 5312 ab
556 5240 702 5312 ecclesia
727 5238 999 5313 Sandomiriensi
1025 5238 1208 5312 locandum
1233 5247 1271 5313 et
1297 5240 1395 5314 valor
1415 5241 1621 5314 assumatur
1646 5241 1721 5313 eius
1738 5239 1784 5313 od

233 5367 382 5453 quatuor
412 5381 557 5452 marcas,
583 5358 769 5454 aliquando
796 5359 842 5432 ad
869 5360 1031 5454 quinque.
1056 5359 1146 5433 Item
1172 5361 1341 5435 tabernae
1366 5382 1437 5435 non
1467 5367 1549 5436 aunt
1578 5362 1720 5455 aliquae
1746 5363 1782 5433 iu
