4080 6068
1745 504 1819 587 tl?

269 711 416 788 solvitur
451 719 487 786 et
513 711 715 789 conducitur
747 713 900 817 dqcimm,
908 681 1135 805 manipularis
1169 720 1216 787 et·
1236 712 1412 811 canapalis
1443 736 1507 806 pro
1538 721 1749 792 monasterio
1780 723 1817 792 in

267 810 779 927 Mogylaetvaloreius¹
1488 892 1492 898 q
1693 808 1813 889 'a

372 1318 494 1419 Altare
529 1320 737 1391 visitationis
772 1306 918 1391 Sanctae
951 1310 1091 1417 Mdcllno
1117 1320 1153 1391 in
1180 1322 1325 1392 ecclesia
1359 1320 1583 1394 Oracoviensi
1614 1325 1820 1398 nonhabet

269 1440 446 1530 propriam
473 1440 657 1529 capellam,
682 1439 745 1511 cccl
759 1439 869 1511 'situm
895 1444 951 1511 est
975 1440 1011 1510 in
1033 1420 1133 1529 parte
1161 1441 1354 1529 aquilonari
1380 1442 1446 1513 sub
1468 1439 1599 1513 fornice
1627 1446 1822 1534 mochori,

271 1560 363 1630 inter
389 1560 514 1631 altaria
541 1559 574 1631 S.
592 1559 776 1631 Adalberti
802 1565 839 1631 et
859 1556 893 1631 S.
909 1558 1056 1631 Joaunis
1084 1560 1129 1631 ad
1155 1567 1291 1650 portam
1317 1561 1461 1633 latinam
1497 1565 1701 1655 consistam,
1730 1567 1822 1654 quod

224 1698 230 1716 ·
269 1679 500 1770 Hedrigis
528 1680 693 1751 Poloniae
719 1658 854 1771 regida,
881 1666 1302 1773 a.D.1392.fundauit,
1335 1680 1514 1753 conferens
1541 1684 1577 1753 in
1604 1684 1719 1756 dotem
1746 1686 1820 1756 eius

269 1806 346 1872 octo
372 1820 506 1871 marcas
541 1821 741 1890 grossorum
763 1818 891 1871 census
917 1801 1078 1891 perpetui
1109 1821 1151 1871 ex
1178 1823 1290 1892 zuppo
1315 1802 1512 1873 Bochnensi
1539 1804 1639 1873 annis
1667 1805 1821 1894 singulis,

270 1922 384 1992 dando
410 1926 475 2011 prb
503 1922 713 2012 quibuslibet
741 1926 890 2011 quatuor
913 1922 1127 2011 temporibus
1154 1923 1236 1992 anni
1263 1921 1348 1993 (luas
1375 1943 1520 2013 marcas,
1547 1930 1609 1994 aut
1627 1924 1679 1994 sal
1706 1930 1820 1995 cente·

265 2043 440 2112 nariatum
472 2042 507 2110 in
530 2041 727 2112 huiusmodi
755 2061 895 2130 census,
927 2041 1045 2112 valore
1073 2043 1260 2131 quemlibet
1286 2043 1557 2114 centenariatum
1584 2063 1647 2133 per
1671 2045 1821 2135 quinque

270 2157 414 2250 grossos'
439 2159 622 2232 solvendas
649 2166 684 2231 et
700 2182 764 2250 per
790 2162 982 2232 altaristam
1008 2183 1072 2251 pro
1098 2169 1253 2252 tempore
1279 2163 1451 2252 locandas,
1480 2164 1668 2265 subiiciens
1693 2185 1822 2255 cuppa·

269 2282 359 2352 n'um
388 2272 625 2353 Bochuensem
651 2270 716 2372 qno
741 2286 897 2372 tempore
924 2302 1089 2354 censurae
1116 2284 1387 2372 ecclesiasticae,
1422 2304 1487 2374 per
1511 2283 1581 2355 loci
1607 2264 1821 2356 ordinarium

270 2407 306 2472 et
332 2422 413 2472 suos
440 2400 605 2473 officiales
632 2406 669 2473 et
687 2400 877 2503 capitulum
904 2400 1147 2494 cranemerae,
1179 2402 1406 2497 sinegligens
1433 2409 1469 2474 et
1495 2405 1660 2476 remissus
1687 2406 1725 2477 in
1751 2406 1821 2475 sol·
1951 2435 1959 2443 ·

270 2523 382 2593 vendo
408 2522 521 2611 luerit
547 2524 583 2593 in
609 2523 708 2594 illum
731 2502 904 2647 ferffiac.

373 2640 473 2713 Hanc
499 2646 613 2715 autum
631 2641 866 2713 fraudationem
893 2648 929 2714 et
945 2643 1157 2715 dotationem
1184 2643 1427 2716 vladislaus
1453 2644 1631 2718 Secundus
1657 2644 1822 2717 Poloniae

269 2783 341 2852 rex,
368 2761 545 2852 praefatae
571 2761 800 2873 &dulgis
827 2762 992 2835 Poloniae
1018 2765 1159 2854 reginae
1187 2766 1351 2856 maritus,
1378 2766 1450 2837 suis
1469 2767 1574 2837 etiam
1590 2767 1731 2838 litteris
1758 2769 1822 2839 sub

269 2882 389 2953 eodem
416 2883 520 2954 etiam
546 2884 637 2957 uduo
664 2883 821 2976 scriptis,
857 2885 1045 2974 approbat,
1080 2884 1232 2957 ratificat
1257 2891 1294 2957 ot
1311 2885 1508 2974 confirmat3
1544 2907 1688 2976 quarum
1716 2887 1822 2976 origi-

267 3002 361 3073 nalia
387 3000 627 3075 Cracoviensis
654 3004 689 3074 in
709 3005 780 3074 suis
798 3010 893 3074 tenet
918 3010 954 3076 ct
972 3006 1133 3077 observat
1159 3006 1310 3077 archivis
1336 3007 1490 3077 ecclesia.
1530 3004 1685 3083 Ouarant
1707 3012 1822 3079 autem

269 3124 357 3213 pri‘
419 3108 634 3215 'd'praclata
660 3124 854 3195 altaristam
881 3147 944 3215 pro
971 3132 1128 3214 tempore
1155 3126 1302 3229 adduas
1330 3127 1373 3197 ad
1401 3128 1513 3198 minus
1539 3129 1678 3218 missas,
1704 3129 1822 3217 singu-
1922 3222 1927 3229 Ι

269 3243 313 3315 lis
339 3256 384 3316 ae¹
401 3245 541 3315 timonis
568 3246 660 3315 circa
676 3245 786 3317 altare
812 3245 1005 3337 praefatum
1031 3266 1167 3336 perse,
1193 3246 1249 3321 vel
1267 3247 1372 3318 alium
1398 3247 1577 3338 legendas,
1604 3249 1639 3317 in
1659 3248 1762 3318 certis
1789 3254 1824 3318 et

211 3368 214 3373 ’
268 3346 461 3453 designans
488 3363 623 3454 diebuS,
659 3364 819 3436 uidelicet
853 3364 942 3437 feria
973 3367 1124 3437 secunda
1159 3387 1223 3455 pro
1250 3364 1437 3455 defunctis,
1473 3340 1562 3437 idria
1588 3388 1670 3437 vero
1698 3372 1823 3457 quarta

271 3488 333 3554 aut
359 3489 458 3580 sexto
483 3505 547 3575 pro
574 3487 740 3576 pcccatis,
775 3486 843 3556 nisi
868 3485 959 3557 forte
985 3485 1110 3556 festum
1137 3485 1277 3557 solenne
1313 3487 1377 3557 sub
1404 3487 1535 3557 eisdem
1567 3487 1688 3558 diebus
1715 3488 1822 3557 inter·
1930 3574 1940 3592 l

271 3603 416 3693 venerit,
442 3605 477 3674 in
496 3625 564 3694 quo
582 3625 665 3676 casn
682 3606 857 3676 tenebitur
883 3605 1105 3676 nibilominus
1123 3605 1297 3694 praefatas
1315 3606 1437 3676 missas
1460 3606 1658 3697 adimplere.
1676 3604 1824 3677 Ordinat

271 3723 376 3794 etiam
386 3724 557 3861 ‘aelata
583 3724 758 3797 fundatrix
784 3723 1030 3814 Hedvigis‚
1066 3724 1243 3795 Poloniae·
1257 3725 1395 3814 regina,
1431 3732 1470 3796 ut
1496 3726 1676 3798 vacatione
1703 3726 1737 3797 al
1795 3725 1821 3817 ’-

271 3842 418 3933 praefatr
449 3851 669 3937 occurrente,
704 3844 790 3915 nulli
820 3845 921 3915 altori
953 3846 1020 3914 uisi
1051 3851 1130 3915 actu
1166 3846 1370 3936 presbytero
1403 3844 1601 3917 conferatur
1630 3867 1693 3936 per
1720 3732 1825 4038 ἓ

271 3963 436 4035 Poloniae
461 3971 502 4036 et
527 3960 658 4039 eoru?
674 3985 907 4054 successorem
938 3965 982 4036 ad
1010 3986 1096 4055 quos
1127 3966 1181 4035 ius
1207 3971 1410 4054 patronatus
1441 3972 1479 4037 et
1504 3966 1643 4036 collatio
1677 3987 1719 4056 pr
1812 3966 1824 4036 i

271 4082 391 4154 altaris
417 4088 586 4175 perpetuo
613 4084 753 4158 debebit
777 4086 961 4175 pertinere.

774 4347 920 4431 Allan-e
952 4350 1134 4430 Sanctae
1166 4349 1324 4430 Annae.

1529 4498 1567 4581 ὃ

376 4567 499 4640 Altare
525 4568 558 4640 S.
585 4567 738 4671 Anna,
842 4584 847 4591 '
893 4558 902 4586 ⁴
952 4568 1175 4643 Oracoviensi
1202 4570 1347 4641 ecclesia
1372 4571 1490 4659 situm,
1515 4590 1585 4643 non
1612 4571 1719 4649 babet
1744 4590 1825 4660 pro·

272 4690 385 4779 priam
412 4688 594 4780 capellam,
621 4691 682 4763 scd
708 4670 758 4761 u·
802 4668 807 4677 ⁵
894 4692 1026 4763 'entem
1052 4697 1088 4763 et
1113 4691 1281 4781 capellam
1307 4691 1618 4762 mansionariorum
1644 4691 1742 4761 iuxta
1768 4710 1825 4760 ca-

143 4790 144 4794 *
272 4810 397 4900 pellam
432 4810 465 4881 S.
494 4792 941 4884 Thomae³llantuuriensis
975 4811 1126 4884 locatum
1152 4817 1223 4902 est,
1260 4812 1352 4902 quod
1377 4810 1640 4900 Hcdvigis,'
1659 4810 1824 4882 Poloniae

272 4933 394 5021 regina
420 4952 450 5002 a.
467 4931 509 5002 Ι).
531 4932 627 5013 1391
647 4931 817 5024 fundavit,
845 4930 1025 5005 conferens
1042 4932 1078 5021 in
1096 4931 1171 5004 eius
1198 4933 1312 5004 dotem
1338 4931 1463 5022 viginti
1479 4950 1615 5003 marcas
1634 4931 1823 5003 communis

272 5052 440 5141 pecuniae
466 5072 589 5124 census
615 5054 790 5144 perpetui,
818 5072 860 5123 ex
877 5014 1278 5163 tbelodffllraooviensi
1304 5071 1369 5142 per
1384 5051 1562 5149 altaristas
1588 5052 1652 5142 pr'o
1670 5056 1825 5141 tempore

273 5171 456 5307 legardam,
480 5174 529 5244 ‘et
563 5175 749 5246 subiiciens
779 5174 1052 5245 theloneatorem
1081 5192 1146 5262 pro
1175 5177 1332 5263 tempore
1362 5186 1529 5243 censurae
1635 5120 1825 5363 *aaa

273 5314 337 5383 per
362 5294 429 5366 loci
456 5296 668 5368 ordinarium
695 5302 757 5366 aut
782 5315 863 5365 suos
889 5292 1063 5384 officiales,
1089 5294 1120 5363 si
1146 5292 1323 5382 negligens
1350 5299 1385 5364 et
1402 5293 1568 5364 remissus
1606 5373 1609 5377 ,
1646 5310 1697 5372 so
1710 5291 1822 5380 vendo

272 5413 394 5506 luerit,
411 5415 574 5488 terendae
592 5416 628 5485 in
646 5416 751 5487 illum.
793 5413 893 5486 Hanc
910 5420 1024 5489 autem
1042 5408 1276 5495 fundationem
1295 5420 1331 5486 et
1349 5414 1562 5486 dotationem·
1583 5408 1826 5486 Vlc'dislaus

376 5558 425 5597 mo.
439 5558 536 5597 aneso.
1620 5554 1661 5612 28
