4050 6054
233 486 308 557 432

233 693 268 762 in
296 692 414 763 eadem
440 695 669 781 reservantes,
697 712 765 762 non
792 710 855 780 per
881 709 1037 761 errorem
1064 693 1126 759 aut
1152 687 1352 779 improvide,
1380 687 1442 759 sed
1470 687 1512 758 de
1539 691 1636 759 certa
1663 690 1791 759 nostra

232 813 384 903 scientia,
421 814 573 884 cessione
601 818 637 883 ot
662 812 896 901 resignatione
932 815 1101 901 perpetua
1127 817 1163 880 et
1190 809 1409 881 irrevocabili
1446 808 1599 880 cedimus
1626 814 1666 881 et
1696 808 1788 880 resi-

230 953 384 1023 gnamus,
411 939 447 1003 et
473 954 573 1004 omne
599 934 663 1023 iu‘s,
692 931 785 1022 quod
809 932 909 1003 nobis
928 933 963 1001 in
982 931 1102 1002 eadem
1129 931 1230 1002 domo
1250 935 1286 1001 et
1303 950 1385 1001 area
1413 929 1674 1020 quomodolibet
1692 949 1788 1001 corn·

232 1054 382 1144 petebat,
400 1055 435 1124 in
454 1055 584 1125 dictum
603 1053 777 1124 dominum
795 1051 989 1123 Johanncrn
1016 1052 1164 1142 Dlugo
1176 1072 1192 1122 s
1203 1053 1254 1122 ch
1281 1051 1452 1122 seniorem
1470 1050 1567 1122 velat
1592 1049 1789 1139 custodem,

232 1194 397 1264 suamque
415 1174 605 1245 custodiam
634 1193 782 1264 suosque
809 1193 1025 1243 successores
1044 1173 1205 1243 custodes
1222 1171 1447 1243 Vislicienses
1466 1177 1636 1262 perpetuo
1664 1177 1786 1244 trans-

231 1292 404 1366 fundimus
432 1299 468 1366 et
494 1294 709 1382 derivamus3
745 1294 780 1363 in
807 1292 904 1364 cuius
931 1293 982 1363 rei
1009 1293 1246 1364 testimonium
1281 1300 1486 1382 praesentes
1517 1297 1658 1365 nostras
1686 1311 1789 1363 reco-

231 1415 414 1504 gnitionis,
442 1414 688 1503 ordinationiS,
716 1413 938 1503 obligationis
966 1418 1001 1484 et
1027 1414 1272 1503 resignationis
1299 1434 1339 1485 ac
1367 1413 1606 1485 submissionis
1632 1412 1788 1501 litteras,

233 1535 485 1624 subscriptione
522 1535 762 1624 circumspecti
798 1532 1039 1623 christophori
1073 1533 1175 1604 Pauli
1211 1533 1253 1605 de
1284 1533 1628 1624 Dambowdzal,
1665 1532 1790 1605 clerIci

233 1652 472 1727 Oraceaiensis
499 1655 676 1744 dioecesis,
699 1659 735 1725 et
752 1654 881 1744 publici
908 1653 1078 1744 imperiali
1097 1655 1305 1726 auctoritate
1324 1655 1463 1744 notarii,
1490 1654 1596 1726 scribi
1613 1660 1651 1725 et
1669 1653 1790 1744 publi-

232 1777 314 1865 cari,
340 1783 548 1866 nostraeque
577 1776 816 1847 universitatis
845 1774 959 1864 sigillo
995 1775 1156 1847 iussimus
1189 1776 1401 1847 communiri.
1446 1775 1574 1847 Actum
1600 1780 1637 1847 et
1663 1774 1790 1846 datum

233 1895 398 1967 Visliciae
417 1897 452 1967 in
472 1897 572 1968 domo
598 1896 824 1967 habitationis
842 1901 983 1966 nostrae
1010 1895 1143 1986 solitae,
1170 1895 1226 1967 die
1243 1870 1421 1986 Mercurii,
1449 1895 1666 1987 quindecima
1688 1917 1790 1967 meu·

233 2018 281 2089 sis
308 2017 458 2108 Aprilis,
494 2038 584 2088 anno
610 2016 751 2088 Domini
777 2016 958 2087 millesimo
996 2016 1335 2108 quadringentesimo
1371 2017 1585 2107 sexagesimo
1621 2016 1789 2107 septimo,

233 2139 420 2210 indictione
456 2137 589 2209 decima
625 2138 746 2228 quinta
781 2136 1001 2227 pontificatus
1038 2138 1244 2210 sanctissimi
1280 2138 1316 2207 in
1344 2136 1484 2209 GhrIsto
1511 2137 1624 2227 patris
1649 2137 1792 2209 domini

231 2259 345 2331 nostri
371 2257 481 2349 Pauli,
508 2258 626 2330 divina
650 2259 870 2348 providentia
895 2279 1003 2349 prope
1031 2257 1188 2349 Secundi,
1215 2279 1305 2330 anno
1333 2259 1442 2348 ipsius
1469 2258 1576 2331 tertio
1602 2258 1695 2331 hora
1722 2280 1790 2331 ne-

232 2400 354 2451 narum
381 2379 436 2450 vel
464 2379 562 2469 quasi
589 2379 840 2468 praesentibus.

335 2499 430 2571 Duo
457 2500 747 2571 braxatoria.
800 2498 934 2569 Vicarii
960 2499 1184 2573 Vislicienses
1210 2500 1342 2572 habent
1375 2520 1439 2591 pro
1466 2501 1637 2573 communi
1663 2521 1795 2573 mensa

233 2620 301 2692 duo
328 2620 528 2692 braxatoria
555 2620 670 2710 lignea
696 2639 817 2692 versus
844 2626 983 2710 portam
1009 2620 1281 2712 Oraeoviensem,
1308 2643 1406 2694 muro
1435 2623 1587 2694 civitatis
1612 2622 1792 2713 proxima,

233 2742 277 2811 de
304 2761 450 2831 quorum
482 2741 636 2831 quolibet
661 2741 870 2831 proveniunt
896 2742 946 2812 eis
973 2744 1072 2813 annis
1099 2743 1243 2833 singulis
1272 2749 1422 2833 quatuor
1449 2749 1485 2815 et
1512 2741 1660 2834 amplius
1690 2763 1791 2815 mar-

233 2882 301 2933 cae.
327 2862 416 2934 Item
443 2862 535 2933 circa
552 2861 672 2933 eadem
698 2861 901 2933 braxatoria
922 2862 1053 2934 habent
1071 2863 1209 2935 domum
1236 2864 1386 2954 ligneam
1412 2864 1489 2935 iure
1515 2869 1687 2955 perpetuo
1714 2864 1791 2935 illis

232 2983 396 3054 donatam
415 2988 450 3055 et
468 2983 679 3073 inscriptam,
707 3003 794 3072 quae
822 2982 991 3055 arendata
1018 2983 1123 3055 solvit
1150 2985 1200 3055 eis
1227 2985 1406 3056 annuatim
1431 3005 1534 3056 unam
1562 3004 1640 3057 cum
1664 2984 1791 3057 media

233 3125 378 3176 marcas
1721 3186 1724 3191 .

336 3225 556 3318 Onchary.
582 3225 671 3297 Item
697 3224 846 3316 praefati
872 3226 997 3298 vicarii
1024 3226 1247 3300 VisIIcienses
1278 3228 1463 3300 habentia
1483 3227 1654 3301 communi
1680 3248 1789 3319 prae-

238 3347 344 3437 dium,
372 3348 469 3419 cuius
496 3349 573 3437 agri
600 3348 828 3419 aestimantur
854 3347 898 3419 ad
925 3369 1029 3419 unum
1056 3348 1202 3441 laneum,
1230 3350 1267 3421 in
1294 3349 1378 3421 villa
1405 3348 1615 3442 Cochen-y
1641 3350 1679 3420 in
1706 3350 1789 3421 inre

232 3468 326 3540 civili
352 3468 553 3540 Visliciensi
580 3470 792 3559 consistens,
829 3469 920 3559 quod
946 3469 1017 3541 illis
1044 3471 1192 3541 contulit
1218 3469 1490 3542 Stanislaus
1526 3470 1611 3543 alias
1638 3470 1786 3543 Stano

232 3589 434 3662 scolasticus
461 3590 542 3661 olirn
570 3589 798 3680 Visliciensis,
824 3611 889 3681 pro
917 3591 1153 3663 anniversario
1181 3613 1243 3663 sno
1270 3597 1450 3683 perpetuo,
1476 3592 1519 3664 de
1545 3613 1612 3684 que
1639 3592 1786 3665 vicariis

232 3710 379 3783 solvitur
397 3732 467 3782 una
494 3732 570 3782 curn
597 3710 712 3782 media
737 3731 855 3781 marca
881 3712 1069 3803 annuatim,
1096 3732 1159 3802 per
1187 3713 1374 3801 agricolam
1393 3733 1556 3803 agrorum
1582 3712 1785 3786 huiusmodi

232 3833 466 3922 arendantem;
492 3833 627 3904 ratione
655 3832 752 3903 cuius
779 3831 928 3921 praelati
957 3834 1078 3904 vicarii
1096 3835 1132 3905 in
1152 3833 1362 3924 quibuslibet
1389 3840 1539 3924 quatuor
1564 3834 1784 3925 temporibus

231 3953 368 4043 vigilias
386 3974 509 4024 norem
537 3952 742 4043 lectionum,
770 3958 806 4024 et
831 3974 935 4025 unam
961 3955 1102 4025 missam
1133 3953 1372 4028 defunctorum
1398 3976 1462 4045 pro
1490 3955 1605 4027 anima
1629 3953 1783 4045 praefati

232 4072 373 4144 Stano
402 4073 575 4144 scolastici
610 4073 755 4163 singulis
793 4075 893 4145 annis
920 4074 1059 4165 explere
1087 4080 1259 4147 tenentur.
1286 4076 1375 4147 Item
1402 4076 1445 4147 de
1471 4076 1571 4149 laneo
1599 4075 1783 4166 praedicto

232 4192 335 4265 datur
362 4193 494 4265 decima
518 4195 745 4284 manipularis
772 4195 933 4285 episcopo
960 4194 1182 4268 Oracoviensi
1208 4198 1243 4267 in
1269 4194 1485 4292 qonitlnoona.

335 4315 616 4389 Suburbium
643 4315 959 4387 Wisliciense.
986 4317 1075 4388 Item
1101 4316 1249 4407 praelati
1268 4318 1389 4389 vicarii
1407 4317 1631 4389 Vislicienses
1648 4316 1783 4390 habent

232 4437 268 4507 in
296 4439 467 4508 communi
494 4437 588 4509 alind
623 4437 803 4528 praedium
830 4439 866 4507 in
893 4438 1058 4509 suburbio
1085 4437 1284 4509 Visliciensi
1311 4440 1404 4509 circa
1431 4436 1594 4510 Sanctum
1619 4437 1779 4510 Muren-

232 4558 319 4628 tinm
353 4559 389 4629 in
416 4558 490 4631 iure
518 4558 610 4630 civili
638 4557 836 4629 Visliciensi
872 4558 1076 4648 consistens,
1113 4558 1204 4649 quod
1241 4559 1310 4629 illis
1347 4559 1493 4630 contulit
1519 4558 1781 4658 Wlostibog

230 4680 331 4750 rius
356 4678 525 4769 plebanus
544 4679 587 4750 de
614 4678 929 4770 Probolowicze,
956 4700 1020 4769 pro
1047 4685 1215 4770 perpetuo
1243 4679 1492 4770 anniversario,
1520 4679 1562 4751 de
1589 4700 1657 4770 quo
1684 4679 1782 4751 vica-

231 4800 294 4871 riIs
325 4800 474 4872 solvitur
507 4821 572 4890 pro
599 4821 713 4871 annuo
750 4820 855 4871 censu
891 4821 960 4871 una
994 4812 1130 4890 marca,
1166 4801 1304 4872 ratione
1339 4801 1437 4872 onius
1472 4799 1621 4890 praelati
1655 4799 1795 4895 vicarii,

231 4921 377 5011 singulis
403 4921 503 4992 annis
531 4922 620 4992 etin
640 4920 851 5011 quibuslibet
870 4926 1019 5011 quatuor
1045 4922 1260 5013 temporibus
1287 4922 1424 5011 vigilias
1442 4942 1565 4993 novem
1592 4921 1781 4994 lectionum

231 5048 267 5112 et
284 5062 387 5113 unam
406 5042 549 5113 missam
567 5041 806 5114 detunctorum
838 5063 902 5132 pro
921 5043 1037 5112 anima
1062 5042 1209 5132 praelati
1236 5040 1454 5113 Wlostiborii
1489 5041 1538 5113 de
1559 5041 1783 5115 Probolo-

230 5163 369 5233 wicze
404 5163 543 5253 explere
570 5169 741 5234 tenentur.
769 5163 857 5234 Item
884 5163 927 5232 de
952 5162 1052 5233 laneo
1078 5161 1235 5252 praefato
1263 5163 1367 5234 datur
1394 5162 1527 5234 decima
1553 5162 1782 5252 manipularis

231 5283 442 5355 vicecnstodi
469 5283 667 5354 VisIIeiensi
695 5285 730 5353 In
754 5280 969 5378 parietina-m.
