4050 6054
1744 498 1815 568 195

1390 578 1394 587 .
1440 576 1495 659 ἡ

226 654 372 777 *domo
396 678 581 774 ffhlima.
607 700 648 770 ln
675 719 745 788 qua
770 703 853 770 sunt
878 698 1026 787 triginta
1052 698 1144 768 lanei
1170 700 1421 788 cmethonales,
1448 699 1492 771 de
1518 702 1643 790 quibus
1669 700 1817 787 solvitur

269 822 403 894 decima
436 819 663 909 manipularis
698 818 996 890 archidiaconatui
1031 814 1187 908 praefato
1222 823 1260 889 et
1285 840 1349 910 per
1375 821 1573 892 emethones
1609 821 1747 893 ducitur
1781 823 1817 894 in

268 943 432 1013 horreum
459 941 503 1011 ab
530 938 772 1010 archidiacono
799 934 992 1025 locandum,
1019 943 1056 1009 11
1073 937 1214 1011 solvunt
1240 940 1406 1011 decimam
1427 924 1556 1030 'canapi
1583 961 1646 1031 per
1668 944 1816 1033 quatuor

267 1061 407 1151 iar-ngas
434 1066 470 1130 et
496 1059 596 1129 valor
622 1059 696 1129 eius
723 1058 930 1128 aestimatur
956 1057 1000 1128 ad
1022 1058 1146 1147 viginti
1172 1079 1316 1130 marcas.
1342 1060 1606 1131 Diversificatur
1623 1067 1738 1133 autem
1756 1062 1816 1132 de·
1884 1100 1893 1108 ·

269 1181 358 1251 cima
383 1177 562 1270 praeiata3
596 1198 677 1248 uam
704 1198 822 1248 omnes
858 1177 933 1267 agri
970 1198 1092 1249 versas
1118 1178 1236 1249 villam
1272 1176 1412 1270 Gany,
1447 1180 1621 1253 decimant
1651 1181 1815 1252 ecclesiae

267 1298 459 1390 parochiali
484 1299 520 1369 in
547 1295 679 1387 Gory,
706 1297 765 1386 qui
791 1297 1021 1389 aestimantur
1047 1298 1091 1368 ad
1109 1320 1232 1370 novem
1258 1300 1387 1389 lancos,
1414 1305 1450 1370 et
1467 1301 1544 1390 agri
1569 1308 1650 1391 post
1675 1302 1826 1391 curiam·

268 1420 328 1510 qui
353 1418 516 1491 dicuntur
534 1414 754 1513 przyma'orlci
770 1422 808 1489 aa
822 1410 932 1515 Nym}
956 1436 1075 1490 omnes
1101 1423 1217 1489 autem
1235 1421 1311 1509 agri
1330 1441 1451 1491 versus
1469 1420 1586 1491 villam
1613 1420 1815 1492 Oziszow

269 1545 409 1631 praeter
436 1539 570 1629 aliquos
596 1537 787 1625 nobilium,¹
800 1528 976 1617 decimant
1000 1538 1295 1611 archidiaconatui
1321 1538 1601 1630 Zawichostensi,
1630 1543 1688 1631 qui
1710 1542 1815 1612 aesti-

266 1667 406 1731 mantur
433 1659 478 1730 ad
496 1658 621 1749 viginti
648 1679 755 1728 unum
780 1657 909 1728 laneos.
935 1657 1022 1728 Item
1040 1659 1207 1730 tabernae
1226 1664 1306 1730 sunt
1323 1661 1373 1732 ibi
1390 1667 1473 1749 tres,
1500 1667 1536 1732 11
1554 1662 1684 1733 habent
1702 1683 1814 1752 agros,

267 1781 312 1851 de
338 1780 496 1852 omnibus
532 1779 725 1850 decimatur
751 1777 1048 1849 archidiaconatui
1078 1778 1367 1869 Zawichostensi;
1403 1782 1487 1852 item
1516 1781 1736 1853 hortulaniae
1765 1783 1814 1852 ibi

265 1901 370 1972 etiam
397 1906 479 1972 sunt
504 1900 612 1988 duae,
649 1918 736 1988 quae
763 1919 832 1969 non
860 1898 991 1969 habent
1017 1919 1121 1988 agros
1146 1900 1317 1989 proprios.
1360 1901 1449 1971 Item
1475 1901 1619 1991 praedia
1645 1902 1814 1974 militaria

265 2022 315 2093 ibi
341 2009 512 2111 quinque,
547 2018 590 2091 de
618 2038 763 2108 quorum
790 2018 884 2108 agris
919 2018 1051 2090 decima
1077 2020 1304 2109 manipularis
1339 2021 1487 2092 solvitur
1518 2022 1683 2093 acclesiae
1709 2043 1814 2112 paro-

268 2141 371 2211 chiali
389 2140 425 2209 in
453 2137 691 2227 superiori
710 2135 831 2227 Gory
856 2137 1032 2209 videlicet:
1059 2138 1229 2211 Johannis
1248 2138 1465 2243 Earnrepc
1493 2141 1608 2213 Lucae
1625 2141 1668 2213 de
1686 2141 1813 2232 Slup·

267 2256 1687 2353 11111111101111111,11111111111111011111111111111.

370 2377 702 2497 (1111ευῖ1111,
738 2377 839 2467 villa,
874 2379 910 2448 in
943 2386 1092 2468 quaest
1118 2379 1264 2452 ecclesia
1295 2381 1506 2470 parochialis
1541 2381 1657 2517 l'mnea
1692 2381 1811 2453 Sancti

266 2490 511 2589 Viti,·'cuins
536 2498 661 2569 haeres
687 2496 865 2570 lohannes
891 2495 1254 2572 Glawaczowicz
1281 2501 1324 2572 de
1351 2499 1648 2591 Oleschnrca,
1685 2500 1811 2573 nobilis

266 2622 309 2694 (11
336 2620 438 2692 domo
463 2618 741 2690 Dambno.·1n
760 2639 829 2708 qua
856 2625 938 2691 sunt
964 2619 1082 2690 decem
1108 2621 1201 2691 lanei
1228 2621 1470 2710 amathonales‚
1498 2621 1541 2693 de
1560 2622 1685 2711 quibus
1702 2622 1811 2692 omni-

264 2743 328 2813 bus
355 2740 515 2851 solvitur,
528 2738 663 2811 decima
688 2738 915 2829 manipularis
946 2739 1243 2812 archidiaconatui
1277 2740 1435 2830 praefato
1462 2747 1498 2813 et
1523 2762 1587 2831 per
1612 2742 1811 2844 cmethones

264 2862 403 2933 ducitur
427 2860 464 2931 in
491 2860 655 2959 horreum
690 2860 734 2931 ab
762 2859 1005 2931 archidiacono
1032 2860 1233 2950 locandum,
1260 2867 1298 2933 et
1322 2862 1462 2969 adsum
1493 2862 1660 2934 decimam
1687 2863 1810 2952 canapi

117 2984 121 2999 ’
262 3001 326 3071 per
361 2984 511 3071 quatuor
546 2981 685 3069 ierugas
712 2984 749 3050 et
775 2980 874 3051 valor
899 2979 974 3051 eius
1009 2981 1215 3051 aestimatur
1249 2981 1293 3051 ad
1329 2978 1509 3053 duodecim
1534 3000 1678 3055 marcas.
1721 2982 1810 3054 Item

262 3103 410 3174 taberna
436 3100 486 3172 ibi
512 3100 557 3171 ad
582 3101 831 3190 proprietatem
867 3100 1032 3172 ecclesiae
1068 3101 1104 3172 in
1130 3099 1252 3192 Gany
1287 3101 1484 3192 pertinens,
1521 3102 1582 3173 sed
1608 3123 1677 3173 non
1703 3103 1811 3174 habet

263 3224 388 3312 aptans
401 3221 485 3293 item
510 3221 731 3293 hortulaniae
758 3221 847 3292 duae
873 3221 1042 3293 habentes
1069 3242 1190 3312 agros,
1226 3223 1399 3294 solventes
1427 3222 1594 3294 decimam
1619 3223 1810 3313 manipula-

167 3414 170 3421 s
263 3363 338 3413 rem
363 3341 529 3414 ecclcsiae
554 3342 590 3412 in
617 3339 751 3432 Gory3
778 3341 862 3413 item
887 3342 1068 3432 praedium
1094 3343 1231 3415 unicum
1256 3343 1415 3431 militare,
1442 3342 1484 3413 de
1503 3363 1570 3432 quo
1589 3342 1722 3413 decima
1737 3363 1810 3414 ma·

264 3462 433 3553 nipnlaris
459 3462 607 3534 solvitur
624 3462 789 3534 ecclesiae
806 3462 997 3554 parochiali
1020 3462 1148 3535 ibidem
1174 3462 1210 3533 in
1238 3460 1369 3554 Gory,
1397 3462 1481 3534 item
1507 3482 1591 3553 ager
1618 3463 1808 3552 plebanalis

264 3583 350 3655 nulli
377 3582 555 3655 obnoxius.
614 3607 617 3613 ·

367 3701 475 3777 Gon!
485 3721 692 3801 mansan,
728 3702 812 3772 villa
842 3703 906 3774 sub
933 3700 1099 3792 parochia
1134 3702 1299 3774 ecclesiae
1334 3702 1377 3772 da
1412 3702 1653 3792 superiori
1688 3699 1810 3793 Gany

262 3825 340 3914 sita
367 3824 465 3897 cuins
481 3823 652 3896 haeredes
668 3828 751 3896 sunt
766 3821 945 3895 lohannes
963 3823 1192 3914 Longam,
1219 3823 1345 3894 nobilis
1364 3822 1407 3893 dc
1424 3823 1530 3894 armis
1556 3823 1807 3914 Druszyna,

262 3951 299 4016 11
324 3944 503 4018 Johannes
530 3944 623 4016 libus
654 3942 836 4033 PeIcze,
872 3944 999 4016 nobilis
1026 3943 1069 4015 de
1096 3943 1197 4015 domo
1224 3950 1261 4014 et
1286 3939 1417 4013 familia
1451 3943 1627 4041 Janiua.
1672 3944 1713 4014 In
1740 3966 1809 4035 qua

263 4071 345 4138 sunt
373 4070 451 4137 octa
477 4065 570 4136 lanei
597 4064 848 4154 cmethonalas,
875 4063 917 4136 de
946 4064 1071 4155 quibus
1099 4063 1256 4135 omnibus
1284 4063 1431 4135 solvitur
1458 4063 1590 4135 decima
1616 4065 1808 4155 manipula-

261 4187 312 4257 ris
338 4185 633 4258 archidiaconatui
659 4182 827 4276 praefato,
854 4189 890 4256 et
916 4205 980 4274 per
1006 4185 1205 4256 cmethones
1232 4183 1370 4255 ducitur
1388 4184 1424 4254 in
1442 4184 1605 4256 horreum
1632 4185 1676 4256 ab
1695 4186 1808 4256 archi-

262 4305 408 4378 diacono
432 4305 624 4393 locandum,
652 4311 688 4377 et
714 4306 854 4377 solvunt
880 4304 1048 4378 decimam
1074 4304 1198 4395 canapi
1223 4325 1287 4394 per
1313 4308 1463 4394 quatuor
1489 4305 1627 4396 ienrgas
1654 4310 1691 4376 11
1709 4307 1807 4376 valor

261 4426 335 4498 aius
362 4426 567 4500 aestimatur
592 4425 637 4497 ad
664 4432 741 4498 octo
769 4446 911 4497 marcas.
946 4426 1033 4497 Item
1059 4426 1226 4497 tabernae
1253 4432 1322 4498 nod
1349 4429 1440 4514 suut,
1466 4425 1549 4496 item
1575 4424 1806 4497 molendinum

260 4568 330 4619 non
356 4551 420 4636 est
446 4547 530 4618 itam
556 4546 776 4618 hortulaniae
802 4567 872 4618 non
898 4553 999 4636 annt;
1025 4547 1109 4618 item
1126 4546 1271 4636 praedia
1296 4546 1364 4618 duo
1386 4546 1560 4634 militaria,
1584 4532 1623 4617 et
1649 4545 1806 4645 deutru-

261 4687 327 4758 qne
354 4667 502 4740 solvitur
527 4667 662 4740 decima
686 4666 911 4758 manipularis
938 4667 1103 4740 ecclesiae
1129 4666 1320 4758 parochiali
1340 4667 1383 4737 'in
1411 4666 1582 4738 Maiori
1609 4663 1741 4756 Gory,
1768 4672 1805 4736 11

260 4786 403 4860 11111111
428 4787 607 4879 praedium
634 4788 799 4860 ecclesiae
826 4787 1034 4879 parochialis
1061 4787 1104 4859 de
1130 4786 1499 4876 Sdzechowicze,
1535 4786 1578 4857 de
1606 4806 1673 4875 quo
1700 4786 1805 4856 etiam

261 4907 364 4981 datur
391 4906 524 4980 decima
549 4908 775 4999 manipularis
802 4909 967 4981 ecclesiae
994 4909 1030 4980 in
1058 4907 1189 5002 Gory.

364 5029 542 5119 11111111,
569 5029 654 5101 villa
671 5030 735 5101 sub
752 5031 918 5122 parochia
943 5029 1109 5103 acclesiae
1136 5030 1179 5101 de
1204 5027 1576 5121 Szwysczechow
1602 5026 1679 5116 sita,
1706 5026 1805 5099 cuius

259 5149 457 5239 proprietas
483 5149 638 5240 pertinet
663 5170 728 5240 pro
754 5170 824 5223 nna
845 5155 940 5224 sorte
967 5151 1012 5222 ad
1038 5149 1233 5223 lohannem
1259 5149 1303 5220 de
1329 5147 1549 5236 Oziszow,
1584 5147 1735 5218 nobilem
1761 5147 1804 5219 de

259 5269 362 5343 domo
387 5268 646 5360 Potulana,
681 5276 718 5342 11
744 5271 855 5343 altera
880 5270 1049 5344 medietas
1076 5270 1121 5341 ad
1147 5266 1289 5341 Petrum
1316 5275 1353 5339 et
1377 5267 1559 5340 Nicolaum
1595 5267 1804 5340 Rachou-

259 5389 352 5489 shy,
376 5391 510 5465 nobiles
536 5389 581 5467 de
606 5390 709 5467 domo
734 5390 902 5466 Bilina.
942 5392 984 5463 In
1011 5410 1081 5484 qna
1106 5395 1187 5464 sunt
1213 5387 1409 5484 qaindecim
1434 5388 1526 5464 lanai
1551 5387 1804 5487 amethooul'es²
