4050 6054
1692 479 1773 556 ’85

228 688 329 761 domo
357 689 572 783 cnrnycz.
599 691 639 760 In
667 712 735 780 qua
762 657 843 761 sunt
868 691 960 761 16661
988 691 1235 779 cmethonales,
1263 690 1305 760 (16
1334 690 1458 780 quihus
1486 690 1644 762 omnihus
1671 691 1776 784 datur

228 810 372 901 darique
399 810 503 881 debet
529 810 662 881 decima
688 812 913 901 manipularis
939 833 1003 901 pro
1031 810 1212 882 scolastria
1230 810 1460 900 Cracoviensi,
1479 831 1542 900 per
1560 810 1704 882 abusum
1723 817 1776 882 ta·
1891 878 1893 886 .

228 952 306 1001 men
335 918 375 1001 etx
397 931 642 1022 negligentiam
670 932 929 1002 scolasticorum
957 931 1234 1003 Cracoviensium
1271 951 1438 1002 conversa
1473 932 1589 1002 estin
1616 932 1776 1021 pecunia·

112 1074 116 1079 ’
230 1051 297 1122 lem
325 1058 361 1122 61
388 1053 493 1123 solvit
519 1053 618 1122 annis
646 1052 791 1141 singulis
819 1052 968 1143 quinque
995 1052 1147 1124 fertones
1173 1052 1324 1123 latorum
1350 1072 1561 1141 grossorum.

332 1172 497 1260 Lvervvu,
524 1174 656 1244 habens
683 1173 718 1242 in
746 1180 782 1244 se
808 1173 1042 1263 parochialem
1069 1173 1266 1261 ecclesiam,
1294 1173 1392 1243 ouius
1419 1172 1607 1243 dominium
1634 1180 1670 1244 et
1697 1194 1776 1262 pro-

228 1294 360 1382 prietas
387 1293 431 1363 ad
459 1291 742 1382 casimirum,
772 1293 937 1366 Polaniae
963 1314 1080 1391 regern
1106 1293 1268 1384 pertinet.
1299 1293 1339 1362 In
1367 1315 1436 1382 qua
1462 1298 1543 1364 sunt
1570 1293 1660 1363 lanei
1689 1315 1798 1371 cmo,

229 1413 406 1503 thonales,
434 1414 477 1484 de
513 1414 637 1504 quibus
674 1414 832 1486 omnibus
868 1414 972 1489 datur
1000 1414 1145 1504 darique
1172 1414 1276 1485 debet
1302 1414 1435 1484 decima
1461 1414 1687 1504 manipularis
1714 1436 1777 1504 pro

230 1522 411 1605 scolastria
438 1533 668 1625 cracoviensi,
695 1556 758 1626 per
785 1537 930 1606 abusum
957 1541 1072 1606 tamen
1093 1540 1129 1605 61
1151 1534 1398 1625 negligentiam
1417 1534 1675 1611 scolasticorum
1694 1534 1778 1609 cra-

231 1656 440 1727 coviensinm
478 1677 646 1728 conversa
684 1664 737 1728 est
764 1657 799 1728 in
827 1657 1039 1746 pecunialem
1068 1663 1103 1727 et
1130 1655 1235 1736 solvit
1261 1656 1360 1727 annis
1387 1655 1531 1746 singulis
1558 1678 1617 1728 sex
1645 1677 1779 1729 marcas
1859 1647 1860 1650 '

229 1778 381 1848 latorum
406 1797 620 1866 grossorum.
1757 1772 1761 1780 '

333 1897 638 1967 Wrnnnowvczn
673 1896 877 1985 humanam,
905 1897 987 1967 villa
1021 1896 1153 1969 hahens
1184 1898 1219 1967 in
1255 1918 1292 1967 se
1323 1896 1501 1968 ecclesiam
1537 1898 1779 1988 parochialem,

130 2099 134 2107 Ι
231 2018 327 2087 cuius
354 2015 521 2086 haeredes
553 2015 716 2087 Nicolaus
748 2022 784 2087 et
814 2016 990 2088 lohannes
1018 2016 1411 2108 Wilamowszczy,
1439 2018 1572 2089 nobiles
1603 2018 1646 2089 de
1678 2018 1778 2089 domo

232 2137 446 2226 cornycz.
473 2137 513 2206 16
541 2158 609 2226 qna
636 2144 717 2208 sunt
743 2137 834 2207 lanei
863 2138 1104 2228 cmethonales
1132 2138 1175 2209 de
1194 2139 1317 2229 quibus
1336 2139 1483 2209 solvitur
1502 2139 1657 2228 solvique
1674 2139 1779 2209 debet

142 2297 144 2303 =
232 2258 364 2328 decima
396 2257 622 2345 manipularis
649 2279 712 2347 pro
741 2258 922 2329 scolastria
949 2258 1178 2348 cracoviensi,
1204 2280 1267 2349 per
1293 2260 1438 2331 abusum
1464 2264 1581 2329 tamen
1607 2265 1644 2330 61
1670 2260 1778 2349 negli-

233 2378 387 2466 gentiam
425 2377 685 2449 scolasticorum
721 2399 887 2449 conversa
923 2385 977 2450 est
1003 2379 1039 2449 in
1065 2379 1279 2469 pecunialem
1306 2384 1342 2450 61
1368 2379 1473 2450 solvit
1503 2379 1602 2449 annis
1638 2379 1782 2470 singulis

232 2498 380 2568 mediam
407 2519 558 2570 marcam
584 2499 733 2570 latorum
760 2519 969 2590 grossorum,
996 2499 1058 2571 sad
1086 2499 1339 2571 diversificatur
1360 2500 1537 2590 perceptio
1565 2500 1717 2592 decimae
1743 2500 1779 2571 in

233 2619 450 2690 scolasticum
479 2625 514 2689 et
541 2620 739 2709 episcopum
767 2619 1038 2692 cracoviensem.

333 2738 663 2829 vasnnzovvvoze,
690 2741 773 2810 villa
799 2742 931 2813 habens
954 2742 989 2811 in
1008 2762 1045 2812 se
1064 2740 1242 2812 ecclesiam
1268 2741 1510 2830 parochialem,
1538 2741 1635 2812 cuius
1653 2742 1778 2812 haeres

231 2859 410 2931 Johannes
437 2860 675 2951 Balinsky,
703 2860 827 2932 nobilis
855 2861 897 2931 de
925 2861 1025 2932 domo
1041 2917 1137 2931 .....
1163 2861 1204 2931 16
1233 2882 1301 2951 qua
1318 2867 1400 2932 sunt
1427 2861 1518 2931 lanei
1537 2862 1779 2950 cmethonales,

118 3051 120 3053 ,
231 2979 274 3049 (16
301 2979 425 3069 quihus
452 2980 610 3051 omnihus
638 2980 741 3052 datur
768 2980 913 3071 darique
940 2981 1044 3052 dehet
1071 2982 1203 3052 decima
1230 2981 1455 3071 manipularis
1482 3002 1547 3071 pro
1574 2981 1781 3052 scholastria
1822 3018 1824 3028 ,

232 3098 461 3190 cracoviensi,
488 3121 551 3190 per
570 3100 715 3173 abusum
742 3108 858 3172 tamen
877 3107 913 3173 61
930 3102 1176 3191 negligentiam
1191 3081 1481 3173 'scholasticorum
1500 3100 1779 3173 cracoviensinm

234 3241 402 3297 conversa
441 3228 495 3292 est
531 3223 566 3292 in
593 3223 806 3311 pecunialem
845 3229 882 3293 61
918 3222 1022 3294 solvit
1057 3223 1156 3294 annis
1192 3222 1337 3312 singulis
1374 3244 1478 3293 unam
1519 3243 1595 3293 cnm
1635 3221 1816 3320 dimidia,

232 3362 366 3413 marcas
393 3343 543 3414 latorum
568 3363 785 3433 grossorum,
821 3344 883 3415 sed
910 3343 1163 3415 diversificatur
1190 3344 1367 3433 perceptio
1395 3343 1547 3415 decimae
1584 3344 1619 3413 16
1647 3342 1780 3414 schola-

234 3463 357 3534 sticum
385 3449 421 3534 61
447 3463 645 3554 episcopum
672 3463 945 3536 Gracoviensem.

337 3583 594 3674 Basrnvvvnii,
635 3584 717 3656 villa
742 3585 874 3663 habens
910 3585 945 3654 in
973 3605 1010 3654 se
1036 3583 1215 3655 ecclesiam
1242 3585 1492 3673 parochialem,
1534 3583 1630 3655 cuius
1657 3584 1780 3654 haeres

233 3704 411 3775 lohannes
438 3704 597 3793 cloch,
633 3704 759 3775 nobilis
787 3705 830 3774 (16
858 3704 959 3775 domo
987 3703 1202 3795 cornycz:
1237 3704 1278 3773 In
1307 3725 1376 3792 qua
1402 3709 1484 3774 sunt
1509 3703 1602 3774 lanei
1628 3704 1781 3774 cmetho-

233 3825 338 3913 nales,
365 3825 551 3914 dequibus
574 3825 731 3895 omnibus
759 3825 864 3896 datur
882 3824 1026 3915 darique
1054 3824 1159 3895 debet
1185 3823 1320 3894 decima
1337 3823 1564 3914 manipularis
1591 3845 1655 3913 pro
1682 3811 1781 3894 scho-

233 3945 357 4017 lastria
383 3944 616 4035 cracoviensi,
644 3966 707 4034 per
734 3944 878 4016 abusum
906 3951 1022 4016 tamen
1049 3952 1085 4015 61
1111 3944 1356 4034 negligentiam
1384 3945 1669 4016 scholasticorum
1696 3944 1781 4016 Gra·

234 4067 444 4137 coviensium
471 4087 639 4138 conversa
663 4072 719 4170 est
738 4066 773 4136 in
791 4065 1005 4156 pecunialem
1037 4072 1073 4137 et
1091 4064 1199 4139 solvit
1228 4064 1328 4135 annis
1360 4041 1504 4155 singulis
1531 4072 1606 4137 tres
1628 4062 1794 4139 fertones

233 4187 383 4259 latorum
410 4208 618 4277 grossorum.

336 4308 557 4398 Hanszvovv,
585 4309 667 4379 villa
693 4310 756 4381 sub
775 4309 939 4398 parochia
957 4308 1121 4381 ecclesiae
1139 4308 1181 4379 de
1200 4307 1559 4400 Byertholthov
1585 4309 1664 4399 sita,
1682 4310 1779 4381 cuius

233 4429 357 4500 haeres
387 4429 627 4500 Leonardus
659 4428 938 4524 cumfratribus,
969 4430 1095 4500 nobilis
1121 4429 1293 4501 dedomo
1320 4428 1526 4521 Nowyna.
1553 4430 1593 4501 16
1612 4450 1681 4521 qua
1699 4435 1780 4501 sunt

233 4551 325 4622 lanei
352 4551 594 4639 cmethonales,
622 4550 664 4620 de
692 4551 815 4640 quibus
843 4549 1001 4621 omnihus
1028 4550 1132 4621 datur
1159 4550 1303 4642 darique
1331 4551 1435 4622 (16161
1461 4550 1593 4630 decima
1618 4550 1775 4639 manipu-

187 4755 191 4769 ,
234 4671 318 4769 laris
345 4692 409 4761 pro
444 4671 650 4742 scholastria
676 4669 911 4760 cracoviensi,
938 4691 1001 4760 per
1027 4672 1172 4769 abusum
1199 4677 1314 4743 tamen
1342 4678 1378 4743 et
1404 4671 1650 4762 negligentiam
1677 4670 1776 4742 scho-

237 4792 437 4863 lasticorum
466 4790 746 4866 cracoviensinm
786 4811 953 4863 conversa
988 4797 1042 4863 est
1079 4792 1114 4862 in
1141 4793 1353 4881 pecunialem
1394 4797 1430 4863 61
1456 4791 1562 4863 solvit
1587 4791 1686 4862 annis
1713 4791 1784 4860 sin-

235 4914 326 5003 gulis
352 4912 670 4984 modiam'marcam
688 4910 838 4984 latorum
856 4933 1065 5003 grossorum,
1084 4913 1145 4984 sed
1163 4914 1339 5004 perceptio
1357 4910 1511 4985 decimae
1529 4911 1784 4983 diversificatur

235 5035 272 5104 in
299 5024 543 5105 scholasticum
571 5038 607 5103 61
634 5033 830 5123 episcopum
858 5031 1130 5120 Cracoviensem.

263 5226 266 5230 .
339 5154 638 5244 Konvnnrvvcml,
678 5154 762 5224 villa
788 5153 851 5225 suh
879 5154 1045 5244 parochia
1070 5154 1235 5226 ecclesiae
1262 5152 1305 5223 dc
1340 5151 1529 5243 Kanthy
1564 5152 1650 5242 sita,
1686 5152 1783 5224 cuius

235 5266 359 5345 haeres
385 5274 556 5346 Melchior
583 5274 626 5345 de
657 5274 1003 5367 Damhowyecz,
1038 5273 1165 5345 nobilis
1192 5272 1234 5344 de
1262 5257 1363 5343 domo
1391 5270 1607 5364 Gornycz.
1647 5272 1784 5363 inqua

237 5400 318 5468 sunt
352 5395 444 5466 lanei
484 5395 735 5485 cmethonales,
771 5394 815 5479 de
851 5396 976 5488 quihus
1003 5393 1162 5470 omnibus
1198 5391 1303 5470 (16166
1333 5391 1478 5488 darique
1513 5393 1626 5475 denec
1650 5376 1785 5476 laima
