4050 6054
200 444 323 541 ‚11⁰⁸

230 647 563 742 :Oasamyrnuar
586 631 627 720 ¹et
652 645 914 738 Doyasdow.
940 641 1233 731 mordeamur
1259 626 1343 715 villa
1372 639 1630 745 Dryander
1655 660 1700 713 ex
1726 641 1801 717 alia

242 775 439 867 mecum
456 768 539 842 villa
555 768 736 840 Luczan
750 788 811 838 ow
821 786 927 857 ycze
954 786 1078 838 versus
1095 765 1284 854 meridiem,
1302 785 1389 854 quas
1406 762 1593 854 distinguit
1608 767 1647 833 et
1671 761 1803 835 limitat

90 928 93 935 ,
237 880 549 983 maura-ducit
573 910 596 961 a
622 888 705 960 villa
731 886 1162 978 Grzystoporzycze
1188 885 1234 957 ad
1260 884 1495 957 molendinum
1513 882 1618 955 villae
1635 880 1803 975 Pruas52
1837 894 1841 899 ’

245 1010 308 1095 sed
341 1032 412 1089 nun
446 1015 501 1083 cst
485 1010 596 1082 tria
630 1008 771 1099 publica
795 1013 833 1080 et
859 1007 1067 1096 communis,
1093 1008 1176 1098 quia
1200 1005 1376 1078 interdum
1403 1003 1610 1095 prohibetur
1634 1021 1803 1095 peream

244 1104 445 1249 transduc,-
457 1137 495 1203 et
528 1131 566 1202 in
601 1129 738 1201 medio·
752 1128 857 1201 huius
892 1129 969 1201 riae
1004 1133 1086 1200 sunt
1121 1128 1223 1218 signa
1256 1126 1444 1200 notabilia
1440 1124 1644 1217 vulgariter
1669 1120 1802 1219 loprae,

248 1254 330 1326 dist
304 1257 465 1344 tinguant
465 1251 501 1323 ia
449 1251 667 1324 teasdem
693 1250 804 1321 villas

349 1374 438 1447 Item
465 1371 665 1463 praebenda
690 1371 870 1462 praedicta
904 1369 1167 1462 Dayasdowska
1191 1369 1306 1441 hahet
1325 1368 1476 1441 decimas
1501 1366 1773 1481 manipulares
1762 1388 1803 1439 ru

243 1496 336 1568 villis
371 1494 582 1585 infrascript
573 1514 620 1565 rs:
656 1498 693 1565 et
727 1494 839 1584 primo
866 1493 903 1564 in
935 1493 1021 1564 villa
1047 1490 1207 1582 praefata
1231 1490 1504 1583 Doyasdow‚
1530 1489 1699 1581 percipit
1696 1488 1803 1561 daci-

244 1636 336 1709 ιιμιι
362 1615 611 1705 manipularem
639 1619 719 1705 post
744 1633 847 1704 agras
865 1635 946 1685 suos
964 1611 1159 1704 praediales
1173 1617 1214 1684 et
1231 1612 1380 1684 cumules
1398 1611 1575 1700 lunarat,
1594 1610 1679 1683 item
1694 1609 1803 1682 etiam

243 1742 324 1827 post
348 1756 453 1826 agras
479 1735 644 1808 tabernae
670 1738 707 1806 et
732 1734 1019 1824 herculanarum,
1046 1740 1084 1806 et
1109 1733 1224 1805 nullus
1251 1733 1295 1805 de
1321 1731 1455 1804 decima
1472 1731 1653 1823 praedicta
1668 1729 1804 1822 aliquid

245 1857 441 1947 participat
469 1854 743 1931 sed-,canonicus
769 1854 993 1946 praebendae
1019 1852 1198 1943 praefatae
1223 1853 1333 1925 libere
1360 1852 1456 1924 illam
1482 1856 1520 1923 et
1545 1851 1677 1942 absque
1701 1849 1804 1923 dimi·

245 1977 399 2066 nutione,
424 1974 662 2049 tantummodo
689 1975 732 2046 de
759 1977 853 2067 agris
879 1973 1117 2065 praedialibns
1145 1973 1272 2064 curiae,
1299 1978 1337 2046 et
1361 1994 1432 2046 non
1458 1978 1539 2064 post
1564 1990 1668 2060 agros
1684 1964 1806 2045 taber:

246 2116 313 2170 nae
334 2103 376 2169 'et
401 2095 676 2184 hortulanomm,
703 2095 860 2187 percipit,
888 2100 924 2167 et
950 2099 1114 2167 tenentur
1140 2094 1236 2165 illam
1263 2094 1389 2166 ducere
1415 2093 1569 2184 propriis
1586 2091 1749 2164 curribus
1765 2092 1803 2163 in

247 2217 412 2291 allodium
432 2215 636 2297 canonicale
663 2216 766 2289 villae
788 2215 1045 2306 Dayasdow
1071 2214 1280 2306 praedictae.
1307 2215 1417 2286 Lanei
1435 2218 1550 2286 autem
1567 2211 1806 2286 cmethonales

250 2333 357 2411 villae
378 2336 565 2428 praelatae
592 2337 732 2410 solvunt
758 2336 925 2409 decimam
942 2336 1192 2427 manipularem
1210 2336 1358 2427 plebano
1377 2341 1415 2408 et
1432 2334 1600 2413 eeclesiae
1616 2334 1654 2405 iu
1670 2332 1805 2407 Laba-¹

247 2478 404 2548 rayca,
430 2457 592 2530 similiter
618 2462 654 2529 et
678 2457 846 2530 tabernae
873 2461 910 2529 et
935 2457 1113 2529 hortulani
1139 2458 1176 2529 in
1202 2456 1286 2528 villa
1312 2478 1372 2547 eo,
1398 2455 1491 2548 quod
1517 2454 1652 2529 medius
1678 2454 1805 2530 lanaua

249 2578 475 2671 emethonalis
502 2579 669 2652 tabernae
695 2582 732 2650 et
757 2577 975 2650 hortulaniae
1003 2578 1135 2651 divisus
1162 2582 1225 2650 est.

350 2699 573 2787 ltcffihabet
597 2697 797 2789 praebenda
822 2692 980 2790 praelata
1006 2699 1174 2770 decimam
1201 2698 1451 2789 manipularem
1477 2699 1514 2769 in
1532 2697 1617 2769 villa
1634 2693 1805 2790 Schysz-

250 2838 440 2911 ιιιιιιιι,ι
461 2820 559 2893 cuius
583 2819 782 2891 haereditas
809 2819 962 2910 pertinet
987 2819 1035 2891 ad
1059 2818 1255 2892 iohannem
1282 2818 1326 2891 de
1353 2817 1559 2911 ezyzow,
1586 2817 1696 2891 lilium
1721 2817 1806 2891 olim
1917 2862 1924 2869 -

248 2941 427 3014 'castellani
453 2939 701 3031 cracoviensis,
727 2940 771 3012 de
797 2926 900 3012 domo
926 2939 1173 3031 Polulcoza,
1191 2941 1227 3010 in
1245 2940 1412 3030 parochia
1428 2939 1597 3012 ecclesiae
1613 2939 1659 3011 de
1674 2938 1806 3030 Drya·

248 3081 444 3135 rnaszna
469 3081 578 3152 prope
604 3061 966 3133 Scarhimiriam.
991 3060 1033 3132 Ιι
1061 3081 1130 3151 qua
1156 3065 1239 3133 sunt
1264 3060 1414 3132 sedecim
1439 3060 1531 3132 lanei
1559 3058 1806 3151 cmethnnales,

249 3183 293 3256 de
319 3184 443 3273 quihus
471 3183 630 3254 omnibus
656 3182 809 3263 reddunt
833 3181 1002 3253 decimam
1028 3182 1249 3272 praebendae
1275 3181 1484 3273 praedictae,
1511 3186 1548 3254 et
1572 3182 1705 3254 ducunt
1725 3200 1808 3253 eam

248 3303 401 3394 propriis
437 3302 597 3376 curribus
632 3302 669 3373 in
696 3302 828 3392 locum,
855 3321 955 3391 quem
983 3301 1167 3374 canonicus
1194 3301 1382 3393 delegerit,
1409 3309 1446 3374 et
1471 3302 1612 3374 solvunt
1635 3301 1809 3375 dammam

249 3425 372 3513 canapi
392 3442 471 3515 ¹per
507 3427 656 3513 quatuor
691 3422 891 3511 iuncturam
926 3428 982 3493 est
1008 3422 1113 3493 etiam
1139 3419 1188 3493 ibi
1214 3423 1312 3494 curia
1337 3423 1516 3512 militaris,
1543 3423 1675 3497 habens
1700 3442 1808 3513 agras

245 3542 443 3635 praediales
468 3543 644 3634 speciales,
671 3542 715 3614 de
742 3543 867 3634 quihus
894 3542 1027 3614 decima
1052 3543 1278 3633 manipularis
1305 3544 1367 3616 dat
1351 3549 1410 3616 tur
1429 3544 1595 3617 ecclesiae
1613 3533 1808 3635 parochiali

248 3665 285 3736 in
311 3664 706 3757 Dzyaloschycze.

300 3785 444 3859 Item
470 3783 628 3875 praefata
652 3785 853 3876 praebenda
879 3785 986 3858 habet
1012 3784 1181 3857 decimam
1206 3786 1383 3859 tertiam
1373 3807 1409 3856 ιι
1428 3785 1608 3878 Walya
1616 3784 1809 3878 Schysu-

249 3906 446 3995 kouska,
472 3906 570 3977 cuius
597 3907 793 3996 proprietas
820 3907 974 3997 pertinet
999 3906 1045 3977 ad
1071 3906 1266 3996 praefatum
1292 3905 1461 3979 Joannem
1480 3906 1525 3978 de
1551 3905 1753 3998 Gzyzcw,
1770 3912 1810 3979 et

253 4026 289 4094 in
317 4043 385 4113 qua
420 4030 475 4094 est
510 4024 656 4095 ecclesia
689 4025 917 4115 parochialis,
944 4026 1118 4116 habetque
1150 4026 1244 4097 dicta
1280 4026 1364 4098 villa
1391 4032 1540 4116 quatuor
1565 4026 1809 4100 tantummodo

250 4143 372 4233 lapsos
399 4143 651 4233 emethonales,
678 4165 721 4215 ex
756 4144 881 4234 quibus
917 4144 1090 4217 decimant
1124 4147 1364 4237 manipulatim
1390 4166 1455 4236 pro
1482 4147 1681 4238 praebenda
1705 4166 1809 4238 prae-

252 4262 356 4352 dicta
383 4269 420 4335 et
446 4263 578 4334 ducunt
604 4262 771 4335 decimam
799 4264 951 4356 propriis
977 4268 1137 4340 curribus
1163 4267 1200 4338 in
1222 4268 1334 4339 locum
1352 4287 1373 4338 a
1391 4269 1557 4342 canonica
1576 4268 1831 4361 deligendum,-

253 4388 291 4456 et
316 4383 456 4479 salvarat
482 4383 649 4456 decimam
684 4385 884 4475 canapalem
918 4406 982 4477 per
1008 4393 1158 4478 quatuor
1184 4389 1382 4480 iuncturas3
1409 4395 1464 4462 est
1490 4386 1596 4461 etiam
1623 4389 1661 4461 iu
1685 4388 1809 4463 eadam

251 4504 337 4578 villa
363 4505 459 4577 curia
486 4504 659 4596 militaris,
686 4506 818 4578 habens
845 4528 948 4598 agros
984 4508 1152 4580 militares
1178 4500 1392 4601 praediales3
1419 4510 1621 4582 aestimatos
1646 4509 1693 4582 ad
1718 4509 1809 4583 duos
1920 4513 1922 4517 ’

251 4627 391 4716 laneos,
418 4647 461 4698 er
490 4627 647 4717 quibus
635 4626 784 4715 decima
809 4629 1035 4719 manipularis
1063 4631 1167 4702 solvit
1151 4636 1211 4702 tur
1237 4630 1386 4721 plebano
1422 4635 1459 4703 et
1484 4630 1653 4705 ecclesiae
1675 4628 1809 4705 ibidem

251 4749 288 4820 in
315 4747 684 4839 Schyszko.wska
709 4746 885 4840 Wolya

355 4869 441 4941 Item
469 4869 577 4942 hahet
603 4868 782 4960 praedicta
807 4871 1006 4961 praebenda
1032 4877 1194 4962 quartam
1211 4868 1406 4945 ιιθιιιιιιι
1396 4893 1433 4943 ιι
1451 4812 1535 4945 uilla
1552 4872 1809 4946 Januscho·

252 5010 411 5082 aspero,
438 4993 503 5063 sub
530 4990 696 5083 parochia
721 4992 886 5063 ecclesiae
912 4993 955 5064 de
981 4991 1376 5085 Dzyaloachycze
1394 4993 1492 5067 cuius
1510 4978 1808 5084 haereditasper-

249 5110 344 5225 tinet
369 5111 590 5225 &nabilem
616 5111 784 5184 Jacabum
812 5110 1083 5205 Goslowskp
1111 5114 1154 5185 de
1179 5114 1286 5187 armis
1313 5114 1539 5211 vulpi-um.
1564 5115 1606 5186 In
1632 5134 1702 5206 qua
1726 5120 1809 5188 aunt

253 5232 379 5305 navem
403 5210 767 5335 ιιιιιιιιιιιιοιιιθι,
793 5255 837 5305 ex
865 5234 990 5325 quihus
1016 5233 1083 5305 etsi
1109 5254 1216 5325 unus,
1243 5235 1406 5317 videlicet
1428 5254 1561 5326 nonus,
1589 5234 1718 5308 colitur
1741 5254 1808 5328 pro

254 5349 364 5439 tutia.
384 5351 527 5428 ιιοιιιιιι·Ι
525 5352 710 5447 praelati,
737 5352 782 5429 de
817 5354 975 5435 omuibus
1001 5358 1117 5432 aneu
1143 5374 1266 5432 uorem
1294 5354 1398 5433 datur
1424 5356 1557 5433 decima
1582 5355 1809 5450 manipubris
