4050 6054
235 496 310 571 544

233 703 404 795 specialia,
432 703 492 794 qui
518 704 564 776 ad
589 701 828 775 clericaturam
854 709 890 774 et
916 702 991 774 eius
1008 702 1174 776 ditionem
1193 708 1231 775 et
1247 700 1496 793 proprietatem
1514 707 1685 794 perpetuo
1705 720 1795 793 per-

231 827 330 914 tinet,
357 831 393 896 et
419 824 480 914 qui
506 824 652 914 singulis
678 824 778 896 annis
804 845 868 914 pro
896 844 1002 896 censu
1028 844 1142 896 annuo
1170 824 1275 895 solvit
1301 823 1527 896 clericaturae
1544 822 1577 894 S.
1594 822 1792 895 Michaelis

233 944 319 1018 duas
346 964 479 1015 marcas
506 944 672 1034 pecuniae
699 944 838 1034 usualia,
865 950 901 1015 et
928 966 996 1016 non
1023 944 1199 1036 obligatur
1225 943 1270 1014 ad
1297 944 1431 1033 aliquos
1456 944 1603 1034 labores,
1621 949 1660 1015 et
1677 943 1794 1015 solvit

233 1065 457 1137 clericaturae
484 1064 526 1135 de
552 1064 749 1136 huiusmodi
776 1065 875 1135 laneo
902 1064 1069 1136 decimam
1086 1065 1354 1155 manipularem3
1381 1065 1424 1137 de
1442 1064 1520 1136 aliis
1538 1070 1654 1137 autem
1670 1063 1794 1135 laneis

225 1190 268 1256 et
303 1185 397 1277 agris
433 1184 610 1274 praefatae
636 1182 740 1257 villae
766 1183 1123 1275 Przegorzalye,
1148 1186 1301 1275 pertinet
1326 1186 1460 1257 decima
1485 1185 1713 1275 manipularis
1741 1184 1794 1257 ad

231 1305 415 1394 plebanum
441 1304 574 1375 mediae
600 1304 712 1393 partis
738 1304 875 1393 ligneae
893 1305 1060 1376 ecclesiae
1078 1302 1239 1376 Omnium
1258 1303 1464 1377 Sanctorum
1480 1306 1517 1376 in
1544 1303 1793 1377 cracovia

233 1425 322 1496 Item
339 1423 500 1515 praefata
526 1425 730 1497 clericatura
748 1424 781 1494 S.
799 1423 981 1497 Michaelis
999 1426 1106 1497 habet
1123 1431 1263 1515 pratum
1280 1426 1417 1516 bonum,
1435 1427 1553 1497 iacens
1571 1426 1664 1497 circa
1679 1426 1795 1499 villas

232 1543 537 1636 Szlrothnyky
564 1550 601 1615 et
627 1542 907 1636 Gobyerzyn,
934 1566 1080 1636 quarum
1105 1543 1380 1637 Gobyerzyn
1407 1546 1794 1636 subparochiaeccle-

234 1665 307 1736 siae
332 1664 376 1735 de
401 1663 642 1754 Rumpella
676 1664 745 1736 sita
771 1670 842 1754 cst,
869 1664 1139 1757 Skothnyky
1166 1687 1249 1737 vero
1272 1667 1337 1738 sub
1363 1666 1529 1756 parochia
1554 1665 1795 1741 ecclesiae-tt

233 1783 357 1856 Jacobi
381 1784 418 1854 in
445 1783 714 1872 casimiria3
741 1785 830 1855 iacet
857 1786 962 1856 etiam
990 1785 1119 1856 dictum
1145 1793 1284 1876 pratum
1311 1787 1409 1857 iuxta
1434 1793 1581 1858 stratam
1598 1788 1798 1881 publicam,

234 1923 322 1994 quae
358 1903 453 1975 ducit
480 1925 522 1975 ex
550 1904 781 1976 cracovia
807 1905 842 1975 in
868 1905 1270 1995 Lanczkoronam,
1297 1907 1340 1978 de
1367 1928 1435 1997 quo
1463 1906 1612 1979 solvitur
1636 1907 1799 1981 clerica-

233 2030 334 2095 turae
360 2023 393 2095 S.
418 2023 601 2095 Michaelis
628 2046 698 2095 una
723 2046 841 2096 marca
866 2045 945 2096 cum
970 2025 1092 2096 media.
1788 2084 1798 2097 .

335 2142 554 2216 Praetorium
581 2142 834 2217 casimiriense.
862 2143 1076 2217 clericatum
1102 2144 1135 2216 S.
1161 2145 1343 2217 Michaelis
1360 2147 1468 2221 hahet
1484 2146 1684 2238 habereque
1702 2170 1802 2224 con-

233 2263 345 2337 suevit
371 2263 407 2335 in
433 2264 561 2356 oppido
588 2263 832 2356 Gasimiriensi,
859 2265 938 2337 urbi
965 2264 1185 2339 cracoviensi
1212 2265 1439 2361 confrontato,
1462 2267 1610 2339 mediam
1628 2290 1802 2343 marcam

232 2384 398 2475 pecuniae
423 2385 554 2457 usualis
581 2384 624 2457 de
651 2405 755 2456 censu
782 2407 895 2458 annuo
922 2393 960 2457 et
985 2392 1164 2476 perpetuo,
1192 2376 1292 2476 qu'em
1319 2388 1555 2459 illi-consules
1573 2386 1803 2465 Graoovien-

233 2525 289 2577 ses
314 2506 450 2577 rationo
476 2505 571 2583 lacus
598 2510 634 2575 et
659 2505 736 2594 loci,
764 2527 866 2595 quem
892 2527 983 2578 nunc
1009 2507 1175 2596 obtinent,
1203 2513 1239 2577 et
1265 2507 1323 2597 qui
1342 2507 1513 2598 quondam
1531 2508 1576 2579 ad
1594 2509 1800 2584 clericatu-

234 2644 308 2695 ram
335 2625 541 2713 pertinebat,
569 2623 633 2695 sub
660 2632 776 2697 mont'e
802 2625 1090 2699 Laszothino
1119 2628 1186 2719 siti,
1213 2628 1347 2700 soluere
1374 2629 1602 2719 obligantur..
1631 2664 1638 2671 ·

852 2929 1163 2953 ψ

609 3188 901 3306 nconnsn
936 3191 1402 3309 emundamus.
1474 3184 1478 3191 ·

261 3439 575 3545 Fundationem,
607 3441 865 3533 dotationem
899 3448 944 3523 et
975 3444 1235 3526 erectionem
1269 3445 1481 3525 ecelesiae
1514 3445 1556 3524 8.
1590 3444 1767 3551 Marga-

450 3581 598 3663 rethae
629 3580 941 3661 Sandeezensis
974 3583 1013 3661 fn
1046 3581 1200 3687 oppido
1235 3581 1352 3661 Νονιι
1385 3581 1592 3682 Sandecz,

233 3713 325 3805 quod
351 3712 464 3787 fluviis
483 3714 633 3804 dnobnS,
658 3714 1000 3806 Dnnayeczone
1027 3715 1188 3787 videlicet
1213 3721 1251 3787 et
1276 3714 1546 3806 Kamyonka
1572 3714 1728 3787 ambitur
1744 3722 1790 3789 et

231 3834 392 3924 abluitur,
420 3856 462 3906 ex
489 3835 680 3925 parochiali
707 3836 743 3905 in
770 3835 996 3925 collegiatam,
1022 3834 1328 3909 reverendissimus
1355 3835 1392 3906 in
1409 3832 1550 3906 Christo
1576 3835 1659 3907 olim
1676 3840 1788 3926 pater

231 3954 355 4026 beatae
381 3953 633 4026 recordationis
664 3953 912 4045 Sbigneus,
948 3955 1051 4026 titulo
1077 3953 1224 4025 Sanctae
1251 3953 1423 4045 Priscae,
1442 3952 1589 4027 Sanctae
1615 3974 1787 4029 romanae

232 4074 396 4145 ccclesiae
422 4074 605 4164 presbyter
632 4074 817 4146 cardinalis
844 4081 881 4146 et
906 4076 1088 4166 episcopus
1110 4072 1358 4165 Gracouiensis,
1384 4094 1488 4167 quam
1515 4081 1552 4146 et
1569 4095 1643 4165 noa,
1669 4082 1783 4164 prout

231 4192 380 4264 facultas
408 4194 657 4266 mediocritatis
684 4214 780 4265 meae
806 4194 897 4286 tulit,
925 4195 1203 4286 sollicitabamus,
1230 4195 1481 4284 instigabamus
1507 4200 1544 4266 et
1569 4194 1786 4285 procurabo-

232 4333 317 4401 mus,
345 4314 454 4385 scitus
482 4319 536 4384 est
562 4315 693 4403 primus
720 4313 916 4405 confecisse,
944 4336 974 4386 a.
989 4315 1042 4391 D„
1055 4316 1163 4387 1448.
1189 4313 1278 4386 feria
1295 4319 1395 4386 sexta
1420 4319 1501 4406 post
1517 4313 1643 4388 festum
1661 4317 1785 4386 trans-

233 4433 372 4505 lationis
400 4432 433 4504 S.
460 4432 634 4523 Stanislai,
662 4454 750 4525 quae
776 4433 842 4505 fuit
868 4435 941 4506 dies
969 4441 1094 4524 quarta
1120 4435 1246 4506 mensis
1264 4432 1436 4523 Octobris,
1463 4442 1500 4507 et
1516 4432 1785 4526 singnlruecle

232 4551 373 4625 nodium
401 4573 484 4625 suae
512 4553 660 4625 dioecesi
687 4553 864 4626 adiecisse.
891 4553 948 4625 Ad
973 4553 1211 4627 fundationem
1237 4559 1350 4625 autem
1377 4553 1574 4626 huiusmodi
1599 4560 1703 4645 peter
1719 4552 1785 4627 ille

233 4671 453 4762 clarissimus,
480 4673 554 4745 zelo
577 4672 775 4745 dilatandae
801 4673 882 4744 fidei
900 4679 936 4745 et
956 4673 1134 4767 religionis
1161 4674 1381 4764 christianae,
1399 4681 1435 4746 et
1454 4693 1519 4764 pro
1538 4672 1787 4765 consequenda

231 4791 518 4884 procurandaque
544 4792 656 4865 salute
682 4792 874 4865 animarum
901 4799 937 4867 et
955 4794 1312 4886 ‚sno,·nonnullisque
1338 4794 1415 4864 aliis
1442 4793 1658 4884 respectibus
1684 4792 1784 4865 salu·

231 4914 366 4986 taribus
393 4919 528 4986 tractus
555 4919 592 4986 et
617 4919 796 5009 permotus
823 4920 887 5005 est;
913 4921 952 4986 ut
975 4915 1136 4987 videlicet
1161 4914 1247 4985 fines
1275 4913 1443 4985 dioecesis
1469 4933 1553 4985 snae
1570 4911 1783 4985 Pannonicis

230 5033 335 5105 terris
362 5033 600 5108 confrontatos
625 5035 829 5125 illustraret,
855 5040 895 5106 ut
920 5033 1065 5124 populos
1092 5054 1175 5103 orae
1202 5034 1294 5104 illius
1321 5033 1437 5124 rudes,
1463 5039 1619 5123 agrestes
1644 5037 1681 5104 et
1706 5032 1784 5125 syl-

231 5160 375 5247 vestras,
402 5159 439 5227 et
465 5154 646 5246 Valachis,
674 5154 946 5245 scismaticisque
972 5152 1211 5243 intermixtos,
1246 5154 1291 5224 ad
1317 5153 1499 5226 cultiorem
1526 5155 1633 5225 ritum
1657 5152 1783 5225 ortho-

231 5274 358 5349 doxum
384 5276 626 5366 pertraheret,
654 5281 689 5346 et
716 5273 885 5347 solidaret
912 5273 946 5343 in
972 5272 1036 5344 Dei
1065 5279 1101 5344 ct
1126 5272 1277 5362 proximi
1304 5294 1466 5363 amorem,
1493 5278 1534 5345 ut
1559 5272 1781 5345 sacerdotnm

230 5400 267 5465 et
291 5395 527 5469 ministrorum
555 5396 620 5465 Dei
647 5399 793 5486 augeret
818 5412 1016 5487 numerum,
1051 5400 1092 5466 ut
1118 5394 1217 5485 lites,
1244 5413 1332 5486 quae
1360 5400 1563 5466 occurrente
1596 5390 1782 5469 vacatione
