4050 6054
1637 439 1639 443 ’
1702 485 1774 556 aar

229 694 421 795 parochiali
438 693 640 783 pertinatia
655 691 983 782 Strzeszowieze,
1010 697 1047 762 et
1060 693 1257 762 emethanes
1273 693 1442 762 militares
1456 692 1594 763 solvunt
1612 692 1780 763 decimam

132 901 136 906 Ι
229 815 479 905 manipularem
505 814 800 885 archidIacanatui
827 813 1115 901 Sandomiriensi,
1142 819 1178 884 et
1205 814 1304 883 valor
1331 814 1404 882 eius
1427 814 1631 883 aestimatur
1657 813 1701 884 ad
1721 834 1781 884 ser

229 956 384 1023 maroas3
419 937 587 1006 temrinus
623 936 804 1006 solutionis
830 956 894 1023 pra
921 935 1106 1005 medietate
1134 935 1169 1004 in
1195 934 1284 1005 festa
1312 934 1428 1004 Sancti
1460 933 1623 1023 Martini,
1652 939 1687 1004 et
1713 935 1781 1005 alia

229 1057 414 1127 medietate
442 1058 477 1126 in
504 1058 593 1127 festa
627 1057 870 1127 Sanctissimae
899 1055 1091 1126 Trinitatis.
1125 1056 1216 1125 Item
1243 1055 1341 1125 miles
1375 1055 1481 1125 babet
1516 1056 1564 1125 ibi
1591 1055 1780 1145 praedium,

229 1177 272 1251 de
299 1178 396 1248 cuius
423 1179 515 1267 agris
543 1178 689 1248 solvitur
716 1178 849 1247 decima
875 1177 1100 1266 manipularis
1119 1176 1337 1266 praebendae
1363 1176 1399 1245 in
1418 1175 1677 1247 Molrrzsko.

332 1299 420 1369 Item
423 1321 491 1393 pro
508 1321 709 1393 mpepraaaaa
723 1299 827 1369 saluit
842 1299 987 1388 quilibet
1000 1299 1135 1368 emetha
1150 1298 1237 1368 diras
1250 1318 1400 1387 grassae,
1416 1299 1583 1368 terminus
1598 1298 1780 1371 solutionis

231 1441 295 1510 pra
322 1419 411 1533 septa
439 1419 640 1490 Natiuitatis
659 1419 807 1510 Christi,
835 1421 917 1489 item
936 1440 999 1509 pra
1018 1419 1129 1489 baeda
1157 1419 1302 1508 quilibet
1329 1419 1464 1489 emetha
1491 1440 1596 1491 unum
1622 1441 1781 1508 grassum

228 1560 292 1631 pro
309 1540 400 1612 festo
427 1540 598 1630 Paschae,
627 1518 709 1612 item
730 1562 793 1632 pro
820 1562 878 1635 sep
905 1541 1098 1632 autumnali
1121 1541 1266 1630 quilibet
1284 1540 1419 1610 emetha
1439 1540 1507 1621 duo
1525 1544 1643 1612 cereta
1660 1541 1780 1631 tritici,

230 1664 313 1734 item
340 1684 404 1753 pra
439 1685 497 1756 sap
533 1664 692 1734 aestivali
727 1669 800 1733 tres
828 1664 989 1733 eboratas
1025 1683 1164 1732 avenae.
1208 1663 1296 1732 Item
1333 1661 1478 1750 quilibet
1512 1654 1651 1735 emetha
1677 1663 1782 1734 soluit

124 1832 133 1844 κ
228 1786 264 1855 in
291 1784 381 1855 festo
400 1782 656 1873 Assumptianis
683 1783 770 1854 duas
798 1782 929 1873 pullaS,
955 1783 1040 1852 item
1058 1783 1204 1871 quilibet
1230 1782 1365 1852 cmetha
1385 1781 1499 1852 datin
1518 1781 1607 1853 festa
1626 1766 1780 1854 Paschae

228 1906 374 1995 tngiuta
401 1926 468 1976 ova
486 1911 522 1975 et
540 1905 626 1975 duos
655 1925 792 1992 aaseas;
819 1905 900 1974 item
920 1925 983 1994 pra
1003 1904 1153 1974 statione
1180 1904 1281 1992 regis,
1310 1904 1447 1992 quaties
1466 1924 1528 1974 rex
1546 1901 1641 1994 Opp
1653 1906 1781 1976 atho-

228 2028 346 2097 viam
373 2028 526 2116 venerit,
554 2027 700 2115 quilibet
727 2026 862 2096 cnretha
881 2025 924 2095 de
943 2025 1097 2114 qualibet
1123 2045 1243 2096 manso
1261 2046 1322 2095 sex
1340 2046 1499 2115 grossam
1526 2025 1609 2095 item
1638 2025 1782 2115 quilibet

229 2149 365 2220 emetha
392 2149 463 2218 tila
490 2149 633 2218 eborata
659 2148 807 2235 avenae,
836 2147 918 2216 item
947 2146 1092 2236 quilibet
1119 2146 1257 2218 emetha
1283 2146 1400 2216 de'eem
1427 2167 1509 2236 ova,
1537 2146 1624 2217 duas
1652 2167 1782 2235 caseos,

228 2271 312 2340 item
339 2269 485 2358 quilibet
511 2270 646 2339 emetha
674 2268 759 2338 duos
786 2267 909 2357 pullas.
944 2269 1032 2338 Item
1060 2267 1192 2337 decima
1219 2268 1422 2357 campestris
1449 2274 1530 2358 past
1568 2273 1680 2338 totam
1717 2268 1781 2339 vil-

234 2390 357 2460 lamet
384 2390 489 2459 etiam
517 2389 690 2478 currapalis
717 2409 781 2479 per
808 2395 957 2478 quatuor
983 2388 1121 2476 ierugas
1149 2393 1202 2459 est
1229 2389 1380 2477 episcopi
1407 2389 1650 2478 Lubuozansis,
1679 2410 1806 2478 quam.

230 2510 362 2580 habent
388 2509 509 2580 rustici
537 2509 661 2579 ducere
688 2509 733 2580 ad
760 2512 924 2580 borreum
951 2509 1104 2598 episcopi
1130 2507 1375 2598 LubuozansiS,
1404 2531 1492 2599 quae
1510 2511 1604 2580 valet
1623 2510 1781 2580 amnibus

230 2632 328 2702 annis
356 2637 433 2701 acta
461 2652 604 2701 marcas.
631 2631 719 2701 Item
746 2632 927 2720 episcopus
954 2631 1188 2702 Irubuezensis
1215 2631 1321 2701 habet
1346 2631 1396 2701 ibi
1422 2638 1568 2721 pratum.

243 2776 249 2787 ·
331 2752 596 2841 Iuanourezn,
632 2751 715 2821 villa
742 2753 806 2822 sub
834 2752 999 2840 parocbia
1034 2752 1199 2822 ecelesiae
1235 2749 1524 2841 Oppathaviensis
1561 2753 1647 2843 sIta,
1684 2755 1781 2824 euius

227 2862 426 2962 proprietas
453 2878 489 2942 et
515 2872 704 2941 dominium
731 2872 776 2942 ad
803 2873 1002 2963 episcopum
1028 2871 1286 2943 Lubuozansem
1318 2874 1420 2963 pleno
1448 2875 1520 2944 iure
1547 2874 1719 2964 pertinet,
1746 2875 1782 2944 in

230 2994 297 3072 i'sta
322 2993 406 3063 villa
442 2998 523 3063 sunt
558 3000 691 3082 septem
726 2994 836 3063 mansi
881 3014 942 3064 seu
979 3000 1092 3065 sortes
1119 2999 1156 3064 et
1182 3000 1237 3064 tat
1263 2995 1469 3065 emethanes.
1513 2994 1602 3065 Item
1638 2994 1783 3086 quilibet

230 3115 366 3186 emetha
394 3114 499 3185 solvit
517 3115 676 3204 quinque
702 3113 873 3203 fertones,
910 3115 1132 3186 medletatem
1159 3137 1223 3205 pra
1250 3114 1338 3186 festa
1354 3115 1473 3186 Sancti
1500 3104 1656 3207 Martini,
1679 3118 1782 3188 aliam

232 3237 452 3307 medietatem
480 3256 543 3325 pra
569 3235 659 3306 festa
679 3236 922 3306 SanetiSsimae
941 3235 1134 3307 Trinitatis.
1160 3236 1249 3307 Item
1267 3237 1415 3306 taberna
1432 3256 1501 3306 una
1518 3237 1651 3308 habens
1670 3259 1782 3327 agras,

230 3379 319 3447 quae
342 3357 447 3428 solvit
465 3377 567 3427 unam
585 3377 755 3445 marcam,
774 3357 994 3427 medIetatem
1012 3360 1075 3446 pra
1093 3357 1183 3428 festa
1203 3357 1235 3425 S.
1248 3357 1409 3444 'Martini
1437 3357 1541 3427 abam
1559 3358 1781 3430 medletatem

230 3480 265 3550 in
292 3479 381 3550 festa
409 3478 655 3549 Sanctissimae
680 3476 884 3565 Trinitatis,
912 3479 995 3548 Item
1013 3498 1077 3566 pra
1095 3478 1244 3568 pecuniis
1271 3478 1517 3566 expeditionali
1554 3479 1597 3549 de
1627 3479 1782 3569 qualibet

228 3596 324 3672 saite
344 3606 422 3670 octa
440 3620 598 3690 grossam
626 3601 708 3669 item
727 3620 790 3687 pra
814 3618 1018 3693 wpeprzoaac
1044 3599 1190 3687 quilibet
1207 3600 1342 3668 emetha
1370 3598 1456 3669 duas
1483 3620 1633 3690 grossae,
1662 3601 1782 3673 termi-

229 3742 295 3792 nus
322 3720 505 3792 solutionis
541 3720 666 3791 festum
694 3718 900 3790 Natiuitatis
932 3718 1080 3806 Christi,
1116 3719 1198 3788 item
1226 3738 1289 3807 pra
1317 3718 1427 3788 haedo
1465 3719 1612 3809 quilibet
1647 3720 1782 3792 enretho

231 3843 382 3914 medium
408 3863 581 3931 grossum,
607 3841 775 3912 terminus
793 3840 964 3928 Paschae,
992 3840 1076 3910 item
1103 3861 1167 3929 pra
1194 3861 1253 3934 sep
1272 3841 1463 3911 autumnali
1483 3822 1628 3931 quilibet
1645 3843 1780 3912 emetha
1878 3891 1882 3902 .

229 3964 314 4036 duos
342 3965 467 4034 charas
494 3962 622 4052 tritici,
649 3963 731 4032 item
759 3984 823 4051 pra
849 3983 907 4055 sap
934 3961 1095 4032 aestIvali
1122 3960 1267 4050 quilibet
1295 3968 1367 4032 tres
1387 3963 1512 4033 charos
1531 3983 1670 4052 aveuae,
1698 3963 1782 4033 item

148 4162 153 4173 ,
231 4086 378 4177 quilibet
414 4085 548 4154 emetha
576 4085 611 4154 in
638 4082 727 4154 testa
756 4081 1012 4172 Assumptianis
1048 4082 1135 4152 duas
1161 4082 1293 4173 pullas,
1330 4083 1413 4154 item
1440 4084 1476 4153 in
1502 4082 1591 4154 festa
1627 4084 1783 4156 Paschae

229 4207 375 4297 triginta
410 4227 476 4277 ova
503 4212 538 4276 ct
565 4205 651 4276 duas
679 4225 807 4275 caseos.
846 4205 933 4274 Item
969 4206 1212 4294 prestatione
1249 4206 1360 4296 ragIs,
1397 4207 1532 4295 quoties
1558 4226 1621 4276 rex
1650 4208 1785 4278 venerit

132 4314 137 4321 ’
230 4326 547 4419 Oppathaviam,
576 4327 721 4417 quilibet
747 4326 882 4396 emetha
909 4347 969 4396 sex
987 4347 1128 4416 grossas
1147 4327 1190 4397 de
1212 4348 1352 4418 manso,
1380 4329 1463 4399 item
1483 4328 1628 4418 quilibet
1647 4331 1783 4401 emetha

230 4456 303 4521 tres
331 4450 454 4520 choros
481 4435 629 4538 avenae,
667 4448 751 4519 item
780 4447 925 4537 quilibet
951 4449 1087 4519 emetha
1123 4448 1241 4519 docem
1269 4470 1334 4520 ava
1360 4455 1407 4539 et·
1423 4449 1509 4522 duas
1535 4470 1673 4539 caseos3
1700 4451 1782 4520 item

234 4571 380 4661 quilibet
408 4571 543 4640 emetha
570 4569 657 4639 duos
684 4569 805 4659 pullos.
842 4569 929 4639 Item
957 4569 1144 4639 decanatus
1171 4568 1462 4659 Oppathaviensis
1489 4572 1595 4642 habet
1620 4572 1669 4642 ibi
1697 4571 1784 4643 duas

230 4692 349 4763 laneas
377 4712 454 4763 cum
491 4692 583 4763 amni
610 4691 695 4780 iure,
724 4710 811 4779 quae
839 4689 954 4760 amnia
981 4690 1136 4779 solvunt,
1163 4696 1204 4761 ut
1231 4692 1464 4781 epIscapales3
1491 4692 1574 4762 item
1602 4693 1783 4782 episcopus

230 4814 338 4884 habet
374 4812 501 4883 ibidem
537 4813 605 4883 dua
640 4816 750 4901 prata.
798 4811 886 4880 Item
923 4810 1073 4881 decanus
1108 4809 1398 4901 Oppathaviensis
1432 4812 1582 4901 pereIpit
1605 4810 1784 4885 'decimam

232 4928 458 5024 campestrem
493 4935 528 5003 in
565 4933 660 5003 villa·
682 4931 839 5022 praefata
875 4931 918 5001 de
955 4932 1112 5003 amnibus
1149 4933 1368 5002 emethanum
1404 4933 1516 5021 agris,
1557 4938 1593 5003 et
1629 4934 1783 5025 episcopi

230 5054 464 5126 Lubuozansis
484 5061 519 5125 et
538 5054 627 5143 suis,
656 5074 743 5143 quae
771 5054 1008 5124 communibus
1036 5054 1134 5124 annis
1160 5053 1255 5123 valet
1282 5052 1398 5123 decern
1426 5070 1560 5124 marcas
1588 5060 1624 5125 et
1643 5054 1783 5126 ducItur

231 5179 267 5247 in
294 5177 457 5248 horreum
485 5176 528 5245 ab
556 5196 596 5245 ea
623 5173 813 5246 locandum.

336 5297 575 5386 Jnarawausa,
612 5296 695 5366 uilla
722 5296 785 5365 sub
813 5296 978 5384 parocbia
1011 5295 1174 5366 ecclesiae
1210 5296 1252 5366 de
1280 5293 1537 5386 Oppathow
1574 5297 1657 5387 slta,
1685 5299 1783 5370 cuius

231 5419 428 5513 proprietas
455 5423 490 5491 et
517 5417 704 5489 dominium
739 5417 892 5507 pertinet
927 5417 972 5490 ad
998 5417 1194 5511 episcopum
1228 5417 1506 5511 Lubuozansem3
1544 5418 1586 5491 in'
1606 5418 1675 5493 ista
1701 5420 1784 5494 villa
1828 5401 1839 5419 ⁶
