4050 6054
1705 395 1778 467 585
1864 415 1867 421 ·

228 623 329 693 quam
365 624 455 674 nnnc
482 600 616 676 obtinet
641 600 811 676 Matthias
847 600 1003 675 Floriani
1029 600 1073 674 de
1100 600 1417 693 Scarbimiria,
1444 600 1499 673 vir
1525 601 1655 694 civilis,
1684 605 1780 675 cuius

227 723 441 814 infrascripti
467 731 549 796 sunt
576 731 775 814 proventus.

278 938 285 951 x
331 844 523 935 drenow,
551 846 635 917 villa
671 847 734 917 sub
761 845 928 934 parocbia
953 844 1118 916 eeclesiae
1147 844 1189 915 de
1215 843 1436 916 Wlostow
1464 845 1547 935 sita,
1575 846 1671 917 cuius
1698 864 1779 935 pro-

228 968 360 1058 prietas
395 988 460 1057 pro
495 985 565 1038 una
600 968 786 1039 medietate
822 968 976 1057 pertinet
1011 967 1056 1037 ad
1092 967 1338 1037 monasterium
1375 972 1411 1038 et
1447 967 1608 1052 abbatem
1635 967 1677 1037 de
1705 965 1779 1039 Oe-

226 1101 537 1179 pruywuycza,
565 1090 676 1160 altera
703 1109 785 1160 vero
812 1088 979 1158 medietas
1006 1088 1159 1178 pertinet
1186 1087 1230 1157 ad
1258 1088 1385 1158 milites
1411 1086 1454 1159 de
1474 1088 1574 1159 domo
1593 1088 1779 1159 Roszae.

134 1266 141 1277 .
228 1208 277 1279 Et
312 1210 520 1299 notandum,
557 1210 648 1300 quod
684 1210 769 1281 villa
803 1209 962 1300 praefata
997 1207 1194 1281 Carwow
1229 1208 1294 1279 fnit
1331 1209 1502 1298 quondam
1536 1210 1780 1298 patrimonium

228 1329 404 1402 Vincentii
439 1328 762 1402 Cadlubkonis
798 1331 951 1421 episcopi
983 1329 1240 1420 (traconensis,
1268 1331 1327 1421 qui
1355 1331 1444 1421 stylo
1471 1330 1622 1420 eleganti
1648 1332 1780 1421 primus

228 1452 367 1523 annalia
392 1451 559 1524 Polonica
585 1453 771 1542 contexuit,
799 1459 835 1523 et
862 1453 986 1523 cedens
1014 1457 1137 1542 sponte
1165 1452 1374 1541 episcopatu,
1392 1451 1640 1523 monasterium
1659 1452 1780 1524 cister-

228 1574 393 1645 ciensium
427 1575 622 1665 ingressus,
651 1575 694 1670 ‘in
729 1573 1000 1645 Andreouicnsis
1036 1574 1200 1645 eeclesIae
1235 1573 1446 1644 monasterio
1480 1574 1515 1644 in
1542 1573 1656 1644 medio
1683 1574 1780 1645 chori

227 1695 424 1785 requiescit,
451 1696 510 1784 qui
537 1701 573 1767 et
599 1696 677 1785 ipse·
701 1696 826 1767 nobilis
854 1700 931 1765 erat
958 1695 1000 1766 de
1028 1695 1128 1766 domo
1157 1701 1193 1765 et
1218 1694 1348 1765 familia
1365 1695 1493 1766 Roze.
1520 1694 1561 1764 In
1580 1695 1645 1765 bac
1664 1694 1780 1785 itaque

227 1815 312 1887 uilla
346 1816 544 1906 praebenda
578 1817 691 1906 prima
726 1816 819 1887 dicta
846 1815 1066 1888 Oarwowska
1091 1817 1198 1887 habet
1225 1837 1329 1886 unum
1356 1816 1492 1885 laneum
1520 1815 1780 1905 emethoualem,
1825 1888 1830 1896 ,

229 1936 271 2029 de
299 1958 366 2026 quo
394 1936 504 2007 cidem
532 1937 750 2026 praebendae
778 1959 841 2027 pro
869 1958 982 2009 annuo
1011 1958 1114 2008 censu
1142 1937 1246 2008 solvit
1274 1992 1281 2006 .
1310 1991 1317 2006 .
1345 1992 1352 2006 .
1380 1991 1387 2005 .
1423 1936 1512 2007 Item
1539 1936 1628 2006 idem
1655 1936 1775 2007 laneus

229 2058 395 2128 decimam
423 2058 538 2128 reddit
564 2059 813 2148 manipularem
840 2058 1015 2149 praefatae
1042 2059 1271 2149 praebendae,
1299 2079 1387 2149 quac
1407 2059 1609 2130 aestimatur
1628 2054 1672 2128 ad
1691 2057 1777 2128 duas

227 2199 381 2266 mareas3
409 2179 492 2249 item
520 2180 562 2249 de
589 2178 745 2269 praefato
772 2180 872 2251 laneo
901 2181 1048 2251 solvitur
1076 2180 1208 2250 decima
1226 2180 1451 2269 manipularis
1470 2179 1689 2269 praebendae
1708 2179 1779 2268 pri-

197 2387 201 2393 !
229 2321 305 2370 mae
333 2300 551 2371 Oarwowska
578 2301 620 2371 dc
648 2302 739 2371 omni
766 2322 886 2392 grano,
913 2309 949 2373 et
977 2302 1081 2373 solvit
1104 2303 1209 2375 etiam
1229 2302 1394 2372 decimam
1413 2301 1536 2391 canapi
1552 2321 1616 2391 per
1634 2305 1782 2391 quatuor

231 2421 381 2511 ierugas,
408 2428 444 2492 et
471 2423 568 2493 valor
594 2423 799 2493 aestimatur
826 2424 901 2494 eius
929 2424 973 2494 ad
1001 2425 1086 2494 duas
1114 2444 1256 2493 marcas.

332 2541 697 2633 Maaczruuowmzu,
726 2544 808 2614 villa
835 2545 898 2615 sub
926 2545 1091 2633 parochia
1108 2543 1382 2633 Oppatbovicnsi
1400 2545 1476 2633 sita,
1495 2543 1649 2633 eapitnlo
1667 2540 1782 2633 Oppa-

228 2665 402 2736 thoviensi
438 2669 477 2734 ut
511 2665 750 2753 praemisimus
787 2666 822 2735 in
854 2686 1112 2768 recompensam
1149 2658 1249 2754 data,
1277 2667 1312 2734 in
1350 2687 1418 2755 qua
1444 2666 1557 2755 prima
1581 2664 1782 2756 praebenda

231 2784 389 2874 praefata
424 2786 530 2856 habet
565 2807 670 2857 unum
705 2786 843 2856 laneum
879 2787 1138 2877 emethonalem,
1166 2788 1225 2873 ad,
1247 2808 1346 2858 surum
1381 2787 1435 2857 ius
1471 2794 1507 2857 et
1533 2787 1782 2877 proprietatem

227 2907 382 2995 plenarie
409 2912 578 2996 spectans,
606 2907 649 2978 de
677 2929 744 2998 quo
771 2908 804 2979 ei
831 2908 979 2980 solvitur
996 2929 1065 2979 nna
1082 2929 1200 2979 marca
1217 2930 1294 2979 curn
1313 2908 1445 2996 medIa3
1471 2909 1555 2978 item
1574 2908 1660 2979 duos
1679 2928 1782 2997 capo·

229 3048 299 3118 nes,
327 3028 410 3098 item
438 3028 524 3100 duos
552 3049 679 3117 caseos
707 3030 790 3101 item
818 3031 942 3120 viginti
970 3051 1052 3120 ova,
1081 3037 1117 3101 et
1143 3052 1212 3101 non
1238 3030 1370 3100 faciunt
1396 3029 1530 3119 aliquos
1557 3030 1694 3100 labores
1722 3036 1783 3100 aut

229 3149 412 3238 ducturas3
440 3150 521 3220 item
550 3150 592 3221 de
618 3151 773 3240 praefato
801 3152 901 3222 laneo
929 3152 1077 3223 solvitur
1104 3152 1237 3222 decima
1263 3151 1488 3241 manipularis
1515 3149 1692 3240 praefatae
1710 3151 1783 3239 pri-

229 3291 305 3341 mae
340 3272 558 3360 praebendae
594 3277 630 3341 et
666 3273 868 3343 conducitur
904 3273 940 3342 in
976 3274 1139 3344 horreum
1172 3273 1383 3343 acanouico
1411 3271 1601 3343 locandum
1621 3278 1657 3342 et
1682 3272 1781 3364 ¹valor

229 3392 303 3463 cius
331 3393 534 3464 aestimatur
561 3393 606 3463 ad
632 3415 736 3464 unam
763 3414 923 3466 marcam.

333 3512 558 3586 Orrauuow.
585 3515 673 3585 Item
700 3514 859 3604 praefata
885 3517 997 3605 prima
1023 3515 1222 3605 praebenda
1242 3513 1461 3585 Oarurowska
1478 3514 1584 3585 habet
1601 3515 1636 3585 in
1656 3514 1781 3603 oppido

229 3632 485 3725 Oppathow
511 3642 583 3707 tres
610 3638 732 3706 hortos
760 3656 837 3707 cnm
864 3637 963 3725 araia,
992 3636 1137 3707 inferius
1163 3636 1324 3706 balncum
1351 3636 1446 3724 sitos,
1474 3641 1511 3706 et
1536 3636 1649 3706 hortis
1667 3642 1782 3707 eusto-

230 3756 308 3826 diae
334 3754 624 3847 Oppatlroviensis
652 3757 842 3847 contiguos,
871 3778 1017 3846 qrrornm
1043 3758 1176 3846 primns
1204 3757 1309 3827 solvit
1326 3777 1390 3845 pro
1409 3776 1523 3826 annuo
1543 3776 1647 3825 censu
1666 3756 1782 3826 decem

228 3897 370 3967 grossos
397 3884 433 3949 et
460 3878 546 3949 duos
574 3899 731 3969 capones,
759 3879 929 3950 secundus
948 3880 1079 3952 solvit.
1107 3933 1114 3948 .
1142 3934 1168 3968 .,
1193 3879 1318 3948 tertius
1337 3877 1468 3949 solvit.
1496 3932 1503 3947 .
1531 3933 1539 3949 .
1566 3878 1656 3948 item
1674 3878 1781 3948 babet

232 3998 367 4070 domum
396 4000 580 4090 specialem
608 4001 724 4072 domui
752 4000 904 4089 custodis
932 4001 1128 4091 contiguam
1156 4020 1219 4090 pro
1247 4021 1311 4070 sua
1336 3999 1601 4070 inhabitatione.

332 4121 419 4192 Item
446 4122 604 4211 praefata
630 4123 827 4212 praebenda
853 4128 974 4193 taxata
1000 4128 1053 4194 est
1080 4122 1266 4193 secuudum
1294 4122 1409 4191 omnia
1435 4128 1595 4211 regestra
1613 4121 1683 4192 ad.
1712 4175 1719 4190 .
1747 4175 1755 4189 .

477 4386 641 4467 Vinaria
676 4388 835 4488 primae
869 4383 1140 4490 praebendae
1173 4384 1543 4490 Oppatboviensis.

335 4604 451 4679 Habet
468 4609 579 4696 prima
597 4607 796 4697 praebenda
815 4605 1035 4680 Carwowska
1052 4607 1218 4678 vicarium
1236 4614 1442 4697 perpetuum
1457 4607 1492 4677 in
1508 4606 1652 4678 eeclesia
1665 4604 1780 4695 Oppa-

229 4728 412 4820 tbovicnsi,
448 4729 544 4799 cuius
580 4729 763 4799 canonicus
794 4729 926 4818 primae
953 4728 1170 4818 praebendae
1197 4736 1253 4800 est
1278 4729 1400 4800 unicus
1428 4728 1572 4799 collator
1598 4733 1634 4798 et
1660 4734 1780 4817 patro·

230 4871 304 4938 uus,
332 4870 434 4939 quam
460 4850 567 4920 habet
594 4849 788 4920 Stauislans
816 4849 858 4920 de
885 4849 1112 4939 Wolboru‚
1131 4851 1228 4921 cuius
1247 4856 1438 4940 proventus
1456 4854 1510 4919 est
1528 4847 1780 4937 infrascriptus.

228 4970 318 5051 Item
344 4971 451 5042 habet
478 4971 564 5042 duas
590 4992 723 5041 marcas
751 4971 794 5041 de
819 4954 973 5041 tabernis
992 4968 1339 5060 Oppatlrovionsibns‚
1358 4971 1441 5040 item
1460 4969 1567 5040 habet
1584 4969 1780 5058 portionem
1869 4996 1877 5017 =

230 5091 408 5182 aequalem
446 5092 487 5163 de
523 5099 694 5182 proventu
730 5093 937 5165 deeimarum
974 5094 1238 5182 manipularium
1268 5092 1370 5161 villae
1397 5091 1665 5179 Rzusalrow,
1698 5091 1781 5160 item

231 5211 337 5283 habet
372 5213 565 5302 portionem
601 5215 779 5305 aequalem
807 5214 849 5284 de
877 5219 1041 5304 quaestu,
1069 5214 1128 5303 qni
1156 5213 1295 5283 vicariis
1322 5211 1660 5301 Oppatbovicnsibus
1688 5210 1780 5280 cedit

230 5353 266 5402 m
294 5354 475 5404 commum.

359 5503 405 5543 Lib
421 5502 515 5543 Benefle
1578 5473 1617 5532 74
