4050 6054
1639 541 1755 630 ‚aa

207 763 319 832 poena
346 742 577 832 negligentiae
605 764 709 812 unum
736 741 921 830 fertonem,
948 741 1035 812 duas
1062 762 1241 813 mensuras
1268 763 1399 813 avenae
1426 748 1462 813 et
1489 743 1576 815 duos
1602 765 1759 835 capones.

207 864 295 934 Item
323 868 438 933 custos
465 885 528 953 pro
557 870 712 953 tempore
739 864 846 933 babet
872 863 1146 934 iurisdictionem
1172 864 1209 934 in
1237 864 1453 935 sanctuarios
1480 871 1517 936 et
1543 865 1673 936 iudicat
1699 887 1759 939 eos

158 1030 161 1032 »
206 985 281 1055 iure
308 985 469 1054 terrestri
505 990 541 1054 et
567 1004 626 1054 eos
657 984 693 1054 in
720 984 773 1055 ius
805 1005 904 1055 suum
932 984 1079 1074 excipit,
1111 986 1145 1055 si
1168 967 1305 1074 uuanda
1339 986 1383 1056 ad
1410 984 1537 1056 iudicia
1564 987 1756 1059 saecularia
1820 1013 1834 1027 ·
1868 1058 1871 1073 ,

207 1106 403 1176 trabuntur.
443 1104 531 1175 Item
549 1105 680 1175 babent
707 1105 939 1194 apulsatione
967 1106 1139 1196 qualibet,
1167 1106 1197 1175 si
1214 1126 1278 1194 pro
1298 1103 1478 1195 extraneo,
1502 1106 1651 1179 mediam
1668 1128 1758 1179 mar-

207 1246 290 1314 cam,
318 1226 348 1296 si
375 1247 437 1314 pro
465 1225 622 1314 praelato
650 1226 813 1296 canonico
841 1232 902 1296 aut
928 1226 1098 1316 intranea,
1124 1248 1229 1297 unum
1255 1225 1434 1298 fertonem.

309 1346 630 1435 Ornrnnovvczu,
649 1346 733 1416 villa
750 1347 814 1416 sub
838 1347 1003 1435 parochia
1025 1347 1190 1417 ecclesiae
1209 1348 1320 1418 sancti
1338 1346 1461 1418 Jacobi
1479 1347 1516 1418 in
1536 1347 1758 1420 Oasimiria

207 1468 292 1556 sita,
316 1467 351 1537 in
370 1488 438 1557 qua
456 1467 523 1537 duo
542 1466 780 1538 tantummodo
800 1468 988 1561 sanctuarii
1007 1468 1170 1538 ecelesiae
1189 1466 1441 1557 Cracoviensis,
1467 1469 1637 1540 babentes
1655 1490 1758 1560 agros

209 1588 252 1658 ad
271 1587 357 1658 duos
383 1587 501 1657 laneos
528 1588 748 1674 aestimatos,
776 1594 813 1657 et
831 1588 962 1677 uptIma
987 1595 1106 1678 prata,
1135 1589 1194 1678 qui
1220 1594 1385 1659 tenentur
1412 1588 1590 1660 adomnia
1616 1591 1761 1662 servitia
1800 1565 1815 1602 ³

208 1715 244 1778 et
270 1708 462 1778 ministeria
488 1709 524 1778 in
547 1708 696 1778 ecclesia
723 1705 943 1778 Cracoviensi
975 1729 1051 1778 cum
1078 1709 1225 1780 caeteris
1253 1709 1330 1779 aliis
1358 1709 1565 1780 sanctuariis
1592 1713 1629 1780 et
1651 1711 1760 1799 parti-

209 1829 327 1917 cipant
353 1848 429 1898 cum
457 1828 507 1897 eis
538 1828 575 1897 in
600 1828 744 1899 minutis
771 1829 997 1918 proventibus
1026 1828 1067 1899 de
1094 1830 1196 1919 pulsu
1224 1849 1467 1918 campanarum
1499 1819 1562 1918 pro
1590 1829 1760 1921 defrmcto,

208 1957 243 2020 et
262 1949 303 2020 de
322 1949 468 2019 ecclesia
494 1949 791 2038 provenientibus,
819 1950 853 2020 in
872 1950 1094 2039 perceptione
1121 1957 1237 2021 autem
1259 1950 1468 2021 decimarum
1492 1951 1758 2040 manipularium
1820 2046 1822 2051 4

208 2093 283 2140 cnm
303 2070 449 2141 caeteris
468 2070 674 2140 sanctuariis
693 2092 760 2140 non
780 2071 1000 2160 participant,
1027 2091 1090 2141 nec
1108 2071 1377 2160 communicant,
1405 2071 1544 2142 solvunt
1562 2092 1626 2160 pro
1644 2093 1758 2169 annuo
1834 2099 1859 2118 ff

208 2213 312 2263 censu
339 2190 516 2261 custodiae
535 2187 754 2261 Cracoviensi
780 2212 884 2261 unam
902 2211 1063 2279 marcam,
1089 2190 1191 2262 liberi
1219 2192 1262 2261 ab
1282 2192 1440 2261 omnibus
1466 2191 1644 2264 laboribus
1672 2193 1759 2281 aliis,

210 2307 542 2399 contributionibus,
570 2309 761 2400 suffragiis,
788 2310 913 2399 dariis,
933 2306 1105 2404 porudbae
1139 2318 1175 2382 et
1202 2311 1472 2401 quibuscumque
1498 2313 1640 2383 tributis
1667 2312 1760 2385 ordi-

209 2433 314 2502 nariis
334 2438 370 2502 et
387 2431 689 2520 extraordinariis,
716 2433 826 2502 maior
849 2439 966 2502 autem
988 2453 1070 2521 pars
1088 2432 1192 2502 villae
1215 2432 1368 2521 pertinet
1391 2431 1435 2502 ad
1454 2433 1614 2503 abbatem
1633 2439 1669 2509 et
1687 2453 1759 2505 mo·
1856 2477 1862 2486 -

211 2553 402 2624 nasterium
430 2551 666 2641 Thyniciense.
710 2552 798 2623 Item
826 2552 977 2623 continat
1003 2552 1162 2642 praefata
1188 2552 1271 2622 vdla
1281 2607 1359 2622 .....
1364 2543 1377 2621 ”.
1388 2607 1501 2622 .......

310 2672 398 2743 Item
425 2671 622 2761 notandum,
651 2672 742 2762 quod
769 2674 976 2743 sanctuariis
1003 2673 1162 2743 villarum
1190 2672 1426 2763 praefatarum
1453 2673 1601 2744 dabatur
1628 2694 1670 2743 ex
1699 2675 1759 2745 do·
1866 2671 1869 2677 ⁴

208 2793 346 2864 natione
373 2793 594 2882 antiquorum
612 2813 732 2882 regum
751 2800 787 2863 et
805 2794 1000 2883 principum
1018 2792 1194 2882 Poloniae,
1221 2813 1264 2863 ex
1281 2794 1403 2883 zuppis
1422 2778 1696 2884 Wyeliceusibus
1723 2799 1760 2864 et

177 2938 179 2941 ·
207 2912 468 2984 Bochnensibns
499 2912 653 3002 lardum,
680 2913 842 3002 millium,
869 2914 994 3004 pisum,
1022 2913 1087 3002 sal,
1115 2913 1176 2984 sed
1203 2913 1330 2985 solutio
1357 2914 1444 2984 haec
1470 2919 1644 2986 vetustate
1671 2921 1758 2985 tem-

209 3033 302 3122 poris
329 3033 398 3103 iam
426 3033 606 3104 obsolevit.
832 3042 834 3050 '

311 3151 598 3242 Cunazovvrczu,
630 3157 729 3224 sexta
755 3152 941 3226 oculum
966 3153 1050 3224 villa
1076 3154 1253 3225 custodiae
1281 3152 1539 3244 cracoviensis,
1565 3154 1630 3225 sub
1657 3175 1760 3245 paro·

208 3274 286 3344 chia
317 3273 482 3344 ecclesiae
514 3272 556 3344 de
584 3272 679 3365 Gay
696 3274 796 3362 sita,
829 3273 877 3346 ibi
903 3295 993 3345 unus
1024 3276 1160 3346 cmetho
1191 3274 1324 3345 babens
1356 3273 1576 3346 sufficientes
1593 3295 1696 3365 agros
1723 3280 1761 3345 et

210 3399 331 3483 prata,
359 3393 417 3483 qui
445 3415 513 3464 non
541 3400 760 3484 computatur
787 3395 822 3464 in
849 3415 993 3465 numero
1021 3394 1316 3484 sanctuariorum,
1347 3416 1410 3466 nec
1437 3396 1547 3466 servit
1573 3415 1637 3466 nec
1662 3395 1761 3466 mini-

208 3520 298 3585 strat
316 3515 480 3585 ecclesiae
499 3513 733 3604 Cracoviensi,
751 3515 842 3585 unde
865 3536 928 3586 uec
944 3515 1133 3605 participat
1151 3537 1228 3587 cum
1246 3516 1467 3605 sanctuariiS,
1486 3496 1545 3606 qui
1563 3536 1626 3605 pro
1645 3515 1759 3586 annuo

207 3655 311 3709 ceusu
330 3634 434 3705 solvit
452 3634 629 3705 custodiae
648 3633 868 3704 Cracoviensi
887 3655 989 3704 unam
1009 3654 1226 3724 sexagenam,
1247 3635 1291 3705 ab
1306 3635 1463 3706 omnibus
1478 3633 1646 3721 servitiis,
1663 3632 1759 3704 labo-

111 3743 112 3746 *
206 3754 317 3843 ribus,
335 3754 491 3843 tributis,
511 3750 682 3847 porurllaa
704 3759 740 3824 et
758 3754 1027 3843 quibuscumque
1050 3753 1158 3823 duciis
1181 3753 1283 3842 liber,
1311 3754 1442 3824 habens
1468 3752 1584 3841 aliqua
1607 3752 1760 3842 virgulta

207 3882 243 3945 et
260 3875 461 3971 piscinulas,
484 3876 519 3943 in
539 3873 606 3963 quo
624 3873 700 3944 loco
720 3874 888 3945 asseritur
907 3872 1078 3964 quondam
1104 3872 1210 3944 fuisse
1228 3871 1407 3962 praedium
1435 3872 1612 3944 custodiae
1634 3872 1759 3944 Gracu-

208 3996 345 4066 viensis.
387 3996 475 4066 Item
502 3994 563 4065 alii
584 3992 677 4065 lanei
704 4000 740 4065 et
762 3994 838 4084 agri
862 3993 1013 4065 eiusdem
1041 3993 1144 4064 villae
1176 3993 1354 4082 pertinent
1376 3992 1420 4063 ad
1437 3993 1630 4065 Iohannem
1658 3994 1761 4066 Ska-

208 4117 395 4207 wynsky
422 4116 465 4186 de
492 4107 826 4207 domoDolywa,
854 4116 937 4186 item
965 4113 1236 4185 confinatdicta
1263 4113 1449 4185 villacum
1485 4110 1761 4208 Bliczynlra,

207 4236 460 4329 Mugilany,
487 4235 730 4307 Kulerzow
758 4241 793 4306 et
820 4236 1047 4325 Bulrovvye
1075 4241 1111 4305 et
1138 4234 1421 4326 Korabinlry.

309 4356 559 4447 Znavaazovv,
586 4358 670 4429 villa
689 4358 843 4449 episcopi
862 4356 1117 4446 Cracoviensis,
1145 4356 1210 4428 sub
1228 4358 1393 4447 parocbia
1420 4357 1584 4428 ecclesiae
1607 4358 1650 4428 de
1668 4357 1760 4429 Wa-

208 4499 531 4578 wrzynczpcze
567 4480 652 4567 sita,
688 4479 723 4550 in
751 4499 819 4568 qua
845 4499 951 4548 unum
977 4478 1115 4548 laneum
1142 4479 1391 4550 cmetbonalem
1420 4484 1625 4568 perpetuum
1652 4478 1760 4549 babet

208 4599 366 4698 custodia
384 4597 633 4688 Cracoviensis,
660 4601 719 4690 qui
736 4621 800 4689 pro
819 4599 937 4670 labore
961 4604 997 4670 et
1014 4620 1077 4689 pro
1097 4620 1201 4671 censu
1220 4601 1324 4673 solvit
1342 4601 1519 4672 custodiae
1540 4597 1760 4670 Gracoviensi

207 4740 311 4820 unam
337 4730 498 4808 marcam,
525 4718 674 4790 decimat
701 4726 816 4791 autem
843 4720 886 4791 de
914 4741 998 4810 agro
1026 4720 1155 4791 eodem.

291 4838 488 4911 'Cerdones
515 4837 778 4929 Cracovienses,
806 4845 887 4911 ante
915 4841 1050 4912 valvam
1077 4847 1234 4912 sutorum
1262 4841 1325 4912 sub
1344 4839 1510 4930 parochia
1536 4838 1654 4909 Sancti
1683 4836 1760 4909 Ste-

207 4961 314 5051 phani
341 4961 413 5049 siti,
441 4960 618 5032 censuales
645 4966 726 5031 sunt
752 4967 896 5050 propter
923 4981 1022 5032 areas
1050 4967 1086 5032 et
1103 4963 1234 5050 hortos,
1262 4961 1297 5031 iu
1325 4960 1449 5051 quibus
1477 4957 1617 5046 sedent,
1644 4963 1760 5030 custo-

10 5137 16 5144 .
94 5115 98 5119 ·
207 5080 285 5152 diae
304 5079 525 5152 Cracoviensi
552 5079 665 5151 dando
684 5101 822 5152 censum
841 5062 1036 5153 huiusmodi
1055 5081 1190 5153 inlatis
1208 5081 1339 5171 grossis
1357 5078 1605 5170 pragensibus,
1625 5085 1662 5149 et
1680 5084 1761 5151 sunt

207 5201 332 5292 viginti
360 5201 449 5272 duae
476 5222 579 5272 areae
607 5203 642 5272 in
669 5223 812 5274 numero
839 5209 876 5274 et
892 5203 1039 5275 totidem
1065 5203 1174 5290 horti,
1202 5219 1288 5292 quas
1315 5206 1351 5271 et
1377 5202 1463 5290 quo‘s
1490 5219 1534 5270 ex
1551 5200 1688 5271 nomine
1716 5200 1760 5271 ad

205 5320 402 5400 futurorum
424 5323 625 5394 memoriam
647 5324 917 5396 conservandam
944 5323 1042 5397 etad
1065 5341 1201 5395 omnem
1223 5319 1476 5396 dubitationem
1497 5318 1760 5399 rescindendam
1790 5331 1792 5335 ’
1860 5308 1862 5315 ’

209 5447 377 5514 annotare
404 5444 541 5514 curavi:
