4050 6054
807 614 1011 731 ,Decimae
1043 581 1337 724 manipulares.
1454 611 1458 617 ’

398 838 523 930 Pnnw,
549 838 632 911 villa
658 840 722 912 sub
749 840 915 930 parochia
941 841 1105 913 ecclesiae
1132 841 1174 911 de
1202 840 1523 912 Charzeuieze
1550 842 1626 931 sita,
1645 841 1742 914 cuius
1759 862 1844 933 pro·

293 961 424 1050 prietas
459 960 503 1030 ad
535 959 805 1033 illustrissimum
831 961 996 1033 Poloniao
1022 982 1140 1051 regem
1166 962 1333 1050 pertinet,
1368 962 1404 1030 in
1432 982 1500 1051 qua
1526 967 1607 1032 sunt
1631 958 1724 1033 lanei
1749 983 1844 1035 cme·
1870 1003 1872 1009 ·

293 1068 476 1170 thonales;'
497 1083 580 1152 item
606 1082 696 1152 lanei
724 1083 871 1171 scolteti,
890 1084 973 1153 item
991 1103 1061 1152 una
1078 1083 1223 1152 taberna
1241 1082 1378 1176 habens
1391 1102 1503 1171 agros,
1522 1083 1604 1153 item
1621 1083 1844 1156 horbrlaniae

293 1200 461 1273 habentes
487 1223 600 1292 agros
629 1203 671 1273 de
698 1203 822 1292 quibus
850 1204 1008 1274 omnibus
1035 1202 1182 1273 soluitur
1208 1202 1342 1291 decima
1359 1202 1583 1291 manipularis
1602 1204 1855 1279 antummodo

203 1342 206 1349 ·
292 1320 512 1412 praebendae
554 1323 752 1412 Turebska,
789 1329 824 1392 et
858 1324 987 1394 ducunt
1023 1343 1098 1393 earu
1135 1324 1334 1393 cmethones
1369 1322 1405 1392 in
1438 1322 1610 1393 horreum·
1628 1344 1649 1394 a
1664 1325 1844 1400 ‚canonieo

291 1442 475 1514 locandum
502 1438 537 1515 et
563 1444 660 1513 valor
687 1445 761 1514 eius
789 1445 993 1514 aestimatur
1019 1443 1063 1513 ad
1091 1444 1241 1533 quinque
1268 1462 1424 1532 marcas3
1450 1443 1534 1514 item
1553 1443 1720 1515 decimam
1738 1460 1844 1517 caua·
1873 1513 1875 1517 ,
2003 1519 2009 1530 ,

292 1563 405 1653 palem
432 1585 500 1634 non
527 1565 674 1654 solvunt,
700 1565 784 1635 item
812 1564 991 1654 praedium
1018 1566 1153 1653 regium
1180 1585 1248 1634 non
1276 1564 1393 1634 estin
1421 1564 1541 1634 eadem
1567 1565 1659 1635 villa.

396 1681 593 1773 Prncuow,
611 1684 694 1754 villa
708 1686 772 1755 snb
786 1685 951 1774 parochia
970 1684 1133 1755 eeclesiae
1148 1684 1192 1754 de
1210 1682 1533 1755 Charzsuicze
1551 1685 1627 1775 sita,
1646 1685 1743 1756 cuius
1755 1685 1842 1758 llae-

292 1823 350 1873 res
368 1802 494 1874 nobilis
520 1803 826 1893 Rosztowsky
853 1804 895 1874 de
923 1805 1028 1874 armis
1047 1857 1181 1892 ......
1209 1804 1246 1872 in
1274 1824 1341 1893 qua
1368 1809 1449 1874 sunt
1475 1804 1567 1873 lanei
1594 1805 1841 1898 emethonales,

294 1924 336 1994 de
364 1924 487 2014 quibus
516 1924 648 1995 decirna
674 1925 899 2014 manipularis
917 1931 953 1996 et
970 1946 1035 2015 per
1052 1931 1202 2014 quatuor
1219 1924 1358 2015 ierugas
1377 1924 1552 2014 oanapalis
1575 1926 1721 1996 solvitur
1739 1947 1843 2017 prae·

292 2044 424 2114 bendae
440 2044 654 2133 Thurebska,
673 2052 709 2115 et
728 2045 857 2116 ducunt
874 2066 951 2116 eam
969 2046 1168 2115 cmethones
1186 2045 1223 2115 in
1241 2045 1405 2115 horreum
1424 2066 1445 2114 a
1465 2046 1629 2116 canonico
1655 2046 1842 2119 locandmn

292 2171 328 2234 et
354 2165 452 2237 valor
479 2166 553 2237 eius
580 2166 783 2237 aestimatur
810 2167 854 2236 ad
882 2187 983 2237 unam
1012 2185 1227 2255 sexagenum.
1254 2165 1342 2236 Item
1369 2166 1516 2236 taberna
1542 2186 1620 2255 una,
1646 2167 1743 2238 item·
1757 2168 1842 2241 hor·

291 2285 413 2374 tulani,
439 2286 522 2357 item
549 2286 693 2375 praedia
719 2287 897 2375 militaria,
924 2287 968 2357 de
994 2287 1118 2376 quibus
1146 2287 1279 2357 decima
1304 2285 1529 2376 manipularis
1557 2285 1705 2359 solvitur
1730 2289 1843 2362 eucle-

294 2405 368 2481 siae
391 2407 583 2496 parochiali
609 2408 645 2479 in
673 2405 1002 2478 Charzewicze.

396 2525 606 2619 Pazanaue,
634 2529 716 2599 villa
733 2529 797 2601 sub
814 2529 979 2619 parochia
1000 2527 1165 2600 ecclesiae
1192 2528 1234 2598 de
1262 2526 1583 2599 Obarzewicze
1610 2529 1688 2619 sita,
1715 2529 1752 2600 ιιι
1769 2550 1857 2623 (χιιι,

291 2647 457 2723 haeredes
484 2655 566 2720 sunt
592 2649 676 2720 Pet
660 2655 761 2720 trus
789 2657 825 2721 et
851 2648 1026 2721 Swider
1053 2648 1096 2719 de
1123 2649 1230 2720 armis
1249 2702 1445 2738 ........
1480 2649 1517 2719 in
1545 2669 1614 2738 qua
1640 2656 1721 2721 sunt
1747 2650 1857 2723 lanei.

293 2769 542 2859 umethonales,
579 2771 664 2841 item
690 2791 758 2841 una
784 2771 930 2843 taberna
961 2770 1093 2841 habens
1121 2791 1242 2860 agros,
1278 2770 1473 2860 dequibus
1508 2771 1667 2842 omnibus
1692 2770 1859 2846 solvitur-¹

290 2889 429 2961 decima
449 2892 675 2981 manipularis
702 2898 738 2962 et
764 2913 827 2982 per
853 2892 1037 2982 quatuor
1028 2912 1166 2981 rerugas
1194 2890 1383 2980 canapalis
1396 2911 1462 2980 pro
1472 2891 1680 2981 praebenda
1705 2881 1843 2965 Sando-

276 3010 447 3085 miriensi
472 3012 663 3102 Turebslra,
690 3019 726 3084 et
710 3012 887 3084 ttducun
865 3017 973 3083 team
1001 3019 1090 3083 emet
1075 3012 1235 3083 t·hones'
1225 3034 1261 3082 m
1288 3012 1452 3082 horreum
1478 3032 1500 3082 a
1526 3013 1689 3083 canonino
1723 3013 1844 3087 Ionan

240 3158 243 3163 ·
290 3130 434 3211 dumet
459 3133 557 3207 valor
583 3134 658 3209 eius
686 3133 892 3207 aestimatur
918 3133 963 3204 ad
981 3153 1085 3203 unam
1110 3152 1273 3204 mmcam.
1299 3132 1388 3204 Item
1414 3132 1642 3222 hortulaniae,
1668 3134 1752 3205 item
1769 3133 1842 3208 duo

290 3257 371 3322 sunt
398 3252 447 3323 ibi
472 3253 616 3343 praedia
642 3252 815 3343 militaria,
843 3273 930 3343 quae
958 3253 1098 3326 solvunt
1125 3252 1292 3324 decimam
1319 3252 1569 3343 manipularem
1595 3254 1841 3345 ecclesiaopa*

289 3370 436 3455 roobiali
462 3374 500 3445 in
526 3372 859 3446 Charaeuicze.

393 3493 596 3585 Znuzscza,
624 3495 707 3566 villa
733 3497 796 3567 sub
824 3495 988 3587 parochia
1015 3495 1178 3568 ecclesiae
1206 3495 1248 3566 de
1266 3493 1610 3566 Raezslawicze
1637 3495 1713 3585 sita,
1740 3495 1840 3569 cuius

288 3615 486 3705 proprietas
513 3616 557 3686 ad
584 3616 858 3689 illustrissimum
884 3616 1050 3689 Poloniae
1077 3637 1195 3706 regem
1220 3617 1383 3707 pertinet,
1410 3616 1532 3706 inqua
1554 3616 1621 3688 etsi
1647 3621 1729 3687 sunt
1747 3634 1850 3689 eme-1
1955 3654 1966 3671 ·

288 3736 413 3809 thonas
431 3744 467 3808 et
485 3737 728 3809 tabernatores
754 3738 923 3810 habentes
951 3760 1053 3828 agros
1080 3737 1221 3828 amplos,
1250 3758 1336 3827 quos
1363 3736 1482 3809 colunt
1499 3742 1537 3808 et
1554 3743 1656 3808 arant
1674 3742 1710 3807 et
1727 3758 1839 3810 noros

288 3857 358 3929 illis
385 3857 603 3947 adiungendo
630 3858 823 3949 cntnpant,
859 3880 928 3931 non
954 3860 1093 3931 solvunt
1129 3865 1245 3930 tamen
1281 3857 1448 3930 decimam
1483 3857 1749 3948 manipularem,
1776 3859 1843 3932 sed·

289 3998 332 4048 ex
346 3977 606 4059 ¹consuetudine
632 3979 752 4069 veteri,
779 4000 897 4052 omnes
924 3979 1037 4051 coloni
1063 3987 1107 4050 et·
1125 3979 1259 4051 incolae
1272 3978 1389 4049 'villae
1416 3976 1595 4068 praefatae
1622 3999 1686 4070 pro
1704 3979 1840 4052 decima

288 4097 427 4171 solvunt
462 4100 657 4172 summatim
683 4098 901 4189 praebendae
929 4099 1135 4172 Thurebska
1161 4099 1341 4172 duodecim
1369 4120 1475 4171 urnas
1501 4100 1614 4172 mellis
1640 4100 1748 4190 crudi,
1775 4106 1860 4174 aut-

289 4238 408 4293 earum
434 4220 596 4292 valorem.
622 4221 711 4292 Item
738 4243 807 4294 nou
834 4228 888 4293 est
914 4222 963 4292 ibi
991 4222 1129 4312 aliquod
1157 4221 1337 4311 praedium
1363 4221 1508 4311 regium.

391 4342 543 4431 Danas,
569 4342 652 4414 nilla
678 4344 741 4414 sub
769 4343 936 4433 parochia
961 4342 1125 4417 ecclesIae
1152 4342 1195 4413 de
1222 4340 1397 4412 Maiori
1424 4342 1602 4415 Bedlnu
1628 4343 1712 4434 sita,
1739 4344 1838 4416 errius

288 4463 411 4536 haeres
437 4462 614 4536 lohannes
649 4463 882 4535 Lithwosz
911 4464 953 4537 de
981 4464 1087 4536 armis
1120 4460 1373 4555 Grzimala,
1408 4462 1444 4534 ιιι
1472 4485 1541 4554 qua
1566 4463 1658 4536 lanei
1684 4464 1838 4538 ematho-
1952 4564 1958 4569 ·

197 4584 203 4594 “
287 4582 402 4671 uales,
439 4583 632 4675 dequibus
664 4589 701 4654 et
728 4584 953 4676 manipularis
988 4591 1025 4655 et
1060 4583 1235 4675 canapaliS
1257 4583 1403 4654 dealma
1438 4582 1586 4656 solvitur
1618 4584 1838 4676 praebendae

287 4703 477 4794 Tmcbska,
504 4704 601 4777 cuius
629 4704 726 4776 valor
753 4705 956 4778 aestimatur
973 4705 1018 4779 ad
1035 4711 1109 4777 tres
1127 4725 1271 4778 mareas.
1297 4705 1387 4776 Item
1413 4703 1592 4797 praedium
1618 4705 1766 4799 unicum,
1793 4706 1861 4781 dar

289 4846 356 4915 quo
384 4825 517 4897 decima
543 4825 690 4897 solvitur
717 4825 881 4898 ecclesiae
908 4827 944 4897 in
962 4825 1327 4918 -S'cbidlowyecn
1649 4838 1653 4845 ’

390 4945 630 5039 Mrsnrnoaz,
649 4946 740 5030 ,villa
766 4948 830 5020 sub
856 4949 1023 5039 parochia
1049 4949 1213 5021 ccclesiae
1239 4948 1275 5020 iu
1301 4948 1494 5021 Zarnou
1518 4949 1605 5040 sita,
1627 4949 1860 5025 nnius-hae·-

286 5088 343 5138 res
378 5066 554 5140 lohannes
591 5065 889 5161 Giszyczsky,
924 5069 1051 5141 nobilis
1087 5069 1130 5142 de
1167 5070 1273 5177 armis
1308 5066 1552 5161 Gosdaua,
1586 5071 1622 5142 iu
1650 5090 1719 5163 qua
1754 5079 1858 5147 sunt·-

288 5192 437 5277 quatuor
462 5188 555 5261 lanei
577 5189 819 5280 emethonaleS,
846 5189 889 5261 de
909 5191 1032 5281 quibus
1051 5190 1154 5262 datur
1173 5190 1305 5262 decima
1321 5191 1547 5284 manipularis
1565 5211 1703 5265 mensae
1722 5193 1835 5266 archi-

288 5307 475 5402 episcopali
492 5307 698 5385 Gnezneusi.
721 5310 810 5387 Item
828 5317 909 5387 sunt
927 5312 987 5385 alii
1004 5312 1096 5388 lanei
1113 5313 1356 5406 emethonales,
1375 5313 1418 5389 de
1437 5313 1562 5407 quibus
1581 5311 1835 5389 datnr'deeima
