<?xml version="1.0" encoding="UTF-8"?>
<!DOCTYPE html PUBLIC "-//W3C//DTD XHTML 1.0 Transitional//EN"
    "http://www.w3.org/TR/xhtml1/DTD/xhtml1-transitional.dtd">
<html xmlns="http://www.w3.org/1999/xhtml" xml:lang="en" lang="en">
 <head>
  <title>
</title>
<meta http-equiv="Content-Type" content="text/html;charset=utf-8" />
  <meta name='ocr-system' content='tesseract 3.04.00' />
  <meta name='ocr-capabilities' content='ocr_page ocr_carea ocr_par ocr_line ocrx_word'/>
</head>
<body>
  <div class='ocr_page' id='page_1' title='image "./joannisdugoszse00dugoog_0381.png"; bbox 0 0 4050 6054; ppageno 0'>
   <div class='ocr_carea' id='block_1_1' title="bbox 236 370 308 445">
    <p class='ocr_par' dir='ltr' id='par_1_1' title="bbox 236 370 308 445">
     <span class='ocr_line' id='line_1_1' title="bbox 236 370 308 445; baseline 0.014 -1"><span class='ocrx_word' id='word_1_1' title='bbox 236 370 308 445; x_wconf 79' lang='lat'>352</span> 
     </span>
    </p>
   </div>
   <div class='ocr_carea' id='block_1_2' title="bbox 230 574 1786 4409">
    <p class='ocr_par' dir='ltr' id='par_1_2' title="bbox 234 574 1785 1028">
     <span class='ocr_line' id='line_1_2' title="bbox 234 574 1783 667; baseline -0.001 -18"><span class='ocrx_word' id='word_1_2' title='bbox 234 578 284 649; x_wconf 91' lang='lat' dir='ltr'>ibi</span> <span class='ocrx_word' id='word_1_3' title='bbox 311 597 380 649; x_wconf 92' lang='lat' dir='ltr'>una</span> <span class='ocrx_word' id='word_1_4' title='bbox 404 578 550 649; x_wconf 77' lang='lat' dir='ltr'>taberna</span> <span class='ocrx_word' id='word_1_5' title='bbox 583 578 716 649; x_wconf 90' lang='lat' dir='ltr'>habens</span> <span class='ocrx_word' id='word_1_6' title='bbox 752 597 873 667; x_wconf 86' lang='lat' dir='ltr'>agros,</span> <span class='ocrx_word' id='word_1_7' title='bbox 908 576 993 647; x_wconf 92' lang='lat' dir='ltr'>item</span> <span class='ocrx_word' id='word_1_8' title='bbox 1020 575 1108 647; x_wconf 88' lang='lat' dir='ltr'>duae</span> <span class='ocrx_word' id='word_1_9' title='bbox 1138 574 1360 647; x_wconf 90' lang='lat' dir='ltr'>hortulaniae</span> <span class='ocrx_word' id='word_1_10' title='bbox 1393 575 1563 649; x_wconf 86' lang='lat' dir='ltr'>habentes</span> <span class='ocrx_word' id='word_1_11' title='bbox 1588 594 1711 667; x_wconf 80' lang='lat' dir='ltr'>agros,</span> <span class='ocrx_word' id='word_1_12' title='bbox 1737 575 1783 647; x_wconf 91' lang='lat' dir='ltr'>de</span> 
     </span>
     <span class='ocr_line' id='line_1_3' title="bbox 235 695 1785 798; baseline -0.001 -30"><span class='ocrx_word' id='word_1_13' title='bbox 235 698 359 787; x_wconf 92' lang='lat' dir='ltr'>quibus</span> <span class='ocrx_word' id='word_1_14' title='bbox 386 698 544 769; x_wconf 89' lang='lat' dir='ltr'>omnibns</span> <span class='ocrx_word' id='word_1_15' title='bbox 570 697 719 768; x_wconf 86' lang='lat' dir='ltr'>solvitur</span> <span class='ocrx_word' id='word_1_16' title='bbox 744 695 878 768; x_wconf 87' lang='lat' dir='ltr'>decima</span> <span class='ocrx_word' id='word_1_17' title='bbox 895 696 1120 787; x_wconf 79' lang='lat' dir='ltr'><strong>manipularis</strong></span> <span class='ocrx_word' id='word_1_18' title='bbox 1147 696 1364 786; x_wconf 78' lang='lat' dir='ltr'>praebendae</span> <span class='ocrx_word' id='word_1_19' title='bbox 1386 695 1579 798; x_wconf 81' lang='lat' dir='ltr'>Turebslra3</span> <span class='ocrx_word' id='word_1_20' title='bbox 1604 695 1689 769; x_wconf 86' lang='lat' dir='ltr'>item</span> <span class='ocrx_word' id='word_1_21' title='bbox 1705 696 1785 767; x_wconf 93' lang='lat' dir='ltr'>uni-</span> 
     </span>
     <span class='ocr_line' id='line_1_4' title="bbox 235 794 1785 909; baseline 0 -21"><span class='ocrx_word' id='word_1_22' title='bbox 235 837 312 889; x_wconf 88' lang='lat' dir='ltr'>cum</span> <span class='ocrx_word' id='word_1_23' title='bbox 338 817 518 908; x_wconf 80' lang='lat' dir='ltr'>praedium</span> <span class='ocrx_word' id='word_1_24' title='bbox 544 818 705 908; x_wconf 86' lang='lat' dir='ltr'>militare,</span> <span class='ocrx_word' id='word_1_25' title='bbox 732 816 775 889; x_wconf 89' lang='lat' dir='ltr'>de</span> <span class='ocrx_word' id='word_1_26' title='bbox 802 838 870 908; x_wconf 86' lang='lat' dir='ltr'>quo</span> <span class='ocrx_word' id='word_1_27' title='bbox 897 817 1046 889; x_wconf 84' lang='lat' dir='ltr'>solvitur</span> <span class='ocrx_word' id='word_1_28' title='bbox 1072 817 1205 888; x_wconf 87' lang='lat' dir='ltr'>decima</span> <span class='ocrx_word' id='word_1_29' title='bbox 1229 817 1457 908; x_wconf 75' lang='lat' dir='ltr'>manipularis</span> <span class='ocrx_word' id='word_1_30' title='bbox 1483 794 1690 889; x_wconf 74' lang='lat' dir='ltr'>ecelesiae</span> <span class='ocrx_word' id='word_1_31' title='bbox 1678 836 1785 909; x_wconf 87' lang='lat' dir='ltr'>paro·</span> 
     </span>
     <span class='ocr_line' id='line_1_5' title="bbox 234 937 653 1028; baseline 0.005 -21"><span class='ocrx_word' id='word_1_32' title='bbox 234 937 372 1008; x_wconf 87' lang='lat' dir='ltr'>chiali</span> <span class='ocrx_word' id='word_1_33' title='bbox 362 960 399 1009; x_wconf 91' lang='lat' dir='ltr'>nr</span> <span class='ocrx_word' id='word_1_34' title='bbox 425 937 653 1028; x_wconf 75' lang='grc' dir='ltr'>ΚοιιεΙι)ε.</span> 
     </span>
    </p>

    <p class='ocr_par' dir='ltr' id='par_1_3' title="bbox 233 1042 1786 1971">
     <span class='ocr_line' id='line_1_6' title="bbox 335 1042 1786 1148; baseline 0.002 -21"><span class='ocrx_word' id='word_1_35' title='bbox 335 1057 599 1148; x_wconf 79' lang='lat' dir='ltr'>Kourscuowr,</span> <span class='ocrx_word' id='word_1_36' title='bbox 625 1058 710 1128; x_wconf 88' lang='lat' dir='ltr'>villa</span> <span class='ocrx_word' id='word_1_37' title='bbox 737 1058 801 1128; x_wconf 92' lang='lat' dir='ltr'>sub</span> <span class='ocrx_word' id='word_1_38' title='bbox 819 1059 985 1147; x_wconf 85' lang='lat' dir='ltr'>parochia</span> <span class='ocrx_word' id='word_1_39' title='bbox 1012 1057 1178 1129; x_wconf 87' lang='lat' dir='ltr'>ecclesiae</span> <span class='ocrx_word' id='word_1_40' title='bbox 1205 1057 1248 1129; x_wconf 89' lang='lat' dir='ltr'>de</span> <span class='ocrx_word' id='word_1_41' title='bbox 1274 1057 1452 1129; x_wconf 92' lang='lat' dir='ltr'>Bedlno</span> <span class='ocrx_word' id='word_1_42' title='bbox 1477 1058 1557 1147; x_wconf 73' lang='lat' dir='ltr'>sita,</span> <span class='ocrx_word' id='word_1_43' title='bbox 1583 1042 1682 1141; x_wconf 75' lang='lat' dir='ltr'>euius</span> <span class='ocrx_word' id='word_1_44' title='bbox 1697 1057 1786 1130; x_wconf 87' lang='lat' dir='ltr'>hae</span> 
     </span>
     <span class='ocr_line' id='line_1_7' title="bbox 234 1176 1782 1269; baseline 0.001 -21"><span class='ocrx_word' id='word_1_45' title='bbox 234 1198 290 1249; x_wconf 91' lang='lat' dir='ltr'>res</span> <span class='ocrx_word' id='word_1_46' title='bbox 325 1176 670 1250; x_wconf 86' lang='lat' dir='ltr'>Strambossins</span> <span class='ocrx_word' id='word_1_47' title='bbox 706 1177 749 1247; x_wconf 89' lang='lat' dir='ltr'>de</span> <span class='ocrx_word' id='word_1_48' title='bbox 776 1179 882 1247; x_wconf 91' lang='lat' dir='ltr'>armis</span> <span class='ocrx_word' id='word_1_49' title='bbox 917 1177 1198 1268; x_wconf 79' lang='lat' dir='ltr'>wyenrawa,</span> <span class='ocrx_word' id='word_1_50' title='bbox 1234 1178 1270 1247; x_wconf 93' lang='lat' dir='ltr'>in</span> <span class='ocrx_word' id='word_1_51' title='bbox 1298 1199 1367 1268; x_wconf 88' lang='lat' dir='ltr'>qua</span> <span class='ocrx_word' id='word_1_52' title='bbox 1393 1183 1476 1249; x_wconf 87' lang='lat' dir='ltr'>sunt</span> <span class='ocrx_word' id='word_1_53' title='bbox 1511 1178 1663 1269; x_wconf 85' lang='lat' dir='ltr'>quinque</span> <span class='ocrx_word' id='word_1_54' title='bbox 1687 1178 1782 1250; x_wconf 86' lang='lat' dir='ltr'>lanei</span> 
     </span>
     <span class='ocr_line' id='line_1_8' title="bbox 234 1297 1784 1388; baseline 0 -18"><span class='ocrx_word' id='word_1_55' title='bbox 234 1297 478 1387; x_wconf 78' lang='lat' dir='ltr'>emethonales,</span> <span class='ocrx_word' id='word_1_56' title='bbox 503 1299 588 1369; x_wconf 92' lang='lat' dir='ltr'>item</span> <span class='ocrx_word' id='word_1_57' title='bbox 614 1317 685 1369; x_wconf 91' lang='lat' dir='ltr'>una</span> <span class='ocrx_word' id='word_1_58' title='bbox 709 1297 911 1368; x_wconf 82' lang='lat' dir='ltr'>hortularia</span> <span class='ocrx_word' id='word_1_59' title='bbox 936 1298 1068 1368; x_wconf 91' lang='lat' dir='ltr'>babens</span> <span class='ocrx_word' id='word_1_60' title='bbox 1095 1318 1207 1387; x_wconf 81' lang='lat' dir='ltr'>agros,</span> <span class='ocrx_word' id='word_1_61' title='bbox 1235 1297 1426 1388; x_wconf 91' lang='lat' dir='ltr'>dequibus</span> <span class='ocrx_word' id='word_1_62' title='bbox 1451 1298 1611 1369; x_wconf 87' lang='lat' dir='ltr'>ommhus</span> <span class='ocrx_word' id='word_1_63' title='bbox 1636 1297 1784 1370; x_wconf 81' lang='lat' dir='ltr'>solvitur</span> 
     </span>
     <span class='ocr_line' id='line_1_9' title="bbox 234 1415 1782 1510; baseline -0.001 -19"><span class='ocrx_word' id='word_1_64' title='bbox 234 1417 367 1491; x_wconf 78' lang='lat' dir='ltr'>decima</span> <span class='ocrx_word' id='word_1_65' title='bbox 392 1418 619 1508; x_wconf 85' lang='lat' dir='ltr'>manipularis</span> <span class='ocrx_word' id='word_1_66' title='bbox 645 1424 681 1488; x_wconf 92' lang='lat' dir='ltr'>et</span> <span class='ocrx_word' id='word_1_67' title='bbox 706 1438 770 1507; x_wconf 93' lang='lat' dir='ltr'>per</span> <span class='ocrx_word' id='word_1_68' title='bbox 797 1423 946 1508; x_wconf 86' lang='lat' dir='ltr'>quatuor</span> <span class='ocrx_word' id='word_1_69' title='bbox 972 1419 1111 1508; x_wconf 85' lang='lat' dir='ltr'>ierugas</span> <span class='ocrx_word' id='word_1_70' title='bbox 1138 1419 1314 1508; x_wconf 86' lang='lat' dir='ltr'>canapalis</span> <span class='ocrx_word' id='word_1_71' title='bbox 1339 1418 1558 1509; x_wconf 82' lang='lat' dir='ltr'>praebendae</span> <span class='ocrx_word' id='word_1_72' title='bbox 1584 1415 1782 1510; x_wconf 81' lang='lat' dir='ltr'>Turebsha‚</span> 
     </span>
     <span class='ocr_line' id='line_1_10' title="bbox 233 1537 1782 1612; baseline 0.001 -1"><span class='ocrx_word' id='word_1_73' title='bbox 233 1545 270 1610; x_wconf 89' lang='lat' dir='ltr'>et</span> <span class='ocrx_word' id='word_1_74' title='bbox 294 1537 427 1611; x_wconf 83' lang='lat' dir='ltr'>ducunt</span> <span class='ocrx_word' id='word_1_75' title='bbox 451 1559 527 1610; x_wconf 90' lang='lat' dir='ltr'>eanr</span> <span class='ocrx_word' id='word_1_76' title='bbox 562 1538 762 1610; x_wconf 86' lang='lat' dir='ltr'>emethones</span> <span class='ocrx_word' id='word_1_77' title='bbox 797 1539 834 1608; x_wconf 93' lang='lat' dir='ltr'>in</span> <span class='ocrx_word' id='word_1_78' title='bbox 859 1539 1023 1609; x_wconf 89' lang='lat' dir='ltr'>horreum</span> <span class='ocrx_word' id='word_1_79' title='bbox 1049 1559 1072 1608; x_wconf 95' lang='lat' dir='ltr'>a</span> <span class='ocrx_word' id='word_1_80' title='bbox 1096 1541 1261 1611; x_wconf 83' lang='lat' dir='ltr'>canonico</span> <span class='ocrx_word' id='word_1_81' title='bbox 1297 1539 1478 1610; x_wconf 83' lang='lat' dir='ltr'>locandum</span> <span class='ocrx_word' id='word_1_82' title='bbox 1513 1545 1551 1611; x_wconf 87' lang='lat' dir='ltr'>et</span> <span class='ocrx_word' id='word_1_83' title='bbox 1575 1539 1675 1610; x_wconf 81' lang='lat' dir='ltr'>valor</span> <span class='ocrx_word' id='word_1_84' title='bbox 1706 1540 1782 1612; x_wconf 91' lang='lat' dir='ltr'>eius</span> 
     </span>
     <span class='ocr_line' id='line_1_11' title="bbox 233 1658 1784 1751; baseline 0.001 -20"><span class='ocrx_word' id='word_1_85' title='bbox 233 1658 438 1732; x_wconf 89' lang='lat' dir='ltr'>aestimatur</span> <span class='ocrx_word' id='word_1_86' title='bbox 464 1659 510 1730; x_wconf 94' lang='lat' dir='ltr'>ad</span> <span class='ocrx_word' id='word_1_87' title='bbox 535 1659 623 1730; x_wconf 91' lang='lat' dir='ltr'>duas</span> <span class='ocrx_word' id='word_1_88' title='bbox 648 1678 792 1730; x_wconf 85' lang='lat' dir='ltr'>marcas.</span> <span class='ocrx_word' id='word_1_89' title='bbox 818 1659 908 1730; x_wconf 90' lang='lat' dir='ltr'>lteur</span> <span class='ocrx_word' id='word_1_90' title='bbox 929 1661 1078 1730; x_wconf 88' lang='lat' dir='ltr'>taberna</span> <span class='ocrx_word' id='word_1_91' title='bbox 1103 1681 1173 1730; x_wconf 93' lang='lat' dir='ltr'>non</span> <span class='ocrx_word' id='word_1_92' title='bbox 1191 1661 1298 1730; x_wconf 88' lang='lat' dir='ltr'>estin</span> <span class='ocrx_word' id='word_1_93' title='bbox 1317 1660 1437 1732; x_wconf 90' lang='lat' dir='ltr'>eadem</span> <span class='ocrx_word' id='word_1_94' title='bbox 1462 1660 1555 1750; x_wconf 75' lang='lat' dir='ltr'>villa,</span> <span class='ocrx_word' id='word_1_95' title='bbox 1580 1660 1664 1731; x_wconf 85' lang='lat' dir='ltr'>item</span> <span class='ocrx_word' id='word_1_96' title='bbox 1680 1680 1784 1751; x_wconf 90' lang='lat' dir='ltr'>prae-</span> 
     </span>
     <span class='ocr_line' id='line_1_12' title="bbox 234 1777 1784 1872; baseline 0.001 -22"><span class='ocrx_word' id='word_1_97' title='bbox 234 1778 328 1851; x_wconf 92' lang='lat' dir='ltr'>dium</span> <span class='ocrx_word' id='word_1_98' title='bbox 345 1779 395 1851; x_wconf 94' lang='lat' dir='ltr'>ibi</span> <span class='ocrx_word' id='word_1_99' title='bbox 411 1780 550 1851; x_wconf 82' lang='lat' dir='ltr'>unicum</span> <span class='ocrx_word' id='word_1_100' title='bbox 574 1778 737 1869; x_wconf 89' lang='lat' dir='ltr'>militare,</span> <span class='ocrx_word' id='word_1_101' title='bbox 764 1777 809 1850; x_wconf 91' lang='lat' dir='ltr'>de</span> <span class='ocrx_word' id='word_1_102' title='bbox 827 1801 895 1870; x_wconf 87' lang='lat' dir='ltr'>quo</span> <span class='ocrx_word' id='word_1_103' title='bbox 913 1779 1061 1851; x_wconf 79' lang='lat' dir='ltr'>solvitur</span> <span class='ocrx_word' id='word_1_104' title='bbox 1086 1779 1220 1852; x_wconf 87' lang='lat' dir='ltr'>decima</span> <span class='ocrx_word' id='word_1_105' title='bbox 1245 1780 1471 1871; x_wconf 89' lang='lat' dir='ltr'>manipularis</span> <span class='ocrx_word' id='word_1_106' title='bbox 1497 1780 1663 1852; x_wconf 79' lang='lat' dir='ltr'>ecelesiae</span> <span class='ocrx_word' id='word_1_107' title='bbox 1679 1801 1784 1872; x_wconf 91' lang='lat' dir='ltr'>paro-</span> 
     </span>
     <span class='ocr_line' id='line_1_13' title="bbox 233 1898 613 1971; baseline -0.005 0"><span class='ocrx_word' id='word_1_108' title='bbox 233 1899 338 1971; x_wconf 87' lang='lat' dir='ltr'>ohiali</span> <span class='ocrx_word' id='word_1_109' title='bbox 363 1900 401 1971; x_wconf 95' lang='lat' dir='ltr'>in</span> <span class='ocrx_word' id='word_1_110' title='bbox 426 1898 613 1971; x_wconf 89' lang='lat' dir='ltr'>Bedlno.</span> 
     </span>
    </p>

    <p class='ocr_par' dir='ltr' id='par_1_4' title="bbox 231 2018 1785 2834">
     <span class='ocr_line' id='line_1_14' title="bbox 335 2018 1783 2112; baseline 0.003 -22"><span class='ocrx_word' id='word_1_111' title='bbox 335 2018 631 2109; x_wconf 60' lang='lat' dir='ltr'>Pramowrcza</span> <span class='ocrx_word' id='word_1_112' title='bbox 665 2020 749 2091; x_wconf 84' lang='lat' dir='ltr'>rilla</span> <span class='ocrx_word' id='word_1_113' title='bbox 775 2021 840 2091; x_wconf 90' lang='lat' dir='ltr'>suh</span> <span class='ocrx_word' id='word_1_114' title='bbox 867 2021 1033 2111; x_wconf 87' lang='lat' dir='ltr'>parochia</span> <span class='ocrx_word' id='word_1_115' title='bbox 1068 2021 1234 2092; x_wconf 84' lang='lat' dir='ltr'>eeclesiae</span> <span class='ocrx_word' id='word_1_116' title='bbox 1269 2020 1312 2092; x_wconf 94' lang='lat' dir='ltr'>de</span> <span class='ocrx_word' id='word_1_117' title='bbox 1345 2021 1538 2092; x_wconf 80' lang='lat' dir='ltr'>Zarnow</span> <span class='ocrx_word' id='word_1_118' title='bbox 1563 2022 1649 2112; x_wconf 86' lang='lat' dir='ltr'>sita,</span> <span class='ocrx_word' id='word_1_119' title='bbox 1684 2023 1783 2095; x_wconf 81' lang='lat' dir='ltr'>euius</span> 
     </span>
     <span class='ocr_line' id='line_1_15' title="bbox 231 2124 1782 2233; baseline 0.001 -22"><span class='ocrx_word' id='word_1_120' title='bbox 231 2139 358 2211; x_wconf 86' lang='lat' dir='ltr'>haeres</span> <span class='ocrx_word' id='word_1_121' title='bbox 383 2124 696 2230; x_wconf 75' lang='lat' dir='ltr'>Pasalrorrsky</span> <span class='ocrx_word' id='word_1_122' title='bbox 720 2140 765 2211; x_wconf 87' lang='lat' dir='ltr'>de</span> <span class='ocrx_word' id='word_1_123' title='bbox 791 2141 897 2212; x_wconf 89' lang='lat' dir='ltr'>aruris</span> <span class='ocrx_word' id='word_1_124' title='bbox 923 2140 1109 2233; x_wconf 79' lang='lat' dir='ltr'>Lelywa</span> <span class='ocrx_word' id='word_1_125' title='bbox 1135 2142 1271 2230; x_wconf 87' lang='lat' dir='ltr'>nobilis,</span> <span class='ocrx_word' id='word_1_126' title='bbox 1297 2143 1333 2212; x_wconf 94' lang='lat' dir='ltr'>in</span> <span class='ocrx_word' id='word_1_127' title='bbox 1352 2148 1670 2233; x_wconf 89' lang='lat' dir='ltr'>qnasuntseptem</span> <span class='ocrx_word' id='word_1_128' title='bbox 1687 2141 1782 2213; x_wconf 90' lang='lat' dir='ltr'>lanei</span> 
     </span>
     <span class='ocr_line' id='line_1_16' title="bbox 232 2260 1784 2354; baseline 0.001 -23"><span class='ocrx_word' id='word_1_129' title='bbox 232 2260 477 2350; x_wconf 85' lang='lat' dir='ltr'>emethonales,</span> <span class='ocrx_word' id='word_1_130' title='bbox 502 2260 546 2331; x_wconf 91' lang='lat' dir='ltr'>de</span> <span class='ocrx_word' id='word_1_131' title='bbox 573 2261 697 2350; x_wconf 88' lang='lat' dir='ltr'>quihus</span> <span class='ocrx_word' id='word_1_132' title='bbox 724 2261 872 2333; x_wconf 75' lang='lat' dir='ltr'>solvitur</span> <span class='ocrx_word' id='word_1_133' title='bbox 898 2261 1031 2332; x_wconf 83' lang='lat' dir='ltr'>decima</span> <span class='ocrx_word' id='word_1_134' title='bbox 1063 2262 1289 2353; x_wconf 88' lang='lat' dir='ltr'>manipularis</span> <span class='ocrx_word' id='word_1_135' title='bbox 1315 2270 1352 2333; x_wconf 93' lang='lat' dir='ltr'>et</span> <span class='ocrx_word' id='word_1_136' title='bbox 1377 2283 1441 2353; x_wconf 90' lang='lat' dir='ltr'>per</span> <span class='ocrx_word' id='word_1_137' title='bbox 1467 2270 1617 2354; x_wconf 84' lang='lat' dir='ltr'>quatuor</span> <span class='ocrx_word' id='word_1_138' title='bbox 1641 2263 1784 2353; x_wconf 77' lang='lat' dir='ltr'>ierugas</span> 
     </span>
     <span class='ocr_line' id='line_1_17' title="bbox 232 2381 1785 2472; baseline 0.001 -19"><span class='ocrx_word' id='word_1_139' title='bbox 232 2381 409 2472; x_wconf 82' lang='lat' dir='ltr'>canapalis</span> <span class='ocrx_word' id='word_1_140' title='bbox 443 2381 662 2472; x_wconf 86' lang='lat' dir='ltr'>praebendae</span> <span class='ocrx_word' id='word_1_141' title='bbox 689 2381 910 2472; x_wconf 74' lang='lat' dir='ltr'>Turebslrey,</span> <span class='ocrx_word' id='word_1_142' title='bbox 936 2390 973 2453; x_wconf 89' lang='lat' dir='ltr'>et</span> <span class='ocrx_word' id='word_1_143' title='bbox 1000 2382 1129 2454; x_wconf 89' lang='lat' dir='ltr'>ducunt</span> <span class='ocrx_word' id='word_1_144' title='bbox 1166 2404 1242 2454; x_wconf 92' lang='lat' dir='ltr'>earn</span> <span class='ocrx_word' id='word_1_145' title='bbox 1275 2384 1475 2455; x_wconf 85' lang='lat' dir='ltr'>emethones</span> <span class='ocrx_word' id='word_1_146' title='bbox 1508 2384 1544 2453; x_wconf 93' lang='lat' dir='ltr'>in</span> <span class='ocrx_word' id='word_1_147' title='bbox 1570 2383 1736 2455; x_wconf 91' lang='lat' dir='ltr'>horreum</span> <span class='ocrx_word' id='word_1_148' title='bbox 1763 2404 1785 2454; x_wconf 92' lang='lat' dir='ltr'>a</span> 
     </span>
     <span class='ocr_line' id='line_1_18' title="bbox 232 2501 1783 2595; baseline 0.001 -22"><span class='ocrx_word' id='word_1_149' title='bbox 232 2502 398 2573; x_wconf 83' lang='lat' dir='ltr'>canonico</span> <span class='ocrx_word' id='word_1_150' title='bbox 424 2501 607 2573; x_wconf 81' lang='lat' dir='ltr'>locandum</span> <span class='ocrx_word' id='word_1_151' title='bbox 634 2510 670 2573; x_wconf 89' lang='lat' dir='ltr'>et</span> <span class='ocrx_word' id='word_1_152' title='bbox 697 2503 795 2574; x_wconf 78' lang='lat' dir='ltr'>valor</span> <span class='ocrx_word' id='word_1_153' title='bbox 823 2504 1029 2576; x_wconf 89' lang='lat' dir='ltr'>aestimatur</span> <span class='ocrx_word' id='word_1_154' title='bbox 1054 2505 1129 2575; x_wconf 88' lang='lat' dir='ltr'>eius</span> <span class='ocrx_word' id='word_1_155' title='bbox 1156 2505 1200 2576; x_wconf 93' lang='lat' dir='ltr'>ad</span> <span class='ocrx_word' id='word_1_156' title='bbox 1224 2512 1301 2577; x_wconf 85' lang='lat' dir='ltr'>tres</span> <span class='ocrx_word' id='word_1_157' title='bbox 1327 2525 1472 2575; x_wconf 84' lang='lat' dir='ltr'>marcas.</span> <span class='ocrx_word' id='word_1_158' title='bbox 1506 2503 1596 2575; x_wconf 86' lang='lat' dir='ltr'>Item</span> <span class='ocrx_word' id='word_1_159' title='bbox 1621 2504 1783 2595; x_wconf 62' lang='lat' dir='ltr'>taberna</span> 
     </span>
     <span class='ocr_line' id='line_1_19' title="bbox 232 2622 1785 2717; baseline 0.001 -23"><span class='ocrx_word' id='word_1_160' title='bbox 232 2623 317 2694; x_wconf 86' lang='lat' dir='ltr'>item</span> <span class='ocrx_word' id='word_1_161' title='bbox 342 2622 529 2712; x_wconf 85' lang='lat' dir='ltr'>hortulani,</span> <span class='ocrx_word' id='word_1_162' title='bbox 554 2622 639 2695; x_wconf 91' lang='lat' dir='ltr'>item</span> <span class='ocrx_word' id='word_1_163' title='bbox 666 2624 846 2713; x_wconf 82' lang='lat' dir='ltr'>praedium</span> <span class='ocrx_word' id='word_1_164' title='bbox 872 2625 921 2696; x_wconf 94' lang='lat' dir='ltr'>ibi</span> <span class='ocrx_word' id='word_1_165' title='bbox 948 2625 1088 2696; x_wconf 91' lang='lat' dir='ltr'>unicum</span> <span class='ocrx_word' id='word_1_166' title='bbox 1113 2626 1275 2716; x_wconf 89' lang='lat' dir='ltr'>militare,</span> <span class='ocrx_word' id='word_1_167' title='bbox 1303 2625 1346 2696; x_wconf 90' lang='lat' dir='ltr'>de</span> <span class='ocrx_word' id='word_1_168' title='bbox 1372 2646 1440 2717; x_wconf 86' lang='lat' dir='ltr'>quo</span> <span class='ocrx_word' id='word_1_169' title='bbox 1466 2624 1601 2697; x_wconf 85' lang='lat' dir='ltr'>decima</span> <span class='ocrx_word' id='word_1_170' title='bbox 1625 2624 1785 2715; x_wconf 87' lang='lat' dir='ltr'>manipu-</span> 
     </span>
     <span class='ocr_line' id='line_1_20' title="bbox 231 2742 1190 2834; baseline 0.001 -18"><span class='ocrx_word' id='word_1_171' title='bbox 231 2742 316 2816; x_wconf 87' lang='lat' dir='ltr'>laris</span> <span class='ocrx_word' id='word_1_172' title='bbox 342 2743 490 2815; x_wconf 82' lang='lat' dir='ltr'>solvitur</span> <span class='ocrx_word' id='word_1_173' title='bbox 516 2744 682 2815; x_wconf 81' lang='lat' dir='ltr'>eeclesiae</span> <span class='ocrx_word' id='word_1_174' title='bbox 709 2745 900 2834; x_wconf 85' lang='lat' dir='ltr'>parochiali</span> <span class='ocrx_word' id='word_1_175' title='bbox 926 2747 961 2816; x_wconf 93' lang='lat' dir='ltr'>in</span> <span class='ocrx_word' id='word_1_176' title='bbox 989 2745 1190 2817; x_wconf 80' lang='lat' dir='ltr'>Zarnow.</span> 
     </span>
    </p>

    <p class='ocr_par' dir='ltr' id='par_1_5' title="bbox 230 2863 1786 3562">
     <span class='ocr_line' id='line_1_21' title="bbox 336 2863 1786 2957; baseline 0.001 -21"><span class='ocrx_word' id='word_1_177' title='bbox 336 2863 546 2955; x_wconf 81' lang='lat' dir='ltr'>Gnmsrrrr,</span> <span class='ocrx_word' id='word_1_178' title='bbox 572 2864 658 2935; x_wconf 75' lang='lat' dir='ltr'>silla</span> <span class='ocrx_word' id='word_1_179' title='bbox 683 2866 747 2937; x_wconf 90' lang='lat' dir='ltr'>sub</span> <span class='ocrx_word' id='word_1_180' title='bbox 774 2867 940 2955; x_wconf 80' lang='lat' dir='ltr'>parochia</span> <span class='ocrx_word' id='word_1_181' title='bbox 966 2866 1010 2937; x_wconf 92' lang='lat' dir='ltr'>de</span> <span class='ocrx_word' id='word_1_182' title='bbox 1035 2867 1226 2939; x_wconf 82' lang='lat' dir='ltr'>Zarnow</span> <span class='ocrx_word' id='word_1_183' title='bbox 1252 2869 1335 2957; x_wconf 87' lang='lat' dir='ltr'>sita,</span> <span class='ocrx_word' id='word_1_184' title='bbox 1361 2867 1459 2938; x_wconf 85' lang='lat' dir='ltr'>euius</span> <span class='ocrx_word' id='word_1_185' title='bbox 1483 2867 1609 2938; x_wconf 86' lang='lat' dir='ltr'>haeres</span> <span class='ocrx_word' id='word_1_186' title='bbox 1633 2865 1786 2938; x_wconf 85' lang='lat' dir='ltr'>Zakliira</span> 
     </span>
     <span class='ocr_line' id='line_1_22' title="bbox 233 2983 1784 3079; baseline 0.003 -24"><span class='ocrx_word' id='word_1_187' title='bbox 233 2983 373 3057; x_wconf 88' lang='lat' dir='ltr'>&#39;l&#39;arlo</span> <span class='ocrx_word' id='word_1_188' title='bbox 400 2985 443 3056; x_wconf 90' lang='lat' dir='ltr'>de</span> <span class='ocrx_word' id='word_1_189' title='bbox 469 2986 576 3056; x_wconf 90' lang='lat' dir='ltr'>armis</span> <span class='ocrx_word' id='word_1_190' title='bbox 602 2985 928 3077; x_wconf 90' lang='lat' dir='ltr'>Bippennium‚</span> <span class='ocrx_word' id='word_1_191' title='bbox 955 2989 992 3058; x_wconf 92' lang='lat' dir='ltr'>in</span> <span class='ocrx_word' id='word_1_192' title='bbox 1010 3009 1078 3078; x_wconf 86' lang='lat' dir='ltr'>qua</span> <span class='ocrx_word' id='word_1_193' title='bbox 1095 2997 1177 3060; x_wconf 91' lang='lat' dir='ltr'>sunt</span> <span class='ocrx_word' id='word_1_194' title='bbox 1203 2989 1297 3060; x_wconf 90' lang='lat' dir='ltr'>lanei</span> <span class='ocrx_word' id='word_1_195' title='bbox 1322 2987 1567 3077; x_wconf 86' lang='lat' dir='ltr'>emethonales,</span> <span class='ocrx_word' id='word_1_196' title='bbox 1592 2987 1784 3079; x_wconf 84' lang='lat' dir='ltr'>dequibus</span> 
     </span>
     <span class='ocr_line' id='line_1_23' title="bbox 233 3104 1784 3200; baseline 0.003 -23"><span class='ocrx_word' id='word_1_197' title='bbox 233 3105 381 3177; x_wconf 77' lang='lat' dir='ltr'>solvitur</span> <span class='ocrx_word' id='word_1_198' title='bbox 416 3104 550 3178; x_wconf 84' lang='lat' dir='ltr'>decima</span> <span class='ocrx_word' id='word_1_199' title='bbox 583 3107 809 3198; x_wconf 89' lang='lat' dir='ltr'>manipularis</span> <span class='ocrx_word' id='word_1_200' title='bbox 840 3116 876 3179; x_wconf 90' lang='lat' dir='ltr'>et</span> <span class='ocrx_word' id='word_1_201' title='bbox 902 3129 966 3199; x_wconf 89' lang='lat' dir='ltr'>per</span> <span class='ocrx_word' id='word_1_202' title='bbox 992 3116 1143 3199; x_wconf 87' lang='lat' dir='ltr'>quatuor</span> <span class='ocrx_word' id='word_1_203' title='bbox 1178 3110 1317 3200; x_wconf 83' lang='lat' dir='ltr'>ierugas</span> <span class='ocrx_word' id='word_1_204' title='bbox 1352 3109 1529 3200; x_wconf 87' lang='lat' dir='ltr'>canapalis</span> <span class='ocrx_word' id='word_1_205' title='bbox 1562 3107 1784 3199; x_wconf 79' lang='lat' dir='ltr'>praebendae</span> 
     </span>
     <span class='ocr_line' id='line_1_24' title="bbox 232 3225 1785 3327; baseline 0.003 -30"><span class='ocrx_word' id='word_1_206' title='bbox 232 3225 449 3319; x_wconf 70' lang='lat' dir='ltr'>&#39;l&#39;rrrehskey‚</span> <span class='ocrx_word' id='word_1_207' title='bbox 475 3234 513 3298; x_wconf 90' lang='lat' dir='ltr'>et</span> <span class='ocrx_word' id='word_1_208' title='bbox 537 3227 668 3299; x_wconf 81' lang='lat' dir='ltr'>ducunt</span> <span class='ocrx_word' id='word_1_209' title='bbox 703 3249 779 3298; x_wconf 91' lang='lat' dir='ltr'>earn</span> <span class='ocrx_word' id='word_1_210' title='bbox 805 3231 1006 3302; x_wconf 86' lang='lat' dir='ltr'>emethones</span> <span class='ocrx_word' id='word_1_211' title='bbox 1031 3232 1069 3301; x_wconf 91' lang='lat' dir='ltr'>in</span> <span class='ocrx_word' id='word_1_212' title='bbox 1094 3231 1260 3302; x_wconf 90' lang='lat' dir='ltr'>horreum</span> <span class='ocrx_word' id='word_1_213' title='bbox 1285 3252 1308 3302; x_wconf 90' lang='lat' dir='ltr'>a</span> <span class='ocrx_word' id='word_1_214' title='bbox 1333 3231 1500 3302; x_wconf 87' lang='lat' dir='ltr'>canonico</span> <span class='ocrx_word' id='word_1_215' title='bbox 1534 3229 1723 3327; x_wconf 49' lang='lat' dir='ltr'>locandqnss</span> <span class='ocrx_word' id='word_1_216' title='bbox 1734 3232 1785 3315; x_wconf 68' lang='lat' dir='ltr'>{et</span> 
     </span>
     <span class='ocr_line' id='line_1_25' title="bbox 231 3328 1784 3441; baseline 0.004 -24"><span class='ocrx_word' id='word_1_217' title='bbox 231 3347 330 3418; x_wconf 81' lang='lat' dir='ltr'>valor</span> <span class='ocrx_word' id='word_1_218' title='bbox 356 3348 430 3419; x_wconf 90' lang='lat' dir='ltr'>eius</span> <span class='ocrx_word' id='word_1_219' title='bbox 456 3348 662 3420; x_wconf 86' lang='lat' dir='ltr'>aestimatur</span> <span class='ocrx_word' id='word_1_220' title='bbox 689 3349 734 3420; x_wconf 91' lang='lat' dir='ltr'>ad</span> <span class='ocrx_word' id='word_1_221' title='bbox 760 3371 863 3422; x_wconf 86' lang='lat' dir='ltr'>unam</span> <span class='ocrx_word' id='word_1_222' title='bbox 890 3371 967 3421; x_wconf 87' lang='lat' dir='ltr'>cunr</span> <span class='ocrx_word' id='word_1_223' title='bbox 993 3351 1107 3422; x_wconf 91' lang='lat' dir='ltr'>media</span> <span class='ocrx_word' id='word_1_224' title='bbox 1133 3372 1276 3425; x_wconf 81' lang='lat' dir='ltr'>mareas</span> <span class='ocrx_word' id='word_1_225' title='bbox 1303 3352 1391 3423; x_wconf 87' lang='lat' dir='ltr'>item</span> <span class='ocrx_word' id='word_1_226' title='bbox 1416 3353 1573 3441; x_wconf 77' lang='lat' dir='ltr'>taberna,</span> <span class='ocrx_word' id='word_1_227' title='bbox 1598 3351 1683 3422; x_wconf 88' lang='lat' dir='ltr'>item</span> <span class='ocrx_word' id='word_1_228' title='bbox 1697 3328 1784 3423; x_wconf 81' lang='lat' dir='ltr'>hor·</span> 
     </span>
     <span class='ocr_line' id='line_1_26' title="bbox 230 3467 1276 3562; baseline 0.003 -21"><span class='ocrx_word' id='word_1_229' title='bbox 230 3467 352 3557; x_wconf 80' lang='lat' dir='ltr'>tulani3</span> <span class='ocrx_word' id='word_1_230' title='bbox 378 3469 461 3540; x_wconf 89' lang='lat' dir='ltr'>item</span> <span class='ocrx_word' id='word_1_231' title='bbox 488 3490 557 3541; x_wconf 94' lang='lat' dir='ltr'>non</span> <span class='ocrx_word' id='word_1_232' title='bbox 584 3479 648 3542; x_wconf 60' lang='lat' dir='ltr'>est*</span> <span class='ocrx_word' id='word_1_233' title='bbox 665 3472 714 3541; x_wconf 94' lang='lat' dir='ltr'>ibi</span> <span class='ocrx_word' id='word_1_234' title='bbox 741 3472 882 3562; x_wconf 87' lang='lat' dir='ltr'>aliquod</span> <span class='ocrx_word' id='word_1_235' title='bbox 908 3473 1089 3562; x_wconf 89' lang='lat' dir='ltr'>praedium</span> <span class='ocrx_word' id='word_1_236' title='bbox 1116 3473 1276 3544; x_wconf 88' lang='lat' dir='ltr'>militare.</span> 
     </span>
    </p>

    <p class='ocr_par' dir='ltr' id='par_1_6' title="bbox 230 3587 1782 4409">
     <span class='ocr_line' id='line_1_27' title="bbox 334 3587 1782 3684; baseline 0.003 -24"><span class='ocrx_word' id='word_1_237' title='bbox 334 3587 624 3681; x_wconf 60' lang='lat' dir='ltr'>Gnarrnm‘rcz‘n,</span> <span class='ocrx_word' id='word_1_238' title='bbox 659 3592 743 3663; x_wconf 74' lang='lat' dir='ltr'>villa</span> <span class='ocrx_word' id='word_1_239' title='bbox 769 3594 834 3663; x_wconf 91' lang='lat' dir='ltr'>sub</span> <span class='ocrx_word' id='word_1_240' title='bbox 861 3594 1026 3684; x_wconf 88' lang='lat' dir='ltr'>parochia</span> <span class='ocrx_word' id='word_1_241' title='bbox 1061 3592 1228 3665; x_wconf 82' lang='lat' dir='ltr'>ecclesiae</span> <span class='ocrx_word' id='word_1_242' title='bbox 1263 3594 1307 3665; x_wconf 91' lang='lat' dir='ltr'>de</span> <span class='ocrx_word' id='word_1_243' title='bbox 1341 3594 1530 3666; x_wconf 80' lang='lat' dir='ltr'>Zarnow</span> <span class='ocrx_word' id='word_1_244' title='bbox 1560 3595 1646 3684; x_wconf 88' lang='lat' dir='ltr'>sita,</span> <span class='ocrx_word' id='word_1_245' title='bbox 1681 3593 1782 3665; x_wconf 87' lang='lat' dir='ltr'>euius</span> 
     </span>
     <span class='ocr_line' id='line_1_28' title="bbox 230 3709 1782 3807; baseline 0.002 -25"><span class='ocrx_word' id='word_1_246' title='bbox 230 3710 356 3782; x_wconf 86' lang='lat' dir='ltr'>haeres</span> <span class='ocrx_word' id='word_1_247' title='bbox 381 3709 548 3782; x_wconf 83' lang='lat' dir='ltr'>Nicolaus</span> <span class='ocrx_word' id='word_1_248' title='bbox 575 3709 972 3807; x_wconf 70' lang='lat' dir='ltr'>Grambinicuslry,</span> <span class='ocrx_word' id='word_1_249' title='bbox 998 3715 1125 3786; x_wconf 87' lang='lat' dir='ltr'>nobilis</span> <span class='ocrx_word' id='word_1_250' title='bbox 1151 3715 1195 3786; x_wconf 93' lang='lat' dir='ltr'>de</span> <span class='ocrx_word' id='word_1_251' title='bbox 1222 3715 1329 3787; x_wconf 87' lang='lat' dir='ltr'>armis</span> <span class='ocrx_word' id='word_1_252' title='bbox 1347 3771 1516 3804; x_wconf 88' lang='grc'><strong>.......</strong></span> <span class='ocrx_word' id='word_1_253' title='bbox 1540 3717 1578 3787; x_wconf 94' lang='lat' dir='ltr'>in</span> <span class='ocrx_word' id='word_1_254' title='bbox 1605 3735 1674 3805; x_wconf 83' lang='lat' dir='ltr'>qna</span> <span class='ocrx_word' id='word_1_255' title='bbox 1697 3717 1782 3786; x_wconf 87' lang='lat' dir='ltr'>sunt</span> 
     </span>
     <span class='ocr_line' id='line_1_29' title="bbox 230 3829 1781 3927; baseline 0.004 -27"><span class='ocrx_word' id='word_1_256' title='bbox 230 3829 323 3901; x_wconf 90' lang='lat' dir='ltr'>lanei</span> <span class='ocrx_word' id='word_1_257' title='bbox 357 3831 607 3923; x_wconf 80' lang='lat' dir='ltr'>emethonales‚</span> <span class='ocrx_word' id='word_1_258' title='bbox 644 3832 842 3924; x_wconf 84' lang='lat' dir='ltr'>dequibus</span> <span class='ocrx_word' id='word_1_259' title='bbox 877 3834 1026 3906; x_wconf 82' lang='lat' dir='ltr'>subitur</span> <span class='ocrx_word' id='word_1_260' title='bbox 1060 3835 1192 3907; x_wconf 83' lang='lat' dir='ltr'>decima</span> <span class='ocrx_word' id='word_1_261' title='bbox 1225 3837 1452 3927; x_wconf 90' lang='lat' dir='ltr'>manipularis</span> <span class='ocrx_word' id='word_1_262' title='bbox 1478 3844 1516 3908; x_wconf 89' lang='lat' dir='ltr'>et</span> <span class='ocrx_word' id='word_1_263' title='bbox 1540 3857 1605 3927; x_wconf 92' lang='lat' dir='ltr'>per</span> <span class='ocrx_word' id='word_1_264' title='bbox 1630 3842 1781 3927; x_wconf 86' lang='lat' dir='ltr'>quatuor</span> 
     </span>
     <span class='ocr_line' id='line_1_30' title="bbox 232 3950 1781 4048; baseline 0.005 -29"><span class='ocrx_word' id='word_1_265' title='bbox 232 3950 371 4042; x_wconf 83' lang='lat' dir='ltr'>ierugas</span> <span class='ocrx_word' id='word_1_266' title='bbox 396 3952 573 4042; x_wconf 86' lang='lat' dir='ltr'>ranapalis</span> <span class='ocrx_word' id='word_1_267' title='bbox 600 3955 817 4043; x_wconf 86' lang='lat' dir='ltr'>praebendae</span> <span class='ocrx_word' id='word_1_268' title='bbox 844 3955 1058 4048; x_wconf 69' lang='lat' dir='ltr'>Turebshep&#39;,</span> <span class='ocrx_word' id='word_1_269' title='bbox 1084 3965 1119 4027; x_wconf 91' lang='lat' dir='ltr'>et</span> <span class='ocrx_word' id='word_1_270' title='bbox 1146 3956 1276 4029; x_wconf 87' lang='lat' dir='ltr'>ducunt</span> <span class='ocrx_word' id='word_1_271' title='bbox 1303 3978 1380 4029; x_wconf 89' lang='lat' dir='ltr'>eam</span> <span class='ocrx_word' id='word_1_272' title='bbox 1407 3959 1608 4029; x_wconf 84' lang='lat' dir='ltr'>ometboues</span> <span class='ocrx_word' id='word_1_273' title='bbox 1634 3957 1673 4027; x_wconf 91' lang='lat' dir='ltr'>in</span> <span class='ocrx_word' id='word_1_274' title='bbox 1696 3954 1781 4028; x_wconf 91' lang='lat' dir='ltr'>hor·</span> 
     </span>
     <span class='ocr_line' id='line_1_31' title="bbox 231 4074 1781 4169; baseline 0.003 -26"><span class='ocrx_word' id='word_1_275' title='bbox 231 4088 330 4143; x_wconf 80' lang='lat' dir='ltr'>reum</span> <span class='ocrx_word' id='word_1_276' title='bbox 355 4093 377 4143; x_wconf 90' lang='lat' dir='ltr'>a</span> <span class='ocrx_word' id='word_1_277' title='bbox 403 4074 568 4143; x_wconf 87' lang='lat' dir='ltr'>canonico</span> <span class='ocrx_word' id='word_1_278' title='bbox 595 4074 776 4169; x_wconf 84' lang='lat' dir='ltr'>locandum</span> <span class='ocrx_word' id='word_1_279' title='bbox 803 4085 839 4147; x_wconf 92' lang='lat' dir='ltr'>et</span> <span class='ocrx_word' id='word_1_280' title='bbox 863 4077 961 4148; x_wconf 84' lang='lat' dir='ltr'>ralor</span> <span class='ocrx_word' id='word_1_281' title='bbox 987 4078 1063 4148; x_wconf 90' lang='lat' dir='ltr'>eius</span> <span class='ocrx_word' id='word_1_282' title='bbox 1089 4079 1294 4150; x_wconf 86' lang='lat' dir='ltr'>aestimatur</span> <span class='ocrx_word' id='word_1_283' title='bbox 1310 4078 1356 4149; x_wconf 90' lang='lat' dir='ltr'>ad</span> <span class='ocrx_word' id='word_1_284' title='bbox 1374 4100 1477 4149; x_wconf 89' lang='lat' dir='ltr'>unam</span> <span class='ocrx_word' id='word_1_285' title='bbox 1503 4098 1665 4150; x_wconf 81' lang='lat' dir='ltr'>maroam</span> <span class='ocrx_word' id='word_1_286' title='bbox 1689 4074 1781 4148; x_wconf 82' lang='lat' dir='ltr'>item</span> 
     </span>
     <span class='ocr_line' id='line_1_32' title="bbox 230 4189 1781 4290; baseline 0.003 -27"><span class='ocrx_word' id='word_1_287' title='bbox 230 4189 388 4282; x_wconf 77' lang='lat' dir='ltr'>taberna,</span> <span class='ocrx_word' id='word_1_288' title='bbox 414 4194 497 4264; x_wconf 88' lang='lat' dir='ltr'>item</span> <span class='ocrx_word' id='word_1_289' title='bbox 524 4194 711 4284; x_wconf 89' lang='lat' dir='ltr'>hortulani,</span> <span class='ocrx_word' id='word_1_290' title='bbox 738 4196 821 4267; x_wconf 87' lang='lat' dir='ltr'>item</span> <span class='ocrx_word' id='word_1_291' title='bbox 848 4198 1027 4288; x_wconf 82' lang='lat' dir='ltr'>praedium</span> <span class='ocrx_word' id='word_1_292' title='bbox 1053 4199 1104 4271; x_wconf 87' lang='lat' dir='ltr'>rbi</span> <span class='ocrx_word' id='word_1_293' title='bbox 1130 4200 1268 4271; x_wconf 83' lang='lat' dir='ltr'>unicum</span> <span class='ocrx_word' id='word_1_294' title='bbox 1294 4199 1455 4290; x_wconf 89' lang='lat' dir='ltr'>militare,</span> <span class='ocrx_word' id='word_1_295' title='bbox 1481 4199 1525 4271; x_wconf 92' lang='lat' dir='ltr'>de</span> <span class='ocrx_word' id='word_1_296' title='bbox 1551 4220 1620 4290; x_wconf 90' lang='lat' dir='ltr'>quo</span> <span class='ocrx_word' id='word_1_297' title='bbox 1645 4198 1781 4270; x_wconf 79' lang='lat' dir='ltr'>decima</span> 
     </span>
     <span class='ocr_line' id='line_1_33' title="bbox 230 4310 1288 4409; baseline 0.009 -28"><span class='ocrx_word' id='word_1_298' title='bbox 230 4310 455 4401; x_wconf 79' lang='lat' dir='ltr'>manipularis</span> <span class='ocrx_word' id='word_1_299' title='bbox 481 4313 588 4385; x_wconf 90' lang='lat' dir='ltr'>datur</span> <span class='ocrx_word' id='word_1_300' title='bbox 612 4314 778 4388; x_wconf 84' lang='lat' dir='ltr'>eeclesiae</span> <span class='ocrx_word' id='word_1_301' title='bbox 804 4319 997 4409; x_wconf 84' lang='lat' dir='ltr'>parochiali</span> <span class='ocrx_word' id='word_1_302' title='bbox 1022 4321 1060 4392; x_wconf 93' lang='lat' dir='ltr'>in</span> <span class='ocrx_word' id='word_1_303' title='bbox 1086 4319 1288 4393; x_wconf 80' lang='lat' dir='ltr'>Zarnorr.</span> 
     </span>
    </p>
   </div>
   <div class='ocr_carea' id='block_1_3' title="bbox 602 4577 1406 4693">
    <p class='ocr_par' dir='ltr' id='par_1_7' title="bbox 602 4577 1406 4693">
     <span class='ocr_line' id='line_1_34' title="bbox 602 4577 1406 4693; baseline 0.006 -32"><span class='ocrx_word' id='word_1_304' title='bbox 602 4577 769 4665; x_wconf 81' lang='lat' dir='ltr'>ilieerla</span> <span class='ocrx_word' id='word_1_305' title='bbox 802 4582 1074 4687; x_wconf 83' lang='lat' dir='ltr'>praebendae</span> <span class='ocrx_word' id='word_1_306' title='bbox 1105 4584 1161 4667; x_wconf 81' lang='lat' dir='ltr'>de</span> <span class='ocrx_word' id='word_1_307' title='bbox 1192 4584 1406 4693; x_wconf 79' lang='lat' dir='ltr'>Tharbya.</span> 
     </span>
    </p>
   </div>
   <div class='ocr_carea' id='block_1_4' title="bbox 228 4796 1778 5265">
    <p class='ocr_par' dir='ltr' id='par_1_8' title="bbox 228 4796 1778 5265">
     <span class='ocr_line' id='line_1_35' title="bbox 335 4796 1778 4902; baseline 0.006 -30"><span class='ocrx_word' id='word_1_308' title='bbox 335 4796 540 4873; x_wconf 77' lang='lat' dir='ltr'>Ptaebenda</span> <span class='ocrx_word' id='word_1_309' title='bbox 564 4802 853 4879; x_wconf 80' lang='lat' dir='ltr'>Sandomiriensis</span> <span class='ocrx_word' id='word_1_310' title='bbox 879 4804 973 4881; x_wconf 77' lang='lat' dir='ltr'>&#39;l&#39;ure</span> <span class='ocrx_word' id='word_1_311' title='bbox 1039 4829 1061 4879; x_wconf 92' lang='lat' dir='ltr'>a</span> <span class='ocrx_word' id='word_1_312' title='bbox 1095 4807 1199 4880; x_wconf 90' lang='lat' dir='ltr'>habet</span> <span class='ocrx_word' id='word_1_313' title='bbox 1244 4809 1444 4902; x_wconf 86' lang='lat' dir='ltr'>habereque</span> <span class='ocrx_word' id='word_1_314' title='bbox 1480 4808 1660 4882; x_wconf 79' lang='lat' dir='ltr'>consterit</span> <span class='ocrx_word' id='word_1_315' title='bbox 1685 4808 1778 4881; x_wconf 75' lang='lat' dir='ltr'>rien-</span> 
     </span>
     <span class='ocr_line' id='line_1_36' title="bbox 228 4918 1777 5022; baseline 0.008 -31"><span class='ocrx_word' id='word_1_316' title='bbox 228 4918 319 4991; x_wconf 85' lang='lat' dir='ltr'>riam</span> <span class='ocrx_word' id='word_1_317' title='bbox 343 4929 549 5014; x_wconf 73' lang='lat' dir='ltr'>perpetuu</span> <span class='ocrx_word' id='word_1_318' title='bbox 570 4923 611 4996; x_wconf 87' lang='lat' dir='ltr'>iu</span> <span class='ocrx_word' id='word_1_319' title='bbox 634 4925 783 4998; x_wconf 81' lang='lat' dir='ltr'>eeclesia</span> <span class='ocrx_word' id='word_1_320' title='bbox 799 4926 916 5001; x_wconf 91' lang='lat' dir='ltr'>Saudo</span> <span class='ocrx_word' id='word_1_321' title='bbox 953 4928 962 4944; x_wconf 89' lang='lat'>&#39;</span> <span class='ocrx_word' id='word_1_322' title='bbox 1040 4931 1081 5019; x_wconf 75' lang='lat' dir='ltr'>si,</span> <span class='ocrx_word' id='word_1_323' title='bbox 1107 4930 1205 5003; x_wconf 84' lang='lat' dir='ltr'>euius</span> <span class='ocrx_word' id='word_1_324' title='bbox 1231 4932 1417 5003; x_wconf 80' lang='lat' dir='ltr'>canonieus</span> <span class='ocrx_word' id='word_1_325' title='bbox 1443 4929 1686 5022; x_wconf 71' lang='lat' dir='ltr'>Turebsky</span> <span class='ocrx_word' id='word_1_326' title='bbox 1710 4948 1777 5021; x_wconf 60' lang='lat' dir='ltr'>pto</span> 
     </span>
     <span class='ocr_line' id='line_1_37' title="bbox 230 5043 1777 5141; baseline 0.006 -29"><span class='ocrx_word' id='word_1_327' title='bbox 230 5047 387 5131; x_wconf 88' lang='lat' dir='ltr'>tempore</span> <span class='ocrx_word' id='word_1_328' title='bbox 411 5043 535 5131; x_wconf 73' lang='lat' dir='ltr'>unierp</span> <span class='ocrx_word' id='word_1_329' title='bbox 558 5048 616 5117; x_wconf 79' lang='lat' dir='ltr'>eet</span> <span class='ocrx_word' id='word_1_330' title='bbox 639 5044 787 5120; x_wconf 84' lang='lat' dir='ltr'>ondator</span> <span class='ocrx_word' id='word_1_331' title='bbox 804 5054 840 5120; x_wconf 90' lang='lat' dir='ltr'>et</span> <span class='ocrx_word' id='word_1_332' title='bbox 857 5056 1037 5140; x_wconf 87' lang='lat' dir='ltr'>patronus,</span> <span class='ocrx_word' id='word_1_333' title='bbox 1064 5071 1168 5141; x_wconf 85' lang='lat' dir='ltr'>quarn</span> <span class='ocrx_word' id='word_1_334' title='bbox 1192 5072 1285 5123; x_wconf 86' lang='lat' dir='ltr'>nuno</span> <span class='ocrx_word' id='word_1_335' title='bbox 1310 5059 1406 5124; x_wconf 87' lang='lat' dir='ltr'>tenet</span> <span class='ocrx_word' id='word_1_336' title='bbox 1432 5051 1560 5124; x_wconf 87' lang='lat' dir='ltr'>Petrus</span> <span class='ocrx_word' id='word_1_337' title='bbox 1586 5053 1631 5124; x_wconf 87' lang='lat' dir='ltr'>de</span> <span class='ocrx_word' id='word_1_338' title='bbox 1655 5050 1777 5123; x_wconf 83' lang='lat' dir='ltr'>lilan-</span> 
     </span>
     <span class='ocr_line' id='line_1_38' title="bbox 230 5156 1774 5265; baseline 0.008 -34"><span class='ocrx_word' id='word_1_339' title='bbox 230 5181 422 5254; x_wconf 69' lang='lat' dir='ltr'>smow,</span> <span class='ocrx_word' id='word_1_340' title='bbox 456 5156 548 5255; x_wconf 71' lang='lat' dir='ltr'>qu&#39;a</span> <span class='ocrx_word' id='word_1_341' title='bbox 570 5184 638 5257; x_wconf 89' lang='lat' dir='ltr'>pro</span> <span class='ocrx_word' id='word_1_342' title='bbox 661 5169 716 5240; x_wconf 91' lang='lat' dir='ltr'>sui</span> <span class='ocrx_word' id='word_1_343' title='bbox 742 5168 824 5241; x_wconf 91' lang='lat' dir='ltr'>dote</span> <span class='ocrx_word' id='word_1_344' title='bbox 850 5177 885 5241; x_wconf 91' lang='lat' dir='ltr'>et</span> <span class='ocrx_word' id='word_1_345' title='bbox 912 5173 1126 5261; x_wconf 81' lang='lat' dir='ltr'>proprietate</span> <span class='ocrx_word' id='word_1_346' title='bbox 1152 5173 1258 5245; x_wconf 88' lang='lat' dir='ltr'>habet</span> <span class='ocrx_word' id='word_1_347' title='bbox 1285 5173 1437 5245; x_wconf 81' lang='lat' dir='ltr'>decimas</span> <span class='ocrx_word' id='word_1_348' title='bbox 1463 5172 1696 5265; x_wconf 69' lang='lat' dir='ltr'>manipulares</span> <span class='ocrx_word' id='word_1_349' title='bbox 1721 5172 1774 5243; x_wconf 88' lang='lat' dir='ltr'>in·</span> 
     </span>
    </p>
   </div>
   <div class='ocr_carea' id='block_1_5' title="bbox 231 5278 441 5373">
    <p class='ocr_par' dir='ltr' id='par_1_9' title="bbox 231 5278 441 5373">
     <span class='ocr_line' id='line_1_39' title="bbox 231 5278 441 5373; baseline 0 0"><span class='ocrx_word' id='word_1_350' title='bbox 231 5278 441 5373; x_wconf 64' lang='lat' dir='ltr'>hamma</span> 
     </span>
    </p>
   </div>
   <div class='ocr_carea' id='block_1_6' title="bbox 0 0 2030 6053">
    <p class='ocr_par' dir='ltr' id='par_1_10' title="bbox 0 0 2030 6053">
     <span class='ocr_line' id='line_1_40' title="bbox 0 0 2030 6053; baseline 0 0"><span class='ocrx_word' id='word_1_351' title='bbox 0 0 2030 6053; x_wconf 95' lang='lat' dir='ltr'> </span> 
     </span>
    </p>
   </div>
  </div>
 </body>
</html>
