4050 6054
239 489 312 561 606

233 692 378 765 cuilibet
403 692 447 763 de
473 712 537 763 sua
562 693 693 764 vicaria
720 693 901 765 commissa
927 698 964 763 et
990 692 1120 784 relicta,
1148 698 1289 782 praeter
1315 692 1481 763 vicariam
1499 693 1663 782 cantoris,
1681 712 1793 783 qnam

231 833 301 883 non
328 819 450 884 cantor
478 812 734 903 Tarnoviensis,
761 813 822 885 sed
848 819 1016 904 patronus
1042 813 1221 885 lohannes
1248 814 1291 884 de
1318 812 1548 885 Tharnow
1575 819 1611 884 et
1635 813 1791 903 quilibet

231 954 313 1004 suns
341 952 518 1005 successor
544 954 587 1004 ex
612 954 663 1024 eo,
691 933 783 1024 quod
809 934 903 1005 illam
931 955 992 1006 ses
1019 934 1144 1005 marcis
1171 933 1214 1004 de
1246 934 1318 1004 suis
1353 934 1580 1025 proventibus
1614 939 1789 1024 perpetue

231 1054 422 1143 solariavit,
450 1055 689 1144 praesentabit
715 1060 752 1126 et
778 1054 941 1126 conferet.

335 1174 425 1245 Item
464 1174 556 1245 circa
581 1175 835 1246 institutionem
862 1174 1060 1247 huiusmodi
1087 1180 1333 1265 perpetuarum
1360 1175 1569 1247 vicariamm
1586 1173 1789 1245 ordinatum

232 1299 268 1364 et
294 1294 463 1364 sancitum
490 1301 553 1383 est,
568 1293 673 1384 cuod
700 1293 913 1367 offertorium
941 1282 977 1367 o't
1003 1294 1196 1366 oblationes
1223 1295 1403 1366 universas
1431 1294 1596 1367 ecclesiae
1622 1293 1784 1365 Tharne·

232 1414 373 1499 aiensis,
402 1434 490 1504 quae
517 1414 603 1485 alias
630 1414 674 1485 ad
701 1414 812 1485 solum
839 1416 1074 1505 praepositum
1101 1416 1314 1505 spectabant,
1341 1415 1533 1505 percipient
1551 1415 1587 1485 ln
1605 1432 1789 1486 commune

231 1533 371 1623 vicarii,
407 1538 547 1625 praeter
582 1555 754 1625 purpuras
790 1555 875 1606 auro
911 1535 1052 1627 aliquali
1090 1537 1260 1625 intextas,
1287 1536 1372 1606 item
1397 1540 1538 1625 praeter
1564 1534 1716 1605 stamina
1741 1533 1787 1605 de

233 1654 416 1725 adamasco
443 1659 480 1726 et
506 1661 699 1745 eramento,
728 1675 815 1745 quae
842 1656 957 1727 omnia
983 1655 1028 1726 ad
1045 1655 1180 1726 casulas
1199 1661 1235 1726 et
1253 1660 1457 1727 ornamenta
1473 1654 1637 1726 ecclesiae
1655 1653 1789 1726 debent

233 1774 400 1846 conserti.
426 1772 467 1844 In
494 1793 753 1865 recompensam
770 1780 886 1846 autem
904 1776 1101 1847 huiusmodi
1120 1776 1342 1865 oblationum,
1363 1775 1563 1865 praeposito
1581 1775 1787 1865 ablatarum,

233 1895 391 1966 custodia
417 1894 662 1966 Tamoviensis
689 1895 734 1966 ad
752 1901 901 1987 quatuor
919 1916 1062 1987 marcas,
1080 1896 1161 1967 item
1174 1880 1380 1986 ‘praebenda
1397 1895 1431 1967 S.
1450 1895 1586 1966 Mariae
1604 1895 1648 1966 dc
1665 1900 1786 1967 castro

233 2014 278 2085 ad
313 2020 463 2104 quatuor
498 2035 651 2106 marcas,
678 2016 763 2087 item
797 2016 998 2105 praebenda
1031 2015 1231 2088 Lukowska
1257 2015 1362 2086 etiam
1389 2015 1434 2087 ad
1460 2021 1610 2106 quatuor
1635 2032 1785 2105 marcas,

233 2135 316 2205 item
343 2135 541 2224 praebenda
568 2135 600 2207 S.
627 2135 888 2207 Bartholomaei
914 2136 959 2206 ad
985 2137 1072 2209 duas
1098 2155 1234 2207 marcas
1253 2136 1450 2226 praeposito
1470 2134 1697 2206 Tarnoviensi
1715 2134 1787 2207 sin·

235 2255 327 2345 gulis
354 2256 453 2327 annis
470 2262 593 2345 parata
610 2257 756 2347 pecunia
773 2255 966 2347 solvendas,
985 2258 1238 2349 obligabantur.
1264 2256 1352 2328 Item
1371 2255 1500 2329 debent
1517 2254 1637 2327 vicarii
1654 2254 1787 2327 babere

234 2376 384 2467 quinque
410 2396 545 2448 marcas
572 2376 615 2447 de
640 2376 861 2450 mensalibus.
1750 2440 1758 2453 .

335 2497 424 2568 Item
460 2496 657 2568 ordinatum
693 2502 766 2587 est,
793 2496 885 2587 quod
920 2497 1140 2588 praepositus
1172 2488 1427 2569 Tarnoriensis'
1444 2495 1487 2568 de
1514 2501 1652 2568 caetero
1677 2516 1785 2567 nnnm

234 2617 401 2688 vicarium
427 2621 634 2707 perpetuum
659 2618 796 2708 babeat,
823 2619 882 2707 qui
909 2618 995 2690 alias
1023 2617 1109 2689 duos
1135 2617 1312 2689 manuales
1338 2618 1500 2707 habebat,
1527 2637 1613 2706 qnos
1639 2616 1787 2688 solaria-

233 2737 316 2826 bat3
343 2758 412 2808 non
446 2743 563 2809 tamen
599 2738 643 2810 ob
670 2737 761 2810 idem
788 2738 958 2810 secundus
985 2739 1136 2810 vicarius
1163 2739 1354 2828 praepositi
1380 2736 1571 2827 deperibit,
1596 2735 1659 2809 sed
1685 2736 1785 2808 illum

232 2861 401 2947 patronus
427 2863 464 2929 et
487 2859 611 2930 haeres
637 2858 681 2929 de
707 2858 932 2930 Tharnow
958 2857 1113 2931 conferet
1138 2864 1175 2931 et
1192 2860 1439 2950 praesentabit,
1458 2857 1517 2949 qui
1534 2856 1679 2929 babebit
1695 2876 1784 2961 onus

232 2977 268 3048 in
288 2977 468 3049 Almanico
495 2978 737 3069 praedIcandi3
765 2980 864 3051 cuius
891 2978 1028 3070 quidem
1055 2980 1205 3050 vicenae
1232 2980 1371 3051 collatio
1397 2979 1476 3051 ideo
1502 2982 1650 3068 patrono
1667 2996 1783 3049 reser-

235 3103 318 3169 vata
344 3104 407 3188 est,
434 3099 526 3189 quod
552 3099 589 3170 in
615 3099 860 3172 extinctionem
887 3100 1008 3172 altaris
1036 3098 1151 3171 Sancti
1177 3099 1347 3173 Jobannis
1373 3099 1565 3189 Baptistae,
1592 3097 1690 3170 cuins
1707 3102 1786 3169 eret

233 3226 412 3310 patronus,
440 3225 479 3291 ut
504 3218 637 3291 fructus
665 3221 739 3291 eins
765 3220 904 3292 vicariis
932 3220 1095 3292 cederent
1120 3221 1157 3290 in
1184 3240 1372 3309 commune,
1400 3220 1585 3290 consensit.

335 3340 423 3411 Item
450 3340 648 3412 ordInatum
674 3346 737 3431 est,
764 3340 856 3431 quod
883 3340 1041 3412 redditus
1067 3339 1189 3412 altaris
1215 3340 1332 3412 Sancti
1358 3339 1528 3413 JobannIs
1546 3338 1729 3428 Baptistae
1746 3338 1783 3411 in

232 3461 378 3532 ecclesia
404 3460 649 3551 Tarnoviensi,
676 3460 767 3551 quod
793 3461 962 3531 hactenus
990 3460 1130 3530 Thicz
1155 3461 1342 3551 presbyter
1366 3459 1506 3549 habuit,
1533 3463 1681 3549 patrono
1707 3459 1784 3531 eins

234 3582 335 3653 unico
371 3581 531 3655 Johanne
565 3581 702 3653 Amor
734 3581 778 3653 de
805 3579 988 3653 Tharne
1001 3602 1033 3652 w
1059 3581 1314 3670 consentiente,
1341 3580 1463 3651 alteus
1490 3578 1594 3651 titulo
1621 3578 1784 3669 extincto,

235 3703 363 3773 debent
395 3702 517 3773 cedere
551 3709 665 3774 morte
692 3702 833 3773 Thicz
860 3707 1022 3792 sequuta,
1048 3701 1271 3773 universitati
1298 3701 1507 3773 vicariorum
1533 3700 1569 3771 in
1596 3718 1785 3771 commune

337 3824 425 3894 Item
452 3822 649 3894 ordinatum
676 3827 739 3913 cst,
766 3821 859 3913 quod
885 3822 1053 3912 capellam
1080 3821 1113 3893 S.
1139 3820 1288 3893 Martini
1314 3822 1378 3893 sub
1405 3825 1532 3910 castro,
1558 3840 1601 3890 ex
1618 3838 1690 3910 qna
1704 3816 1784 3891 fun·

234 3943 318 4014 data
353 3948 408 4014 est
442 3944 617 4032 cantoria,
643 3943 771 4033 siuguli
801 3942 922 4014 vicarii
938 3942 1226 4023 ,Thamarienses
1253 3942 1374 4014 diebus
1401 3941 1582 4016 domiuicic
1607 3938 1785 4012 ordinarie

233 4063 451 4155 officiabunt,
479 4084 581 4154 quam
619 4063 705 4135 alias
732 4064 826 4135 solus
852 4064 1002 4135 vicarius
1029 4062 1143 4135 dictae
1170 4064 1346 4136 cantorIae
1370 4062 1525 4135 officiare
1551 4066 1784 4134 consueverat

684 4396 981 4502 Praepositum
1014 4394 1330 4475 Tarnoviensls.

336 4668 455 4740 Prima
490 4668 642 4760 dignitas
677 4668 713 4740 in
749 4668 895 4739 ecclesia
921 4666 1174 4738 Tharnoviensi
1200 4671 1255 4737 est
1280 4664 1540 4756 praepositura,
1567 4684 1656 4755 qnae
1682 4665 1718 4735 in
1745 4682 1785 4737 sc

234 4796 380 4864 onerata
405 4789 580 4881 qnondam
606 4794 684 4860 erat
708 4808 793 4860 cura
817 4788 1020 4877 animarum,
1048 4785 1110 4858 sed
1136 4787 1200 4858 sub
1227 4785 1402 4857 modernis
1428 4786 1643 4874 temporibus
1668 4780 1787 4856 ablata

233 4917 288 4986 est
322 4912 367 4984 ab
402 4931 445 4982 ea
479 4918 515 4983 et
541 4911 577 4981 in
604 4910 753 4982 vicanos
780 4908 1031 4981 Tarnovienses
1057 4906 1251 4996 transfusa3
1279 4925 1355 4978 eam
1381 4925 1473 4977 nune
1497 4910 1594 4976 tenet
1619 4902 1786 4978 Nicolcns

232 5032 277 5105 de
311 5030 499 5105 Radlow
533 5031 736 5124 presbyter,
766 5050 855 5122 quae
880 5050 924 5101 er
955 5029 1183 5119 proventibus
1210 5027 1377 5100 ecclesiae
1403 5026 1486 5099 olim
1512 5024 1721 5116 parochialis
1746 5024 1786 5098 in

232 5152 456 5227 Tbarnow
482 5172 546 5246 pro
573 5152 697 5225 maiori
722 5157 824 5243 parte
850 5149 971 5222 dotata
996 5154 1059 5240 est,
1087 5148 1185 5221 cuins
1212 5146 1426 5238 infrascrIpti
1452 5152 1535 5220 sunt
1561 5144 1732 5219 redditus.

335 5274 572 5365 Dnmnnowa,
600 5273 683 5346 villa
708 5273 772 5344 sub
799 5272 965 5362 parochia
990 5269 1154 5341 ecclesiae
1182 5269 1225 5341 de
1251 5267 1374 5342 Gora
1399 5268 1477 5359 site,
1502 5265 1630 5339 fundus
1654 5267 1785 5357 prima·

237 5394 312 5468 rins
347 5396 611 5490 praepositurae
646 5392 932 5487 lbarnoriensis,
969 5391 1013 5466 ad
1048 5391 1299 5485 proprIetatcm
1335 5388 1489 5465 ciusdem
1525 5393 1562 5465 et
1595 5385 1787 5463 domimum
