<?xml version="1.0" encoding="UTF-8"?>
<!DOCTYPE html PUBLIC "-//W3C//DTD XHTML 1.0 Transitional//EN"
    "http://www.w3.org/TR/xhtml1/DTD/xhtml1-transitional.dtd">
<html xmlns="http://www.w3.org/1999/xhtml" xml:lang="en" lang="en">
 <head>
  <title>
</title>
<meta http-equiv="Content-Type" content="text/html;charset=utf-8" />
  <meta name='ocr-system' content='tesseract 3.04.00' />
  <meta name='ocr-capabilities' content='ocr_page ocr_carea ocr_par ocr_line ocrx_word'/>
</head>
<body>
  <div class='ocr_page' id='page_1' title='image "./joannisdugoszse00dugoog_0472.png"; bbox 0 0 4050 6054; ppageno 0'>
   <div class='ocr_carea' id='block_1_1' title="bbox 1477 401 1714 577">
    <p class='ocr_par' dir='ltr' id='par_1_1' title="bbox 1477 401 1714 577">
     <span class='ocr_line' id='line_1_1' title="bbox 1477 401 1714 577; baseline 0 -52"><span class='ocrx_word' id='word_1_1' title='bbox 1477 401 1480 406; x_wconf 37' lang='grc'>“</span> <span class='ocrx_word' id='word_1_2' title='bbox 1535 491 1538 495; x_wconf 94' lang='grc'>-</span> <span class='ocrx_word' id='word_1_3' title='bbox 1615 438 1714 577; x_wconf 26' lang='lat' dir='ltr'><strong>&#39;sla</strong></span> 
     </span>
    </p>
   </div>
   <div class='ocr_carea' id='block_1_2' title="bbox 161 624 1717 1107">
    <p class='ocr_par' dir='ltr' id='par_1_2' title="bbox 161 624 1717 1107">
     <span class='ocr_line' id='line_1_2' title="bbox 164 624 1717 757; baseline 0.005 -33"><span class='ocrx_word' id='word_1_4' title='bbox 164 651 510 745; x_wconf 43' lang='lat' dir='ltr'><strong>solvit-apronianus</strong></span> <span class='ocrx_word' id='word_1_5' title='bbox 528 670 643 724; x_wconf 89' lang='lat' dir='ltr'><strong>annuo</strong></span> <span class='ocrx_word' id='word_1_6' title='bbox 670 651 946 757; x_wconf 81' lang='lat' dir='ltr'><strong>vicepraeposito</strong></span> <span class='ocrx_word' id='word_1_7' title='bbox 973 651 1123 724; x_wconf 88' lang='lat' dir='ltr'><strong>mediam</strong></span> <span class='ocrx_word' id='word_1_8' title='bbox 1148 673 1300 727; x_wconf 88' lang='lat' dir='ltr'><strong>marcam</strong></span> <span class='ocrx_word' id='word_1_9' title='bbox 1327 624 1365 726; x_wconf 82' lang='lat' dir='ltr'><strong>et</strong></span> <span class='ocrx_word' id='word_1_10' title='bbox 1389 664 1494 727; x_wconf 77' lang='lat' dir='ltr'><strong>unam</strong></span> <span class='ocrx_word' id='word_1_11' title='bbox 1517 662 1717 731; x_wconf 76' lang='lat' dir='ltr'><strong>mensuram</strong></span> 
     </span>
     <span class='ocr_line' id='line_1_3' title="bbox 161 770 1715 870; baseline 0.003 -26"><span class='ocrx_word' id='word_1_12' title='bbox 161 770 311 845; x_wconf 53' lang='lat' dir='ltr'><strong>atenac(</strong></span> <span class='ocrx_word' id='word_1_13' title='bbox 319 771 521 863; x_wconf 85' lang='lat' dir='ltr'><strong>confertam,</strong></span> <span class='ocrx_word' id='word_1_14' title='bbox 540 770 713 847; x_wconf 61' lang='lat' dir='ltr'><strong>munem</strong></span> <span class='ocrx_word' id='word_1_15' title='bbox 741 792 880 844; x_wconf 87' lang='lat' dir='ltr'><strong>currum</strong></span> <span class='ocrx_word' id='word_1_16' title='bbox 902 771 1074 863; x_wconf 81' lang='lat' dir='ltr'><strong>lignomm</strong></span> <span class='ocrx_word' id='word_1_17' title='bbox 1101 777 1242 845; x_wconf 88' lang='lat' dir='ltr'><strong>tenetur</strong></span> <span class='ocrx_word' id='word_1_18' title='bbox 1268 772 1440 847; x_wconf 82' lang='lat' dir='ltr'><strong>adducere</strong></span> <span class='ocrx_word' id='word_1_19' title='bbox 1457 775 1493 847; x_wconf 89' lang='lat' dir='ltr'><strong>in</strong></span> <span class='ocrx_word' id='word_1_20' title='bbox 1512 778 1715 870; x_wconf 72' lang='lat' dir='ltr'><strong>septimana</strong></span> 
     </span>
     <span class='ocr_line' id='line_1_4' title="bbox 161 891 1715 990; baseline 0.004 -25"><span class='ocrx_word' id='word_1_21' title='bbox 161 895 245 966; x_wconf 91' lang='lat' dir='ltr'><strong>item</strong></span> <span class='ocrx_word' id='word_1_22' title='bbox 270 892 389 977; x_wconf 74' lang='lat' dir='ltr'><strong>dunum</strong></span> <span class='ocrx_word' id='word_1_23' title='bbox 416 891 578 983; x_wconf 77' lang='lat' dir='ltr'><strong>educere,</strong></span> <span class='ocrx_word' id='word_1_24' title='bbox 605 894 688 965; x_wconf 89' lang='lat' dir='ltr'><strong>item</strong></span> <span class='ocrx_word' id='word_1_25' title='bbox 714 894 856 964; x_wconf 87' lang='lat' dir='ltr'><strong>hortum</strong></span> <span class='ocrx_word' id='word_1_26' title='bbox 882 894 917 965; x_wconf 91' lang='lat' dir='ltr'><strong>in</strong></span> <span class='ocrx_word' id='word_1_27' title='bbox 944 893 1114 966; x_wconf 88' lang='lat' dir='ltr'><strong>Kelcze</strong></span> <span class='ocrx_word' id='word_1_28' title='bbox 1141 899 1177 966; x_wconf 89' lang='lat' dir='ltr'><strong>et</strong></span> <span class='ocrx_word' id='word_1_29' title='bbox 1202 899 1341 985; x_wconf 90' lang='lat' dir='ltr'><strong>pratum</strong></span> <span class='ocrx_word' id='word_1_30' title='bbox 1368 896 1405 967; x_wconf 89' lang='lat' dir='ltr'><strong>in</strong></span> <span class='ocrx_word' id='word_1_31' title='bbox 1431 894 1715 990; x_wconf 74' lang='lat' dir='ltr'><strong>(ltyarnycw</strong></span> 
     </span>
     <span class='ocr_line' id='line_1_5' title="bbox 163 994 1716 1107; baseline 0.004 -21"><span class='ocrx_word' id='word_1_32' title='bbox 163 994 416 1105; x_wconf 57' lang='lat' dir='ltr'><strong>dispondaeo·</strong></span> <span class='ocrx_word' id='word_1_33' title='bbox 436 1001 581 1104; x_wconf 83' lang='lat' dir='ltr'><strong>sepire3-</strong></span> <span class='ocrx_word' id='word_1_34' title='bbox 596 1035 665 1085; x_wconf 92' lang='lat' dir='ltr'><strong>non</strong></span> <span class='ocrx_word' id='word_1_35' title='bbox 693 1013 833 1086; x_wconf 85' lang='lat' dir='ltr'><strong>solvunt</strong></span> <span class='ocrx_word' id='word_1_36' title='bbox 859 1013 978 1105; x_wconf 85' lang='lat' dir='ltr'><strong>gallos,</strong></span> <span class='ocrx_word' id='word_1_37' title='bbox 1006 1033 1117 1104; x_wconf 86' lang='lat' dir='ltr'><strong>neque</strong></span> <span class='ocrx_word' id='word_1_38' title='bbox 1145 1036 1220 1105; x_wconf 88' lang='lat' dir='ltr'><strong>ova,</strong></span> <span class='ocrx_word' id='word_1_39' title='bbox 1247 1035 1359 1107; x_wconf 89' lang='lat' dir='ltr'><strong>neque</strong></span> <span class='ocrx_word' id='word_1_40' title='bbox 1386 1036 1513 1107; x_wconf 87' lang='lat' dir='ltr'><strong>caseos,</strong></span> <span class='ocrx_word' id='word_1_41' title='bbox 1539 1038 1604 1090; x_wconf 88' lang='lat' dir='ltr'><strong>nec</strong></span> <span class='ocrx_word' id='word_1_42' title='bbox 1629 1018 1716 1092; x_wconf 81' lang='lat' dir='ltr'><strong>allos</strong></span> 
     </span>
    </p>
   </div>
   <div class='ocr_carea' id='block_1_3' title="bbox 20 1118 1714 1230">
    <p class='ocr_par' dir='ltr' id='par_1_3' title="bbox 20 1118 1714 1230">
     <span class='ocr_line' id='line_1_6' title="bbox 20 1118 1714 1230; baseline 0.004 -25"><span class='ocrx_word' id='word_1_43' title='bbox 20 1156 24 1161; x_wconf 76' lang='grc'><strong>’</strong></span> <span class='ocrx_word' id='word_1_44' title='bbox 162 1135 309 1207; x_wconf 90' lang='lat' dir='ltr'><strong>labores.</strong></span> <span class='ocrx_word' id='word_1_45' title='bbox 340 1134 428 1206; x_wconf 80' lang='lat' dir='ltr'><strong>Item</strong></span> <span class='ocrx_word' id='word_1_46' title='bbox 455 1154 497 1205; x_wconf 84' lang='lat' dir='ltr'><strong>ex</strong></span> <span class='ocrx_word' id='word_1_47' title='bbox 525 1135 627 1206; x_wconf 85' lang='lat' dir='ltr'><strong>dictis</strong></span> <span class='ocrx_word' id='word_1_48' title='bbox 655 1118 789 1206; x_wconf 83' lang='lat' dir='ltr'><strong>duobus</strong></span> <span class='ocrx_word' id='word_1_49' title='bbox 816 1134 926 1206; x_wconf 88' lang='lat' dir='ltr'><strong>laneis</strong></span> <span class='ocrx_word' id='word_1_50' title='bbox 953 1135 1102 1207; x_wconf 87' lang='lat' dir='ltr'><strong>solvitur</strong></span> <span class='ocrx_word' id='word_1_51' title='bbox 1129 1135 1261 1207; x_wconf 89' lang='lat' dir='ltr'><strong>decima</strong></span> <span class='ocrx_word' id='word_1_52' title='bbox 1286 1136 1512 1228; x_wconf 75' lang='lat' dir='ltr'>manipularis</span> <span class='ocrx_word' id='word_1_53' title='bbox 1537 1140 1714 1230; x_wconf 78' lang='lat' dir='ltr'><strong>viceprae-</strong></span> 
     </span>
    </p>
   </div>
   <div class='ocr_carea' id='block_1_4' title="bbox 88 1255 1807 3157">
    <p class='ocr_par' dir='ltr' id='par_1_4' title="bbox 88 1255 1716 1690">
     <span class='ocr_line' id='line_1_7' title="bbox 162 1255 1716 1348; baseline 0.005 -23"><span class='ocrx_word' id='word_1_54' title='bbox 162 1255 359 1345; x_wconf 89' lang='lat' dir='ltr'><strong>positurae,</strong></span> <span class='ocrx_word' id='word_1_55' title='bbox 386 1260 423 1326; x_wconf 93' lang='lat' dir='ltr'><strong>et</strong></span> <span class='ocrx_word' id='word_1_56' title='bbox 450 1255 580 1327; x_wconf 88' lang='lat' dir='ltr'><strong>ducunt</strong></span> <span class='ocrx_word' id='word_1_57' title='bbox 606 1276 682 1327; x_wconf 89' lang='lat' dir='ltr'><strong>eam</strong></span> <span class='ocrx_word' id='word_1_58' title='bbox 709 1256 907 1327; x_wconf 86' lang='lat' dir='ltr'><strong>emethones</strong></span> <span class='ocrx_word' id='word_1_59' title='bbox 934 1256 970 1326; x_wconf 94' lang='lat' dir='ltr'><strong>in</strong></span> <span class='ocrx_word' id='word_1_60' title='bbox 996 1255 1160 1328; x_wconf 88' lang='lat' dir='ltr'><strong>horreum</strong></span> <span class='ocrx_word' id='word_1_61' title='bbox 1188 1277 1209 1328; x_wconf 92' lang='lat' dir='ltr'><strong>a</strong></span> <span class='ocrx_word' id='word_1_62' title='bbox 1235 1257 1507 1348; x_wconf 82' lang='lat' dir='ltr'><strong>vicepraeposito</strong></span> <span class='ocrx_word' id='word_1_63' title='bbox 1534 1259 1716 1332; x_wconf 89' lang='lat' dir='ltr'><strong>locandum</strong></span> 
     </span>
     <span class='ocr_line' id='line_1_8' title="bbox 162 1374 1715 1468; baseline 0.004 -22"><span class='ocrx_word' id='word_1_64' title='bbox 162 1381 198 1446; x_wconf 93' lang='lat' dir='ltr'><strong>et</strong></span> <span class='ocrx_word' id='word_1_65' title='bbox 224 1375 363 1448; x_wconf 81' lang='lat' dir='ltr'><strong>solvunt</strong></span> <span class='ocrx_word' id='word_1_66' title='bbox 388 1374 557 1448; x_wconf 82' lang='lat' dir='ltr'><strong>decimam</strong></span> <span class='ocrx_word' id='word_1_67' title='bbox 584 1377 707 1466; x_wconf 85' lang='lat' dir='ltr'><strong>canapi</strong></span> <span class='ocrx_word' id='word_1_68' title='bbox 732 1394 798 1466; x_wconf 85' lang='lat' dir='ltr'><strong>per</strong></span> <span class='ocrx_word' id='word_1_69' title='bbox 825 1381 974 1467; x_wconf 87' lang='lat' dir='ltr'><strong>quatuor</strong></span> <span class='ocrx_word' id='word_1_70' title='bbox 998 1377 1148 1468; x_wconf 66' lang='lat' dir='ltr'><strong>iungas,</strong></span> <span class='ocrx_word' id='word_1_71' title='bbox 1175 1381 1211 1448; x_wconf 89' lang='lat' dir='ltr'><strong>et</strong></span> <span class='ocrx_word' id='word_1_72' title='bbox 1237 1378 1336 1449; x_wconf 89' lang='lat' dir='ltr'><strong>valor</strong></span> <span class='ocrx_word' id='word_1_73' title='bbox 1353 1379 1428 1450; x_wconf 91' lang='lat' dir='ltr'><strong>eius</strong></span> <span class='ocrx_word' id='word_1_74' title='bbox 1445 1378 1650 1452; x_wconf 87' lang='lat' dir='ltr'><strong>aestimatur</strong></span> <span class='ocrx_word' id='word_1_75' title='bbox 1670 1379 1715 1452; x_wconf 85' lang='lat' dir='ltr'><strong>ad</strong></span> 
     </span>
     <span class='ocr_line' id='line_1_9' title="bbox 88 1486 1715 1592; baseline 0.004 -25"><span class='ocrx_word' id='word_1_76' title='bbox 88 1486 94 1494; x_wconf 77' lang='grc'><strong><em>’</em></strong></span> <span class='ocrx_word' id='word_1_77' title='bbox 161 1494 248 1568; x_wconf 89' lang='lat' dir='ltr'><strong>duas</strong></span> <span class='ocrx_word' id='word_1_78' title='bbox 273 1516 429 1586; x_wconf 89' lang='lat' dir='ltr'><strong>marcas;</strong></span> <span class='ocrx_word' id='word_1_79' title='bbox 453 1495 587 1570; x_wconf 88' lang='lat' dir='ltr'><strong>decima</strong></span> <span class='ocrx_word' id='word_1_80' title='bbox 614 1501 732 1570; x_wconf 84' lang='lat' dir='ltr'><strong>autam</strong></span> <span class='ocrx_word' id='word_1_81' title='bbox 757 1497 983 1587; x_wconf 82' lang='lat' dir='ltr'><strong>manipularis</strong></span> <span class='ocrx_word' id='word_1_82' title='bbox 1009 1502 1090 1588; x_wconf 91' lang='lat' dir='ltr'><strong>post</strong></span> <span class='ocrx_word' id='word_1_83' title='bbox 1116 1518 1177 1569; x_wconf 86' lang='lat' dir='ltr'><strong>sex</strong></span> <span class='ocrx_word' id='word_1_84' title='bbox 1204 1498 1322 1570; x_wconf 90' lang='lat' dir='ltr'><strong>laneos</strong></span> <span class='ocrx_word' id='word_1_85' title='bbox 1341 1498 1434 1571; x_wconf 83' lang='lat' dir='ltr'><strong>cedit</strong></span> <span class='ocrx_word' id='word_1_86' title='bbox 1451 1500 1612 1592; x_wconf 89' lang='lat' dir='ltr'><strong>episcopo</strong></span> <span class='ocrx_word' id='word_1_87' title='bbox 1631 1499 1715 1573; x_wconf 83' lang='lat' dir='ltr'><strong>Cra·</strong></span> 
     </span>
     <span class='ocr_line' id='line_1_10' title="bbox 162 1609 528 1690; baseline -0.005 -1"><span class='ocrx_word' id='word_1_88' title='bbox 162 1618 324 1690; x_wconf 84' lang='lat' dir='ltr'><strong>coricnsi.</strong></span> <span class='ocrx_word' id='word_1_89' title='bbox 523 1609 528 1618; x_wconf 84' lang='lat'>&#39;</span> 
     </span>
    </p>

    <p class='ocr_par' dir='ltr' id='par_1_5' title="bbox 161 1737 1807 2551">
     <span class='ocr_line' id='line_1_11' title="bbox 264 1737 1715 1832; baseline 0.003 -24"><span class='ocrx_word' id='word_1_90' title='bbox 264 1738 506 1828; x_wconf 79' lang='lat' dir='ltr'><strong>ZnounsssO,</strong></span> <span class='ocrx_word' id='word_1_91' title='bbox 532 1738 616 1809; x_wconf 83' lang='lat' dir='ltr'><strong>villa</strong></span> <span class='ocrx_word' id='word_1_92' title='bbox 642 1739 706 1810; x_wconf 91' lang='lat' dir='ltr'><strong>sub</strong></span> <span class='ocrx_word' id='word_1_93' title='bbox 733 1738 900 1828; x_wconf 88' lang='lat' dir='ltr'><strong>parochia</strong></span> <span class='ocrx_word' id='word_1_94' title='bbox 917 1738 1083 1810; x_wconf 88' lang='lat' dir='ltr'><strong>ecclesiae</strong></span> <span class='ocrx_word' id='word_1_95' title='bbox 1100 1737 1328 1812; x_wconf 87' lang='lat' dir='ltr'><strong>Kielczicnsis</strong></span> <span class='ocrx_word' id='word_1_96' title='bbox 1346 1740 1424 1831; x_wconf 68' lang='lat' dir='ltr'><strong>sita,</strong></span> <span class='ocrx_word' id='word_1_97' title='bbox 1443 1740 1540 1813; x_wconf 80' lang='lat' dir='ltr'><strong>culus</strong></span> <span class='ocrx_word' id='word_1_98' title='bbox 1557 1742 1715 1832; x_wconf 84' lang='lat' dir='ltr'><strong>proprie·</strong></span> 
     </span>
     <span class='ocr_line' id='line_1_12' title="bbox 162 1857 1714 1952; baseline 0.001 -21"><span class='ocrx_word' id='word_1_99' title='bbox 162 1866 218 1931; x_wconf 83' lang='lat' dir='ltr'><strong>tas</strong></span> <span class='ocrx_word' id='word_1_100' title='bbox 245 1863 281 1930; x_wconf 89' lang='lat' dir='ltr'><strong>ct</strong></span> <span class='ocrx_word' id='word_1_101' title='bbox 308 1858 496 1930; x_wconf 91' lang='lat' dir='ltr'><strong>dominium</strong></span> <span class='ocrx_word' id='word_1_102' title='bbox 522 1857 567 1929; x_wconf 91' lang='lat' dir='ltr'><strong>ad</strong></span> <span class='ocrx_word' id='word_1_103' title='bbox 594 1857 791 1948; x_wconf 88' lang='lat' dir='ltr'><strong>episcopum</strong></span> <span class='ocrx_word' id='word_1_104' title='bbox 815 1857 1080 1951; x_wconf 84' lang='lat' dir='ltr'><strong>Cracoviensem</strong></span> <span class='ocrx_word' id='word_1_105' title='bbox 1099 1859 1261 1950; x_wconf 78' lang='lat' dir='ltr'><strong>pertinet,</strong></span> <span class='ocrx_word' id='word_1_106' title='bbox 1280 1861 1316 1931; x_wconf 91' lang='lat' dir='ltr'><strong>in</strong></span> <span class='ocrx_word' id='word_1_107' title='bbox 1335 1881 1403 1951; x_wconf 90' lang='lat' dir='ltr'><strong>qua</strong></span> <span class='ocrx_word' id='word_1_108' title='bbox 1420 1865 1502 1932; x_wconf 85' lang='lat' dir='ltr'><strong>sunt</strong></span> <span class='ocrx_word' id='word_1_109' title='bbox 1520 1860 1714 1952; x_wconf 87' lang='lat' dir='ltr'><strong>quindecim</strong></span> 
     </span>
     <span class='ocr_line' id='line_1_13' title="bbox 163 1978 1714 2071; baseline 0.003 -21"><span class='ocrx_word' id='word_1_110' title='bbox 163 1979 255 2051; x_wconf 90' lang='lat' dir='ltr'><strong>lanei</strong></span> <span class='ocrx_word' id='word_1_111' title='bbox 291 1978 544 2068; x_wconf 86' lang='lat' dir='ltr'><strong>emethonales,</strong></span> <span class='ocrx_word' id='word_1_112' title='bbox 571 1978 654 2049; x_wconf 85' lang='lat' dir='ltr'><strong>itom</strong></span> <span class='ocrx_word' id='word_1_113' title='bbox 687 1978 754 2050; x_wconf 93' lang='lat' dir='ltr'><strong>duo</strong></span> <span class='ocrx_word' id='word_1_114' title='bbox 781 1978 874 2050; x_wconf 90' lang='lat' dir='ltr'><strong>lanei</strong></span> <span class='ocrx_word' id='word_1_115' title='bbox 901 1979 1131 2071; x_wconf 85' lang='lat' dir='ltr'><strong>scoltetiales‚</strong></span> <span class='ocrx_word' id='word_1_116' title='bbox 1159 1981 1201 2052; x_wconf 91' lang='lat' dir='ltr'><strong>de</strong></span> <span class='ocrx_word' id='word_1_117' title='bbox 1229 1981 1354 2071; x_wconf 90' lang='lat' dir='ltr'><strong>quibus</strong></span> <span class='ocrx_word' id='word_1_118' title='bbox 1381 1981 1539 2054; x_wconf 87' lang='lat' dir='ltr'><strong>omnibus</strong></span> <span class='ocrx_word' id='word_1_119' title='bbox 1566 1982 1714 2054; x_wconf 86' lang='lat' dir='ltr'><strong>solvitur</strong></span> 
     </span>
     <span class='ocr_line' id='line_1_14' title="bbox 161 2085 1714 2193; baseline 0.001 -21"><span class='ocrx_word' id='word_1_120' title='bbox 161 2100 294 2172; x_wconf 85' lang='lat' dir='ltr'><strong>decima</strong></span> <span class='ocrx_word' id='word_1_121' title='bbox 320 2085 546 2189; x_wconf 78' lang='lat' dir='ltr'><strong>manipularis</strong></span> <span class='ocrx_word' id='word_1_122' title='bbox 572 2105 609 2172; x_wconf 89' lang='lat' dir='ltr'><strong>et</strong></span> <span class='ocrx_word' id='word_1_123' title='bbox 633 2119 699 2189; x_wconf 89' lang='lat' dir='ltr'><strong>per</strong></span> <span class='ocrx_word' id='word_1_124' title='bbox 725 2105 874 2190; x_wconf 89' lang='lat' dir='ltr'><strong>quatuor</strong></span> <span class='ocrx_word' id='word_1_125' title='bbox 899 2099 1039 2191; x_wconf 87' lang='lat' dir='ltr'><strong>iemgas</strong></span> <span class='ocrx_word' id='word_1_126' title='bbox 1067 2100 1241 2191; x_wconf 89' lang='lat' dir='ltr'><strong>canapalis</strong></span> <span class='ocrx_word' id='word_1_127' title='bbox 1258 2101 1601 2193; x_wconf 86' lang='lat' dir='ltr'><strong>vicepracpositnrae</strong></span> <span class='ocrx_word' id='word_1_128' title='bbox 1617 2101 1714 2174; x_wconf 91' lang='lat' dir='ltr'><strong>Kiel-</strong></span> 
     </span>
     <span class='ocr_line' id='line_1_15' title="bbox 162 2219 1713 2311; baseline 0.002 -19"><span class='ocrx_word' id='word_1_129' title='bbox 162 2219 307 2310; x_wconf 88' lang='lat' dir='ltr'><strong>cziensi,</strong></span> <span class='ocrx_word' id='word_1_130' title='bbox 334 2225 382 2303; x_wconf 51' lang='lat' dir='ltr'><strong>et,</strong></span> <span class='ocrx_word' id='word_1_131' title='bbox 406 2219 537 2291; x_wconf 87' lang='lat' dir='ltr'><strong>ducunt</strong></span> <span class='ocrx_word' id='word_1_132' title='bbox 568 2239 643 2290; x_wconf 88' lang='lat' dir='ltr'><strong>eam</strong></span> <span class='ocrx_word' id='word_1_133' title='bbox 670 2224 743 2290; x_wconf 88' lang='lat' dir='ltr'><strong>tam</strong></span> <span class='ocrx_word' id='word_1_134' title='bbox 769 2221 969 2292; x_wconf 84' lang='lat' dir='ltr'><strong>emethones</strong></span> <span class='ocrx_word' id='word_1_135' title='bbox 996 2241 1098 2311; x_wconf 88' lang='lat' dir='ltr'><strong>quam</strong></span> <span class='ocrx_word' id='word_1_136' title='bbox 1127 2222 1293 2294; x_wconf 85' lang='lat' dir='ltr'><strong>scoltetns</strong></span> <span class='ocrx_word' id='word_1_137' title='bbox 1320 2222 1356 2293; x_wconf 91' lang='lat' dir='ltr'><strong>in</strong></span> <span class='ocrx_word' id='word_1_138' title='bbox 1382 2223 1546 2295; x_wconf 89' lang='lat' dir='ltr'><strong>horreum</strong></span> <span class='ocrx_word' id='word_1_139' title='bbox 1574 2244 1596 2294; x_wconf 86' lang='lat' dir='ltr'><strong>a</strong></span> <span class='ocrx_word' id='word_1_140' title='bbox 1622 2223 1713 2295; x_wconf 83' lang='lat' dir='ltr'><strong>vice·</strong></span> 
     </span>
     <span class='ocr_line' id='line_1_16' title="bbox 161 2339 1807 2434; baseline 0.003 -23"><span class='ocrx_word' id='word_1_141' title='bbox 161 2340 360 2432; x_wconf 89' lang='lat' dir='ltr'><strong>praeposito</strong></span> <span class='ocrx_word' id='word_1_142' title='bbox 396 2339 597 2431; x_wconf 84' lang='lat' dir='ltr'><strong>locandum,</strong></span> <span class='ocrx_word' id='word_1_143' title='bbox 624 2345 660 2412; x_wconf 89' lang='lat' dir='ltr'><strong>et</strong></span> <span class='ocrx_word' id='word_1_144' title='bbox 687 2340 785 2412; x_wconf 85' lang='lat' dir='ltr'><strong>valor</strong></span> <span class='ocrx_word' id='word_1_145' title='bbox 811 2341 1016 2414; x_wconf 89' lang='lat' dir='ltr'><strong>aestimatur</strong></span> <span class='ocrx_word' id='word_1_146' title='bbox 1042 2343 1117 2414; x_wconf 89' lang='lat' dir='ltr'><strong>eius</strong></span> <span class='ocrx_word' id='word_1_147' title='bbox 1144 2342 1189 2413; x_wconf 92' lang='lat' dir='ltr'><strong>ad</strong></span> <span class='ocrx_word' id='word_1_148' title='bbox 1216 2341 1334 2414; x_wconf 86' lang='lat' dir='ltr'><strong>decem</strong></span> <span class='ocrx_word' id='word_1_149' title='bbox 1360 2362 1503 2415; x_wconf 88' lang='lat' dir='ltr'><strong>marcas.</strong></span> <span class='ocrx_word' id='word_1_150' title='bbox 1543 2343 1632 2415; x_wconf 86' lang='lat' dir='ltr'><strong>Item</strong></span> <span class='ocrx_word' id='word_1_151' title='bbox 1658 2347 1714 2416; x_wconf 84' lang='lat' dir='ltr'><strong>est</strong></span> <span class='ocrx_word' id='word_1_152' title='bbox 1803 2427 1807 2434; x_wconf 50' lang='grc'>,</span> 
     </span>
     <span class='ocr_line' id='line_1_17' title="bbox 161 2460 852 2551; baseline 0 -20"><span class='ocrx_word' id='word_1_153' title='bbox 161 2460 211 2533; x_wconf 91' lang='lat' dir='ltr'><strong>ibi</strong></span> <span class='ocrx_word' id='word_1_154' title='bbox 235 2461 393 2551; x_wconf 74' lang='lat' dir='ltr'><strong>taberna</strong></span> <span class='ocrx_word' id='word_1_155' title='bbox 419 2481 490 2532; x_wconf 93' lang='lat' dir='ltr'><strong>non</strong></span> <span class='ocrx_word' id='word_1_156' title='bbox 516 2466 599 2534; x_wconf 87' lang='lat' dir='ltr'><strong>sunt</strong></span> <span class='ocrx_word' id='word_1_157' title='bbox 624 2461 852 2537; x_wconf 90' lang='lat' dir='ltr'><strong>hortulaniae.</strong></span> 
     </span>
    </p>

    <p class='ocr_par' dir='ltr' id='par_1_6' title="bbox 160 2581 1714 3157">
     <span class='ocr_line' id='line_1_18' title="bbox 264 2581 1714 2673; baseline 0.003 -22"><span class='ocrx_word' id='word_1_158' title='bbox 264 2581 447 2672; x_wconf 76' lang='lat' dir='ltr'><strong>anaun,</strong></span> <span class='ocrx_word' id='word_1_159' title='bbox 474 2581 558 2654; x_wconf 84' lang='lat' dir='ltr'><strong>villa</strong></span> <span class='ocrx_word' id='word_1_160' title='bbox 584 2582 649 2654; x_wconf 88' lang='lat' dir='ltr'><strong>sub</strong></span> <span class='ocrx_word' id='word_1_161' title='bbox 675 2582 842 2672; x_wconf 89' lang='lat' dir='ltr'><strong>parochia</strong></span> <span class='ocrx_word' id='word_1_162' title='bbox 868 2582 1034 2655; x_wconf 89' lang='lat' dir='ltr'><strong>ecelesiae</strong></span> <span class='ocrx_word' id='word_1_163' title='bbox 1061 2581 1104 2654; x_wconf 90' lang='lat' dir='ltr'><strong>de</strong></span> <span class='ocrx_word' id='word_1_164' title='bbox 1130 2581 1324 2655; x_wconf 76' lang='lat' dir='ltr'><strong>Paulos</strong></span> <span class='ocrx_word' id='word_1_165' title='bbox 1351 2583 1439 2673; x_wconf 85' lang='lat' dir='ltr'><strong>sita,</strong></span> <span class='ocrx_word' id='word_1_166' title='bbox 1466 2583 1563 2656; x_wconf 88' lang='lat' dir='ltr'><strong>cuius</strong></span> <span class='ocrx_word' id='word_1_167' title='bbox 1590 2584 1714 2656; x_wconf 88' lang='lat' dir='ltr'><strong>haeres</strong></span> 
     </span>
     <span class='ocr_line' id='line_1_19' title="bbox 162 2700 1714 2795; baseline 0.001 -21"><span class='ocrx_word' id='word_1_168' title='bbox 162 2700 432 2774; x_wconf 85' lang='lat' dir='ltr'><strong>Prandotha</strong></span> <span class='ocrx_word' id='word_1_169' title='bbox 457 2702 702 2795; x_wconf 85' lang='lat' dir='ltr'><strong>Koninsky</strong></span> <span class='ocrx_word' id='word_1_170' title='bbox 729 2703 773 2774; x_wconf 91' lang='lat' dir='ltr'><strong>de</strong></span> <span class='ocrx_word' id='word_1_171' title='bbox 799 2704 907 2775; x_wconf 88' lang='lat' dir='ltr'><strong>armis</strong></span> <span class='ocrx_word' id='word_1_172' title='bbox 934 2704 1076 2793; x_wconf 78' lang='lat' dir='ltr'><strong>Rama,</strong></span> <span class='ocrx_word' id='word_1_173' title='bbox 1103 2704 1140 2774; x_wconf 92' lang='lat' dir='ltr'><strong>iu</strong></span> <span class='ocrx_word' id='word_1_174' title='bbox 1167 2723 1236 2794; x_wconf 87' lang='lat' dir='ltr'><strong>qua</strong></span> <span class='ocrx_word' id='word_1_175' title='bbox 1262 2709 1344 2774; x_wconf 85' lang='lat' dir='ltr'><strong>sunt</strong></span> <span class='ocrx_word' id='word_1_176' title='bbox 1362 2710 1513 2794; x_wconf 88' lang='lat' dir='ltr'><strong>quatuor</strong></span> <span class='ocrx_word' id='word_1_177' title='bbox 1530 2705 1607 2794; x_wconf 84' lang='lat' dir='ltr'><strong>agri</strong></span> <span class='ocrx_word' id='word_1_178' title='bbox 1625 2724 1714 2776; x_wconf 89' lang='lat' dir='ltr'><strong>ome-</strong></span> 
     </span>
     <span class='ocr_line' id='line_1_20' title="bbox 160 2822 1714 2915; baseline 0.001 -21"><span class='ocrx_word' id='word_1_179' title='bbox 160 2822 622 2913; x_wconf 78' lang='lat' dir='ltr'><strong>thonalesindimensurati‚</strong></span> <span class='ocrx_word' id='word_1_180' title='bbox 649 2822 693 2894; x_wconf 91' lang='lat' dir='ltr'><strong>de</strong></span> <span class='ocrx_word' id='word_1_181' title='bbox 712 2823 837 2915; x_wconf 87' lang='lat' dir='ltr'><strong>quibus</strong></span> <span class='ocrx_word' id='word_1_182' title='bbox 855 2824 990 2912; x_wconf 84' lang='lat' dir='ltr'><strong>incolae</strong></span> <span class='ocrx_word' id='word_1_183' title='bbox 1007 2824 1148 2896; x_wconf 87' lang='lat' dir='ltr'><strong>solvunt</strong></span> <span class='ocrx_word' id='word_1_184' title='bbox 1169 2824 1336 2895; x_wconf 87' lang='lat' dir='ltr'><strong>decimam</strong></span> <span class='ocrx_word' id='word_1_185' title='bbox 1355 2823 1606 2915; x_wconf 82' lang='lat' dir='ltr'><strong>manipularem</strong></span> <span class='ocrx_word' id='word_1_186' title='bbox 1624 2824 1714 2896; x_wconf 77' lang='lat' dir='ltr'><strong>vieo</strong></span> 
     </span>
     <span class='ocr_line' id='line_1_21' title="bbox 160 2942 1712 3036; baseline 0.003 -24"><span class='ocrx_word' id='word_1_187' title='bbox 160 2943 360 3034; x_wconf 89' lang='lat' dir='ltr'><strong>praeposito</strong></span> <span class='ocrx_word' id='word_1_188' title='bbox 385 2942 584 3015; x_wconf 90' lang='lat' dir='ltr'><strong>Kelcziensi</strong></span> <span class='ocrx_word' id='word_1_189' title='bbox 610 2948 648 3015; x_wconf 86' lang='lat' dir='ltr'><strong>et</strong></span> <span class='ocrx_word' id='word_1_190' title='bbox 673 2944 872 3036; x_wconf 88' lang='lat' dir='ltr'><strong>canapalem</strong></span> <span class='ocrx_word' id='word_1_191' title='bbox 899 2965 963 3035; x_wconf 89' lang='lat' dir='ltr'><strong>por</strong></span> <span class='ocrx_word' id='word_1_192' title='bbox 989 2943 1076 3016; x_wconf 87' lang='lat' dir='ltr'><strong>duas</strong></span> <span class='ocrx_word' id='word_1_193' title='bbox 1099 2944 1248 3035; x_wconf 68' lang='lat' dir='ltr'><strong>iungas,</strong></span> <span class='ocrx_word' id='word_1_194' title='bbox 1266 2949 1304 3016; x_wconf 90' lang='lat' dir='ltr'><strong>et</strong></span> <span class='ocrx_word' id='word_1_195' title='bbox 1320 2943 1452 3016; x_wconf 87' lang='lat' dir='ltr'><strong>ducunt</strong></span> <span class='ocrx_word' id='word_1_196' title='bbox 1466 2963 1544 3016; x_wconf 88' lang='lat' dir='ltr'><strong>eam</strong></span> <span class='ocrx_word' id='word_1_197' title='bbox 1561 2945 1712 3036; x_wconf 84' lang='lat' dir='ltr'><strong>propriis</strong></span> 
     </span>
     <span class='ocr_line' id='line_1_22' title="bbox 161 3063 1714 3157; baseline 0.001 -22"><span class='ocrx_word' id='word_1_198' title='bbox 161 3063 320 3136; x_wconf 87' lang='lat' dir='ltr'><strong>curribus</strong></span> <span class='ocrx_word' id='word_1_199' title='bbox 347 3064 384 3134; x_wconf 93' lang='lat' dir='ltr'><strong>in</strong></span> <span class='ocrx_word' id='word_1_200' title='bbox 411 3065 573 3136; x_wconf 87' lang='lat' dir='ltr'><strong>horreum</strong></span> <span class='ocrx_word' id='word_1_201' title='bbox 600 3085 622 3136; x_wconf 88' lang='lat' dir='ltr'><strong>a</strong></span> <span class='ocrx_word' id='word_1_202' title='bbox 648 3065 924 3157; x_wconf 88' lang='lat' dir='ltr'><strong>vicepraeposito</strong></span> <span class='ocrx_word' id='word_1_203' title='bbox 950 3065 1143 3155; x_wconf 87' lang='lat' dir='ltr'><strong>locandum,</strong></span> <span class='ocrx_word' id='word_1_204' title='bbox 1170 3071 1206 3137; x_wconf 91' lang='lat' dir='ltr'><strong>et</strong></span> <span class='ocrx_word' id='word_1_205' title='bbox 1231 3065 1330 3137; x_wconf 88' lang='lat' dir='ltr'><strong>valor</strong></span> <span class='ocrx_word' id='word_1_206' title='bbox 1355 3065 1429 3149; x_wconf 87' lang='lat' dir='ltr'><strong>eius</strong></span> <span class='ocrx_word' id='word_1_207' title='bbox 1448 3066 1651 3137; x_wconf 87' lang='lat' dir='ltr'><strong>aestimatur</strong></span> <span class='ocrx_word' id='word_1_208' title='bbox 1669 3065 1714 3137; x_wconf 89' lang='lat' dir='ltr'><strong>ad</strong></span> 
     </span>
    </p>
   </div>
   <div class='ocr_carea' id='block_1_5' title="bbox 27 3185 1714 3280">
    <p class='ocr_par' dir='ltr' id='par_1_7' title="bbox 27 3185 1714 3280">
     <span class='ocr_line' id='line_1_23' title="bbox 27 3185 1714 3280; baseline 0.001 -24"><span class='ocrx_word' id='word_1_209' title='bbox 27 3187 30 3192; x_wconf 79' lang='grc'>’</span> <span class='ocrx_word' id='word_1_210' title='bbox 160 3205 265 3256; x_wconf 91' lang='lat' dir='ltr'><strong>unam</strong></span> <span class='ocrx_word' id='word_1_211' title='bbox 299 3206 377 3257; x_wconf 91' lang='lat' dir='ltr'><strong>cum</strong></span> <span class='ocrx_word' id='word_1_212' title='bbox 413 3185 556 3257; x_wconf 88' lang='lat' dir='ltr'><strong>dimidia</strong></span> <span class='ocrx_word' id='word_1_213' title='bbox 591 3207 745 3276; x_wconf 79' lang='lat' dir='ltr'><strong>marcac,</strong></span> <span class='ocrx_word' id='word_1_214' title='bbox 772 3187 959 3276; x_wconf 90' lang='lat' dir='ltr'><strong>aliquando</strong></span> <span class='ocrx_word' id='word_1_215' title='bbox 995 3186 1040 3257; x_wconf 87' lang='lat' dir='ltr'><strong>ad</strong></span> <span class='ocrx_word' id='word_1_216' title='bbox 1076 3186 1162 3258; x_wconf 88' lang='lat' dir='ltr'><strong>duas</strong></span> <span class='ocrx_word' id='word_1_217' title='bbox 1189 3207 1332 3280; x_wconf 86' lang='lat' dir='ltr'><strong>marcas.</strong></span> <span class='ocrx_word' id='word_1_218' title='bbox 1371 3186 1460 3257; x_wconf 87' lang='lat' dir='ltr'><strong>Item</strong></span> <span class='ocrx_word' id='word_1_219' title='bbox 1486 3206 1555 3258; x_wconf 92' lang='lat' dir='ltr'><strong>non</strong></span> <span class='ocrx_word' id='word_1_220' title='bbox 1585 3190 1638 3258; x_wconf 86' lang='lat' dir='ltr'><strong>cst</strong></span> <span class='ocrx_word' id='word_1_221' title='bbox 1664 3186 1714 3258; x_wconf 86' lang='lat' dir='ltr'><strong>ibi</strong></span> 
     </span>
    </p>
   </div>
   <div class='ocr_carea' id='block_1_6' title="bbox 160 3305 1048 3397">
    <p class='ocr_par' dir='ltr' id='par_1_8' title="bbox 160 3305 1048 3397">
     <span class='ocr_line' id='line_1_24' title="bbox 160 3305 1048 3397; baseline 0 -20"><span class='ocrx_word' id='word_1_222' title='bbox 160 3305 350 3397; x_wconf 79' lang='lat' dir='ltr'><strong>praedium,</strong></span> <span class='ocrx_word' id='word_1_223' title='bbox 377 3307 439 3378; x_wconf 90' lang='lat' dir='ltr'><strong>sed</strong></span> <span class='ocrx_word' id='word_1_224' title='bbox 465 3328 535 3379; x_wconf 91' lang='lat' dir='ltr'><strong>una</strong></span> <span class='ocrx_word' id='word_1_225' title='bbox 561 3307 769 3397; x_wconf 80' lang='lat' dir='ltr'><strong>hortulanis,</strong></span> <span class='ocrx_word' id='word_1_226' title='bbox 796 3327 867 3378; x_wconf 90' lang='lat' dir='ltr'><strong>una</strong></span> <span class='ocrx_word' id='word_1_227' title='bbox 891 3306 1048 3380; x_wconf 87' lang='lat' dir='ltr'><strong>taberna.</strong></span> 
     </span>
    </p>
   </div>
   <div class='ocr_carea' id='block_1_7' title="bbox 664 3566 1217 3694">
    <p class='ocr_par' dir='ltr' id='par_1_9' title="bbox 664 3566 1217 3694">
     <span class='ocr_line' id='line_1_25' title="bbox 664 3566 1217 3694; baseline -0.002 -45"><span class='ocrx_word' id='word_1_228' title='bbox 664 3566 906 3651; x_wconf 75' lang='lat' dir='ltr'><strong>Damnatus</strong></span> <span class='ocrx_word' id='word_1_229' title='bbox 939 3566 1217 3694; x_wconf 79' lang='lat' dir='ltr'><strong>llyalolensls.</strong></span> 
     </span>
    </p>
   </div>
   <div class='ocr_carea' id='block_1_8' title="bbox 155 3788 1714 4367">
    <p class='ocr_par' dir='ltr' id='par_1_10' title="bbox 155 3788 1714 4367">
     <span class='ocr_line' id='line_1_26' title="bbox 263 3788 1712 3887; baseline -0.001 -23"><span class='ocrx_word' id='word_1_230' title='bbox 263 3792 477 3887; x_wconf 86' lang='lat' dir='ltr'><strong>Keloziensis</strong></span> <span class='ocrx_word' id='word_1_231' title='bbox 512 3790 701 3863; x_wconf 89' lang='lat' dir='ltr'><strong>decanatus</strong></span> <span class='ocrx_word' id='word_1_232' title='bbox 735 3810 799 3882; x_wconf 89' lang='lat' dir='ltr'><strong>per</strong></span> <span class='ocrx_word' id='word_1_233' title='bbox 833 3790 1036 3881; x_wconf 87' lang='lat' dir='ltr'><strong>primarium</strong></span> <span class='ocrx_word' id='word_1_234' title='bbox 1063 3790 1229 3861; x_wconf 89' lang='lat' dir='ltr'><strong>ecclesiae</strong></span> <span class='ocrx_word' id='word_1_235' title='bbox 1254 3788 1467 3862; x_wconf 89' lang='lat' dir='ltr'><strong>Kelczlensis</strong></span> <span class='ocrx_word' id='word_1_236' title='bbox 1493 3789 1712 3862; x_wconf 83' lang='lat' dir='ltr'><strong>fundatorem</strong></span> 
     </span>
     <span class='ocr_line' id='line_1_27' title="bbox 160 3910 1713 4002; baseline -0.003 -16"><span class='ocrx_word' id='word_1_237' title='bbox 160 3913 418 3986; x_wconf 73' lang='lat' dir='ltr'><strong>cedeonem</strong></span> <span class='ocrx_word' id='word_1_238' title='bbox 454 3911 718 3985; x_wconf 74' lang='lat' dir='ltr'><strong>cracoviensem</strong></span> <span class='ocrx_word' id='word_1_239' title='bbox 754 3912 970 4002; x_wconf 88' lang='lat' dir='ltr'><strong>episcopum,</strong></span> <span class='ocrx_word' id='word_1_240' title='bbox 1000 3931 1043 3982; x_wconf 80' lang='lat' dir='ltr'><strong>ex</strong></span> <span class='ocrx_word' id='word_1_241' title='bbox 1077 3911 1219 3982; x_wconf 88' lang='lat' dir='ltr'><strong>decimis</strong></span> <span class='ocrx_word' id='word_1_242' title='bbox 1246 3910 1519 4001; x_wconf 84' lang='lat' dir='ltr'><strong>manipularibus</strong></span> <span class='ocrx_word' id='word_1_243' title='bbox 1547 3911 1713 3985; x_wconf 88' lang='lat' dir='ltr'><strong>ecclesiae</strong></span> 
     </span>
     <span class='ocr_line' id='line_1_28' title="bbox 160 4031 1714 4126; baseline -0.001 -20"><span class='ocrx_word' id='word_1_244' title='bbox 160 4034 371 4126; x_wconf 88' lang='lat' dir='ltr'><strong>parochialis</strong></span> <span class='ocrx_word' id='word_1_245' title='bbox 407 4035 443 4105; x_wconf 90' lang='lat' dir='ltr'><strong>in</strong></span> <span class='ocrx_word' id='word_1_246' title='bbox 470 4032 677 4124; x_wconf 88' lang='lat' dir='ltr'><strong>Antiqua</strong></span> <span class='ocrx_word' id='word_1_247' title='bbox 703 4031 872 4104; x_wconf 90' lang='lat' dir='ltr'><strong>Radom</strong></span> <span class='ocrx_word' id='word_1_248' title='bbox 900 4031 1041 4103; x_wconf 88' lang='lat' dir='ltr'><strong>dotatus</strong></span> <span class='ocrx_word' id='word_1_249' title='bbox 1069 4035 1141 4121; x_wconf 90' lang='lat' dir='ltr'><strong>cst,</strong></span> <span class='ocrx_word' id='word_1_250' title='bbox 1170 4031 1266 4103; x_wconf 89' lang='lat' dir='ltr'><strong>cuius</strong></span> <span class='ocrx_word' id='word_1_251' title='bbox 1294 4032 1554 4122; x_wconf 89' lang='lat' dir='ltr'><strong>iuspatronatus</strong></span> <span class='ocrx_word' id='word_1_252' title='bbox 1581 4039 1618 4104; x_wconf 87' lang='lat' dir='ltr'><strong>et</strong></span> <span class='ocrx_word' id='word_1_253' title='bbox 1645 4031 1714 4105; x_wconf 92' lang='lat' dir='ltr'><strong>col·</strong></span> 
     </span>
     <span class='ocr_line' id='line_1_29' title="bbox 155 4152 1710 4259; baseline -0.001 -31"><span class='ocrx_word' id='word_1_254' title='bbox 155 4157 243 4228; x_wconf 88' lang='lat' dir='ltr'><strong>latio</strong></span> <span class='ocrx_word' id='word_1_255' title='bbox 270 4154 314 4227; x_wconf 89' lang='lat' dir='ltr'><strong>ad</strong></span> <span class='ocrx_word' id='word_1_256' title='bbox 341 4156 539 4247; x_wconf 86' lang='lat' dir='ltr'><strong>episcopum</strong></span> <span class='ocrx_word' id='word_1_257' title='bbox 565 4152 829 4259; x_wconf 76' lang='lat' dir='ltr'><strong>Gracouiensem</strong></span> <span class='ocrx_word' id='word_1_258' title='bbox 856 4163 920 4244; x_wconf 87' lang='lat' dir='ltr'><strong>pro</strong></span> <span class='ocrx_word' id='word_1_259' title='bbox 946 4159 1104 4243; x_wconf 86' lang='lat' dir='ltr'><strong>tempore</strong></span> <span class='ocrx_word' id='word_1_260' title='bbox 1129 4153 1337 4243; x_wconf 75' lang='lat' dir='ltr'><strong>pertinebat</strong></span> <span class='ocrx_word' id='word_1_261' title='bbox 1365 4174 1457 4225; x_wconf 90' lang='lat' dir='ltr'><strong>nuno</strong></span> <span class='ocrx_word' id='word_1_262' title='bbox 1483 4174 1566 4226; x_wconf 80' lang='lat' dir='ltr'><strong>vero</strong></span> <span class='ocrx_word' id='word_1_263' title='bbox 1593 4156 1710 4246; x_wconf 91' lang='lat' dir='ltr'><strong>iuspa-</strong></span> 
     </span>
     <span class='ocr_line' id='line_1_30' title="bbox 160 4273 1713 4367; baseline 0.001 -19"><span class='ocrx_word' id='word_1_264' title='bbox 160 4273 320 4349; x_wconf 86' lang='lat' dir='ltr'><strong>tronatus</strong></span> <span class='ocrx_word' id='word_1_265' title='bbox 356 4276 590 4367; x_wconf 87' lang='lat' dir='ltr'><strong>praedictum,</strong></span> <span class='ocrx_word' id='word_1_266' title='bbox 618 4276 661 4347; x_wconf 88' lang='lat' dir='ltr'><strong>ad</strong></span> <span class='ocrx_word' id='word_1_267' title='bbox 694 4275 861 4346; x_wconf 87' lang='lat' dir='ltr'><strong>decanum</strong></span> <span class='ocrx_word' id='word_1_268' title='bbox 886 4274 1123 4346; x_wconf 85' lang='lat' dir='ltr'><strong>Kelcziensem</strong></span> <span class='ocrx_word' id='word_1_269' title='bbox 1150 4296 1214 4366; x_wconf 86' lang='lat' dir='ltr'><strong>pro</strong></span> <span class='ocrx_word' id='word_1_270' title='bbox 1241 4279 1397 4366; x_wconf 86' lang='lat' dir='ltr'><strong>tempore</strong></span> <span class='ocrx_word' id='word_1_271' title='bbox 1423 4275 1594 4366; x_wconf 88' lang='lat' dir='ltr'><strong>pertinet,</strong></span> <span class='ocrx_word' id='word_1_272' title='bbox 1623 4277 1713 4367; x_wconf 93' lang='lat' dir='ltr'><strong>quod</strong></span> 
     </span>
    </p>
   </div>
   <div class='ocr_carea' id='block_1_9' title="bbox 160 4376 1862 4493">
    <p class='ocr_par' dir='ltr' id='par_1_11' title="bbox 160 4376 1862 4493">
     <span class='ocr_line' id='line_1_31' title="bbox 160 4376 1862 4493; baseline -0.003 -20"><span class='ocrx_word' id='word_1_273' title='bbox 160 4399 227 4473; x_wconf 85' lang='lat' dir='ltr'><strong>sibi</strong></span> <span class='ocrx_word' id='word_1_274' title='bbox 253 4399 289 4469; x_wconf 90' lang='lat' dir='ltr'><strong>in</strong></span> <span class='ocrx_word' id='word_1_275' title='bbox 317 4399 453 4489; x_wconf 82' lang='lat' dir='ltr'><strong>signnm</strong></span> <span class='ocrx_word' id='word_1_276' title='bbox 481 4397 670 4469; x_wconf 87' lang='lat' dir='ltr'><strong>dotationis</strong></span> <span class='ocrx_word' id='word_1_277' title='bbox 696 4397 856 4469; x_wconf 87' lang='lat' dir='ltr'><strong>relietum</strong></span> <span class='ocrx_word' id='word_1_278' title='bbox 884 4402 958 4486; x_wconf 87' lang='lat' dir='ltr'><strong>est;</strong></span> <span class='ocrx_word' id='word_1_279' title='bbox 984 4402 1121 4476; x_wconf 82' lang='lat' dir='ltr'><strong>annexa</strong></span> <span class='ocrx_word' id='word_1_280' title='bbox 1146 4401 1332 4468; x_wconf 74' lang='lat' dir='ltr'><strong>astantem</strong></span> <span class='ocrx_word' id='word_1_281' title='bbox 1351 4376 1535 4469; x_wconf 77' lang='lat' dir='ltr'><strong>decanatui</strong></span> <span class='ocrx_word' id='word_1_282' title='bbox 1553 4396 1721 4493; x_wconf 10' lang='lat' dir='ltr'><strong>praefato*</strong></span> <span class='ocrx_word' id='word_1_283' title='bbox 1856 4418 1862 4427; x_wconf 89' lang='lat'>·</span> 
     </span>
    </p>
   </div>
   <div class='ocr_carea' id='block_1_10' title="bbox 88 4515 1801 5471">
    <p class='ocr_par' dir='ltr' id='par_1_12' title="bbox 160 4515 1801 5201">
     <span class='ocr_line' id='line_1_32' title="bbox 160 4515 1713 4612; baseline -0.003 -20"><span class='ocrx_word' id='word_1_284' title='bbox 160 4519 386 4612; x_wconf 88' lang='lat' dir='ltr'><strong>plurimarum</strong></span> <span class='ocrx_word' id='word_1_285' title='bbox 413 4519 633 4591; x_wconf 87' lang='lat' dir='ltr'><strong>ecclesiarum</strong></span> <span class='ocrx_word' id='word_1_286' title='bbox 651 4518 904 4609; x_wconf 87' lang='lat' dir='ltr'><strong>parochialium</strong></span> <span class='ocrx_word' id='word_1_287' title='bbox 922 4519 1144 4591; x_wconf 87' lang='lat' dir='ltr'><strong>circumcirca</strong></span> <span class='ocrx_word' id='word_1_288' title='bbox 1160 4515 1313 4590; x_wconf 83' lang='lat' dir='ltr'><strong>Radom</strong></span> <span class='ocrx_word' id='word_1_289' title='bbox 1340 4517 1612 4609; x_wconf 87' lang='lat' dir='ltr'><strong>consistentium,</strong></span> <span class='ocrx_word' id='word_1_290' title='bbox 1629 4519 1713 4598; x_wconf 74' lang='lat' dir='ltr'><strong>nisi·</strong></span> 
     </span>
     <span class='ocr_line' id='line_1_33' title="bbox 160 4637 1712 4734; baseline -0.002 -21"><span class='ocrx_word' id='word_1_291' title='bbox 160 4641 305 4714; x_wconf 88' lang='lat' dir='ltr'><strong>tationis</strong></span> <span class='ocrx_word' id='word_1_292' title='bbox 331 4661 433 4731; x_wconf 88' lang='lat' dir='ltr'><strong>cura,</strong></span> <span class='ocrx_word' id='word_1_293' title='bbox 459 4640 496 4710; x_wconf 91' lang='lat' dir='ltr'><strong>in</strong></span> <span class='ocrx_word' id='word_1_294' title='bbox 523 4660 609 4731; x_wconf 88' lang='lat' dir='ltr'><strong>quas</strong></span> <span class='ocrx_word' id='word_1_295' title='bbox 636 4638 905 4713; x_wconf 87' lang='lat' dir='ltr'><strong>archidiaconali</strong></span> <span class='ocrx_word' id='word_1_296' title='bbox 931 4639 1088 4734; x_wconf 74' lang='lat' dir='ltr'><strong>iungitur</strong></span> <span class='ocrx_word' id='word_1_297' title='bbox 1114 4639 1341 4728; x_wconf 56' lang='lat' dir='ltr'><strong>auctoritem</strong></span> <span class='ocrx_word' id='word_1_298' title='bbox 1368 4637 1572 4711; x_wconf 88' lang='lat' dir='ltr'><strong>decanatum</strong></span> <span class='ocrx_word' id='word_1_299' title='bbox 1597 4644 1712 4711; x_wconf 89' lang='lat' dir='ltr'><strong>autem</strong></span> 
     </span>
     <span class='ocr_line' id='line_1_34' title="bbox 160 4758 1713 4856; baseline -0.002 -22"><span class='ocrx_word' id='word_1_300' title='bbox 160 4763 375 4854; x_wconf 82' lang='lat' dir='ltr'><strong>praedictum</strong></span> <span class='ocrx_word' id='word_1_301' title='bbox 401 4758 648 4852; x_wconf 82' lang='lat' dir='ltr'><strong>Kelcziensem,</strong></span> <span class='ocrx_word' id='word_1_302' title='bbox 675 4762 734 4852; x_wconf 88' lang='lat' dir='ltr'><strong>qui</strong></span> <span class='ocrx_word' id='word_1_303' title='bbox 760 4761 866 4834; x_wconf 89' lang='lat' dir='ltr'><strong>etiam</strong></span> <span class='ocrx_word' id='word_1_304' title='bbox 893 4783 916 4832; x_wconf 91' lang='lat' dir='ltr'><strong>a</strong></span> <span class='ocrx_word' id='word_1_305' title='bbox 940 4761 1114 4834; x_wconf 88' lang='lat' dir='ltr'><strong>nonnullis</strong></span> <span class='ocrx_word' id='word_1_306' title='bbox 1141 4759 1381 4856; x_wconf 85' lang='lat' dir='ltr'><strong>Radamiensis</strong></span> <span class='ocrx_word' id='word_1_307' title='bbox 1399 4760 1604 4852; x_wconf 89' lang='lat' dir='ltr'><strong>appellatur,</strong></span> <span class='ocrx_word' id='word_1_308' title='bbox 1622 4760 1713 4832; x_wconf 88' lang='lat' dir='ltr'><strong>obti-</strong></span> 
     </span>
     <span class='ocr_line' id='line_1_35' title="bbox 161 4869 1801 4974; baseline -0.002 -18"><span class='ocrx_word' id='word_1_309' title='bbox 161 4888 221 4956; x_wconf 88' lang='lat' dir='ltr'><strong>net</strong></span> <span class='ocrx_word' id='word_1_310' title='bbox 256 4903 347 4956; x_wconf 88' lang='lat' dir='ltr'><strong>nunc</strong></span> <span class='ocrx_word' id='word_1_311' title='bbox 381 4880 576 4955; x_wconf 85' lang='lat' dir='ltr'><strong>Dobeslaus</strong></span> <span class='ocrx_word' id='word_1_312' title='bbox 610 4882 653 4954; x_wconf 95' lang='lat' dir='ltr'><strong>de</strong></span> <span class='ocrx_word' id='word_1_313' title='bbox 680 4869 906 4974; x_wconf 85' lang='lat' dir='ltr'><strong>Schenno‚</strong></span> <span class='ocrx_word' id='word_1_314' title='bbox 933 4881 1060 4956; x_wconf 90' lang='lat' dir='ltr'><strong>nobilis</strong></span> <span class='ocrx_word' id='word_1_315' title='bbox 1086 4882 1130 4954; x_wconf 89' lang='lat' dir='ltr'><strong>de</strong></span> <span class='ocrx_word' id='word_1_316' title='bbox 1156 4881 1258 4956; x_wconf 92' lang='lat' dir='ltr'><strong>domo</strong></span> <span class='ocrx_word' id='word_1_317' title='bbox 1285 4879 1323 4954; x_wconf 86' lang='lat' dir='ltr'><strong>et</strong></span> <span class='ocrx_word' id='word_1_318' title='bbox 1348 4881 1477 4953; x_wconf 82' lang='lat' dir='ltr'><strong>familia</strong></span> <span class='ocrx_word' id='word_1_319' title='bbox 1502 4880 1713 4971; x_wconf 87' lang='lat' dir='ltr'><strong>Dambno,</strong></span> <span class='ocrx_word' id='word_1_320' title='bbox 1794 4870 1801 4883; x_wconf 78' lang='grc'>’</span> 
     </span>
     <span class='ocr_line' id='line_1_36' title="bbox 160 5000 1710 5096; baseline -0.004 -17"><span class='ocrx_word' id='word_1_321' title='bbox 160 5006 311 5080; x_wconf 89' lang='lat' dir='ltr'><strong>decimas</strong></span> <span class='ocrx_word' id='word_1_322' title='bbox 343 5011 459 5078; x_wconf 87' lang='lat' dir='ltr'><strong>autem</strong></span> <span class='ocrx_word' id='word_1_323' title='bbox 486 5010 522 5077; x_wconf 90' lang='lat' dir='ltr'><strong>et</strong></span> <span class='ocrx_word' id='word_1_324' title='bbox 547 5010 738 5096; x_wconf 86' lang='lat' dir='ltr'><strong>proventus</strong></span> <span class='ocrx_word' id='word_1_325' title='bbox 764 5003 912 5095; x_wconf 83' lang='lat' dir='ltr'><strong>praefati</strong></span> <span class='ocrx_word' id='word_1_326' title='bbox 938 5004 1126 5077; x_wconf 88' lang='lat' dir='ltr'><strong>decanatus</strong></span> <span class='ocrx_word' id='word_1_327' title='bbox 1152 5003 1296 5076; x_wconf 82' lang='lat' dir='ltr'><strong>inferius</strong></span> <span class='ocrx_word' id='word_1_328' title='bbox 1323 5000 1563 5093; x_wconf 84' lang='lat' dir='ltr'><strong>describimus,&#39;</strong></span> <span class='ocrx_word' id='word_1_329' title='bbox 1586 5009 1623 5074; x_wconf 84' lang='lat' dir='ltr'><strong>et</strong></span> <span class='ocrx_word' id='word_1_330' title='bbox 1650 5004 1710 5073; x_wconf 88' lang='lat' dir='ltr'><strong>an·</strong></span> 
     </span>
     <span class='ocr_line' id='line_1_37' title="bbox 161 5128 331 5201; baseline -0.006 -2"><span class='ocrx_word' id='word_1_331' title='bbox 161 5128 331 5201; x_wconf 86' lang='lat' dir='ltr'><strong>notamus.</strong></span> 
     </span>
    </p>

    <p class='ocr_par' dir='ltr' id='par_1_13' title="bbox 88 5243 1710 5471">
     <span class='ocr_line' id='line_1_38' title="bbox 243 5243 1710 5339; baseline -0.007 -12"><span class='ocrx_word' id='word_1_332' title='bbox 243 5249 506 5339; x_wconf 60' lang='lat' dir='ltr'><strong>„Jnmscnoon</strong></span> <span class='ocrx_word' id='word_1_333' title='bbox 533 5248 616 5320; x_wconf 85' lang='lat' dir='ltr'><strong>villa</strong></span> <span class='ocrx_word' id='word_1_334' title='bbox 642 5249 707 5321; x_wconf 89' lang='lat' dir='ltr'><strong>snb</strong></span> <span class='ocrx_word' id='word_1_335' title='bbox 733 5248 899 5339; x_wconf 82' lang='lat' dir='ltr'><strong>parochia</strong></span> <span class='ocrx_word' id='word_1_336' title='bbox 924 5247 967 5320; x_wconf 92' lang='lat' dir='ltr'><strong>de</strong></span> <span class='ocrx_word' id='word_1_337' title='bbox 994 5245 1195 5338; x_wconf 85' lang='lat' dir='ltr'><strong>Antiqua</strong></span> <span class='ocrx_word' id='word_1_338' title='bbox 1221 5245 1391 5319; x_wconf 88' lang='lat' dir='ltr'><strong>Radom</strong></span> <span class='ocrx_word' id='word_1_339' title='bbox 1417 5245 1494 5335; x_wconf 79' lang='lat' dir='ltr'><strong>sita,</strong></span> <span class='ocrx_word' id='word_1_340' title='bbox 1514 5243 1710 5318; x_wconf 83' lang='lat' dir='ltr'><strong>cuiushae·</strong></span> 
     </span>
     <span class='ocr_line' id='line_1_39' title="bbox 88 5366 1710 5471; baseline -0.007 -16"><span class='ocrx_word' id='word_1_341' title='bbox 88 5462 91 5469; x_wconf 59' lang='grc'>,</span> <span class='ocrx_word' id='word_1_342' title='bbox 161 5390 218 5456; x_wconf 73' lang='lat' dir='ltr'><strong>res</strong></span> <span class='ocrx_word' id='word_1_343' title='bbox 244 5369 395 5455; x_wconf 71' lang='lat' dir='ltr'><strong>lacobus</strong></span> <span class='ocrx_word' id='word_1_344' title='bbox 422 5369 695 5471; x_wconf 73' lang='lat' dir='ltr'><strong>chlcnsky,</strong></span> <span class='ocrx_word' id='word_1_345' title='bbox 716 5368 848 5446; x_wconf 58' lang='lat' dir='ltr'><strong>‘nobilis</strong></span> <span class='ocrx_word' id='word_1_346' title='bbox 875 5368 918 5448; x_wconf 88' lang='lat' dir='ltr'><strong>dc</strong></span> <span class='ocrx_word' id='word_1_347' title='bbox 945 5367 1046 5445; x_wconf 87' lang='lat' dir='ltr'><strong>domo</strong></span> <span class='ocrx_word' id='word_1_348' title='bbox 1073 5367 1351 5462; x_wconf 86' lang='lat' dir='ltr'><strong>Polukoaza,</strong></span> <span class='ocrx_word' id='word_1_349' title='bbox 1377 5366 1413 5439; x_wconf 90' lang='lat' dir='ltr'><strong>in</strong></span> <span class='ocrx_word' id='word_1_350' title='bbox 1432 5387 1501 5464; x_wconf 89' lang='lat' dir='ltr'><strong>qua</strong></span> <span class='ocrx_word' id='word_1_351' title='bbox 1517 5370 1600 5441; x_wconf 90' lang='lat' dir='ltr'><strong>sunt</strong></span> <span class='ocrx_word' id='word_1_352' title='bbox 1616 5366 1710 5444; x_wconf 86' lang='lat' dir='ltr'><strong>lanei</strong></span> 
     </span>
    </p>
   </div>
   <div class='ocr_carea' id='block_1_11' title="bbox 0 0 2030 6053">
    <p class='ocr_par' dir='ltr' id='par_1_14' title="bbox 0 0 2030 6053">
     <span class='ocr_line' id='line_1_40' title="bbox 0 0 2030 6053; baseline 0 0"><span class='ocrx_word' id='word_1_353' title='bbox 0 0 2030 6053; x_wconf 95' lang='lat' dir='ltr'><strong> </strong></span> 
     </span>
    </p>
   </div>
  </div>
 </body>
</html>
