4050 6054
1652 441 1725 513 159
1791 430 1800 439 ’

178 645 342 723 domoras
359 646 490 721 faciunt
508 645 716 722 coniunctim
741 645 827 719 alias
845 650 1025 742 sparnaco,
1053 643 1097 718 ad
1115 646 1286 719 rationem
1312 642 1445 718 dierum
1473 646 1508 718 in
1527 647 1720 736 septimana

178 768 382 842 debitorum.
425 770 513 841 item
539 770 646 840 habet
672 790 776 841 unam
801 769 982 839 tabernam
1009 768 1194 838 habentem
1220 789 1322 857 agros
1349 767 1524 857 speciales
1553 789 1640 857 quae
1659 789 1722 858 pro

177 905 282 961 censu
308 911 421 962 annno
439 891 543 962 solvit
561 898 693 980 septem
719 909 862 960 marcas.
901 888 990 959 Item
1007 888 1114 958 habet
1141 908 1201 958 sex
1218 888 1452 976 hortulanias,
1481 870 1626 976 qufirm
1652 893 1725 958 tres

180 1011 325 1081 solvunt
344 1031 408 1101 per
426 1011 543 1082 decem
561 1017 700 1098 scottos,
728 1009 817 1080 aliae
835 1028 918 1080 vero
937 1015 1010 1079 tres
1028 1028 1091 1097 per
1110 1007 1369 1098 quatuordecIm
1387 1027 1536 1096 grossos,
1563 1013 1600 1077 et
1617 1029 1723 1079 unum

177 1130 356 1221 pedestres
382 1130 473 1201 diem
499 1131 535 1201 in
554 1131 748 1219 septimana
772 1128 947 1216 laborant,
975 1128 1105 1198 habent
1130 1129 1236 1199 etiam
1254 1127 1342 1198 duae
1368 1127 1588 1198 hortulaniae
1616 1147 1723 1216 agros

72 1316 74 1327 .
177 1250 507 1339 tantummodopro
534 1251 668 1321 duobus
695 1249 834 1338 campis.
877 1247 965 1318 Item
992 1248 1168 1319 hortulani
1195 1253 1232 1319 et
1249 1247 1408 1336 inquilini
1433 1248 1595 1318 laborant
1621 1268 1725 1319 unam
1801 1310 1803 1315 .

169 1368 355 1464 poscebam
380 1371 509 1460 absque
527 1369 609 1458 die,
636 1370 672 1439 in
698 1367 880 1441 frumentis
907 1367 1131 1458 hyemalibus
1158 1369 1356 1440 cmethones
1382 1388 1465 1439 vero
1493 1367 1537 1438 ad
1555 1367 1724 1439 rationem

178 1490 326 1579 dierum;
354 1491 499 1562 alteram
518 1496 632 1561 autem
648 1487 834 1589 pomulam
850 1508 913 1578 pro
932 1486 1245 1592 falcastrandoaut
1261 1487 1455 1577 colligendo
1473 1487 1574 1559 foeno
1593 1489 1724 1576 absque

112 1620 116 1624 “
177 1610 233 1681 die
268 1614 431 1682 tenentur
467 1612 690 1699 tabernator,
717 1609 932 1696 emetbones,
965 1607 1141 1678 hortulani
1176 1614 1212 1677 et
1238 1608 1398 1697 inquilini
1424 1608 1593 1679 laborare.
1636 1607 1725 1679 Item

177 1729 344 1819 plebanus
371 1731 414 1802 de
440 1731 676 1822 Zyelonlry
711 1731 818 1800 habet
844 1728 930 1798 alias
961 1728 1015 1798 ius
1042 1727 1253 1816 percipiendi
1281 1727 1447 1798 decimam
1473 1728 1723 1817 manipularem

175 1850 219 1920 de
237 1851 331 1940 agris
350 1849 603 1940 praedialibns;
631 1849 692 1920 sed
710 1848 811 1919 datus
835 1852 889 1919 est
907 1847 973 1917 sibi
992 1867 1075 1936 ager
1101 1848 1137 1918 in
1155 1849 1467 1936 compensationem
1486 1847 1599 1918 dictae
1626 1847 1719 1918 deci-

176 1989 271 2058 mae,
299 1980 409 2058 =quem
435 1969 538 2040 hodIe
565 1969 648 2039 colit
683 1975 718 2039 et
743 1969 873 2039 retinet
899 1968 935 2037 in
961 1967 1178 2038 haereditate
1204 1966 1380 2056 praefatae
1407 1967 1509 2038 villae
1537 1966 1722 2055 ThanIe.

175 2088 264 2159 Item
291 2104 409 2159 omnes
436 2089 651 2176 cmethones,
677 2087 854 2159 hortulani
881 2094 916 2157 et
945 2087 1148 2179 tabernator
1174 2087 1314 2159 solvunt
1339 2086 1505 2158 decimam
1531 2087 1722 2176 manipula.-

176 2226 249 2278 rem
267 2206 486 2296 praebendae
505 2207 739 2296 Oracoviensi,
759 2227 847 2297 quae
865 2207 1060 2296 appellatur
1078 2206 1321 2296 Poszandzka,
1339 2208 1468 2297 absque
1487 2207 1723 2278 diminutione.

174 2326 262 2398 Item
288 2326 445 2417 praefata
472 2328 555 2398 villa
572 2328 677 2399 babet
691 2349 823 2421 paparo
848 2334 885 2397 et
903 2327 1063 2416 virgulta,
1090 2326 1151 2398 sed
1170 2328 1284 2398 omnia
1302 2346 1364 2416 per
1381 2327 1551 2398 incuriam
1568 2328 1721 2423 regentis

175 2446 376 2522 annihilata
396 2451 398 2454 ’
415 2448 504 2519 Item
537 2449 606 2518 n'on
637 2448 744 2518 habet
774 2446 1025 2536 molendinum,
1062 2446 1122 2517 sed
1153 2446 1392 2531 tantummodo
1423 2430 1526 2517 unam
1557 2447 1724 2535 piscinam

175 2567 273 2639 iuxta
299 2566 424 2637 villam.
1786 2651 1789 2655 ³

277 2684 365 2756 Item
391 2686 543 2757 confinat
569 2707 645 2757 cum
664 2687 755 2757 villis
781 2685 1061 2776 Modlnicza,
1094 2687 1153 2757 ubi
1171 2687 1263 2757 inter
1289 2685 1442 2776 virgulta
1467 2685 1607 2776 scopuli,
1634 2685 1721 2758 alias

173 2801 312 2898 topicae,
340 2805 376 2874 in
393 2807 524 2895 campis
550 2826 633 2876 vero
656 2803 841 2900 afiartam
867 2807 950 2877 item
969 2827 1046 2877 cum
1074 2805 1458 2878 Wikmanowicze
1485 2806 1637 2897 praedio,
1664 2806 1724 2879 ubi

173 2924 296 2996 fluvius
331 2922 444 2997 dictus
479 2923 766 2998 Giebulthowska
800 2927 905 2997 rzeka
936 2925 1078 3014 dividit3
1117 2927 1200 2997 item
1232 2910 1308 2997 cum
1343 2926 1626 3017 Pankowicze,
1662 2928 1722 3000 ubi
1821 2940 1830 2949 ‘

173 3042 340 3138 nqioazdy
366 3046 401 3114 in
428 3064 498 3116 una
525 3052 642 3135 parte,
669 3048 706 3116 in
733 3047 801 3117 alla
827 3066 909 3117 vero
937 3045 1106 3117 destructi
1132 3052 1168 3116 et
1195 3045 1349 3117 demoliti
1376 3053 1457 3118 sunt
1496 3067 1559 3136 per
1585 3047 1723 3118 Scadzi-

174 3165 298 3235 mirum
325 3169 361 3236 et
382 3165 603 3255 Boguslaum,
629 3166 796 3237 haeredes
823 3166 967 3237 alterius
985 3149 1096 3255 partis
1122 3166 1243 3255 villae3
1270 3167 1353 3239 item
1380 3188 1457 3239 cum
1483 3167 1721 3258 Zyelonky

173 3284 365 3375 capitulari,
392 3291 426 3355 et
443 3286 492 3356 ibi
510 3292 624 3357 strata
641 3286 784 3374 dividit,
811 3287 894 3357 item
913 3307 989 3360 cum
1006 3286 1116 3376 Zyel
1127 3306 1146 3356 0
1157 3308 1179 3355 n
1190 3286 1245 3376 ky
1262 3287 1391 3376 regalis
1417 3287 1466 3357 ibi
1483 3288 1588 3357 etiam
1607 3292 1720 3358 strata

143 3380 313 3492 dividit,
341 3404 402 3475 sed
420 3406 616 3477 cmetbones
643 3407 731 3495 regii
757 3406 867 3476 multa
893 3413 1081 3494 usurpant;
1108 3406 1192 3475 item
1218 3425 1294 3475 cum
1321 3405 1561 3476 Prandnik
1588 3407 1720 3494 episco-

172 3524 260 3613 pali,
288 3531 324 3594 et
341 3531 452 3596 strata
478 3524 620 3614 dividit,
647 3527 730 3596 item
756 3546 833 3596 cum
859 3524 1155 3613 Krowodrza,
1188 3524 1271 3595 villa
1288 3525 1470 3613 hospitalis
1497 3523 1615 3595 Sancti
1642 3523 1718 3612 Spi-

170 3644 260 3715 ritus
287 3643 589 3734 deOracovia,
617 3653 655 3714 et
671 3646 720 3716 ibi
738 3645 861 3716 fluvius
888 3644 1091 3715 Sucbdol
1117 3643 1261 3731 dividit3
1287 3644 1371 3714 Item
1389 3664 1465 3714 cum
1484 3643 1720 3715 Brunowi-

173 3784 248 3834 cze
275 3763 616 3853 Niemieczske,
644 3772 679 3835 et
705 3765 762 3835 ibi>
780 3765 883 3834 etiam
910 3763 1001 3834 idem
1027 3763 1151 3834 fluvius
1177 3763 1411 3834 Sucb'odol
1438 3763 1571 3834 dividit.

204 3866 231 3959 ³,
273 3884 363 3955 Item
381 3884 463 3956 villa
481 3882 639 3973 praefata
665 3885 763 3955 annis
790 3884 1026 3973 superloribus
1057 3883 1214 3959 solvebat
1239 3903 1304 3973 pro
1332 3883 1484 3971 capitulo
1515 3889 1551 3954 et
1571 3883 1607 3953 in
1630 3902 1721 3955 com-

170 4025 273 4076 mune
300 4004 423 4093 vigInti
449 4025 593 4094 marcas,
620 4024 710 4075 nunc
736 4010 850 4075 autem
869 4004 974 4079 sabio
998 4002 1234 4073 tautummodo
1262 4001 1441 4073 duodecim
1467 4023 1610 4074 marcas.

274 4124 472 4196 Notandum
499 4131 628 4215 autem,
656 4124 748 4215 quod
767 4122 944 4214 praefatus
964 4123 1126 4194 Nicolaus
1153 4123 1239 4193 allas
1266 4121 1431 4213 Mikul,
1458 4123 1727 4197 archidiaconns

169 4242 417 4334 cracoviensis,
444 4245 499 4316 vir
517 4245 560 4316 de
579 4247 687 4334 stirpe
714 4244 837 4332 nobili,
864 4264 941 4314 cum
959 4244 1105 4314 haberet
1131 4243 1273 4314 nimium
1299 4243 1410 4314 zelum
1437 4243 1482 4314 ad
1499 4243 1718 4316 formandum

75 4444 77 4448 ⁷
171 4365 298 4437 bonnm
334 4364 369 4434 in
397 4365 543 4437 ecclesia
571 4364 791 4436 CracovIensi
818 4364 987 4452 ordinem,
1022 4384 1147 4453 magno
1174 4364 1290 4435 studio
1317 4371 1353 4434 et
1379 4369 1505 4437 conatu
1539 4364 1721 4435 laborabat

170 4485 382 4556 constituere
408 4484 617 4556 relectiones
636 4463 832 4556 communes
858 4505 922 4573 pro
950 4484 1115 4574 praelatis
1143 4490 1178 4556 et
1196 4485 1368 4556 canonicis
1399 4485 1608 4573 intempore
1636 4503 1719 4572 qua·

169 4604 384 4694 dragesimae
411 4612 448 4677 et
465 4605 634 4676 adventus
659 4606 708 4677 -de
738 4605 964 4695 proventibus
990 4596 1218 4677 conlmunium
1245 4605 1405 4676 villarum
1432 4610 1468 4674 et
1485 4602 1720 4693 praediorum

169 4722 230 4794 sed
258 4725 340 4812 quia
365 4731 524 4795 tenentes
550 4725 749 4796 huiusmodi
775 4724 876 4796 villas
903 4732 941 4795 et
963 4724 1106 4813 praedIa
1132 4724 1297 4796 nolebant
1323 4725 1372 4795 eis
1398 4724 1540 4812 propria
1566 4722 1718 4792 utilitate
1770 4780 1773 4784 .

168 4844 332 4934 permoti,
357 4845 574 4934 renuntiare,
603 4865 671 4935 qua
688 4851 834 4935 propter
859 4843 1036 4934 praelatus
1063 4844 1210 4916 Mikul
1236 4844 1509 4932 archidiaconus,
1526 4843 1620 4931 pium
1638 4862 1719 4931 pro·
1748 4896 1755 4909 .

168 4965 319 5051 positum
337 4985 436 5036 sunm
453 4965 664 5054 firmaturus,
683 4965 801 5036 villam
819 4985 915 5036 suam
934 4964 1249 5054 praestimonialem
1266 4970 1304 5034 et
1320 4961 1590 5034 haereditariam
1608 4961 1717 5053 Tha·

167 5105 190 5154 n
199 5102 251 5174 yc
282 5082 327 5156 ad
346 5105 432 5174 opus
458 5091 531 5156 tam
558 5085 653 5175 pium
680 5085 826 5157 contulit
843 5084 995 5173 capitulo
1013 5083 1250 5171 cracoviensi;
1266 5102 1386 5155 rernm
1403 5102 1482 5159 cum
1498 5080 1536 5155 id
1553 5080 1599 5155 ad
1615 5081 1717 5155 eber-

166 5210 241 5277 tnm
268 5207 387 5278 virens
413 5205 604 5295 perducere
631 5225 700 5276 non
727 5211 862 5293 posset,
897 5204 1021 5275 mortis
1046 5203 1135 5274 hora
1159 5207 1347 5291 perventus
1372 5183 1569 5291 mandarit,
1593 5209 1634 5273 ut
1650 5203 1717 5277 bn·

165 5324 316 5396 iusmodi
342 5325 426 5396 villa
453 5325 604 5417 capitulo
642 5324 772 5414 absque
799 5324 892 5395 omni
918 5320 1191 5394 contradictione
1215 5326 1254 5397 et
1279 5318 1692 5431 mim
