4050 6054
233 468 307 548 lae

165 674 172 689 “
229 681 263 753 S.
288 674 443 750 Floriani
478 670 649 768 pertinet,
685 669 770 746 haec
796 674 880 747 villa
906 694 927 744 a
953 666 1131 764 primaeva
1163 670 1196 743 S.
1223 664 1376 742 Floriani
1410 664 1588 742 dotatione
1620 662 1785 739 sanctua-

230 801 361 871 riorum
392 803 478 888 erat,
508 797 567 887 qui
600 795 764 868 ecclesiae
796 794 828 865 S.
847 794 1003 865 Floriani
1028 813 1091 884 per
1117 793 1209 865 vices
1237 790 1488 880 deserviebant,
1515 790 1571 860 die
1603 808 1643 860 ac
1664 792 1781 877 nocte,

230 919 333 990 liberi
361 918 405 988 ab
424 917 516 988 omni
543 936 657 1004 censu,
684 916 813 1004 laboro,
841 914 946 1003 datia,
973 914 1161 1002 exactione,
1188 916 1225 983 et
1251 912 1372 1001 quovis
1398 911 1541 982 tributo.
1569 908 1678 997 Quam
1706 906 1785 979 (Ia-

231 1037 421 1108 simirus
456 1035 621 1107 Poloniae
648 1035 718 1106 dux
754 1040 790 1105 et
816 1034 1005 1105 monarcha
1030 1033 1068 1103 in
1093 1033 1272 1122 primaeva
1306 1029 1509 1102 fundatione
1536 1033 1574 1100 et
1600 1027 1783 1100 dotatione

231 1157 394 1228 ecclesiae
421 1155 453 1227 S.
480 1154 653 1243 Floriani,
689 1153 732 1224 de
759 1154 959 1224 introitibus
995 1153 1066 1223 suis
1094 1152 1272 1223 ducalibus
1300 1150 1465 1222 ecclcsiae
1500 1149 1610 1220 eidem
1638 1147 1671 1219 S.
1698 1147 1785 1218 Flo-

231 1276 320 1346 riani
347 1275 382 1344 in
410 1281 539 1346 sortem
564 1278 768 1363 perpetuam
794 1274 1013 1363 ascripserat.
1040 1271 1209 1343 Processu
1236 1270 1352 1341 antem
1369 1269 1548 1359 temporie,
1576 1289 1652 1338 cum
1667 1266 1782 1338 ecclc-

231 1395 284 1464 sia
309 1393 342 1464 S.
369 1392 524 1465 Floriani
551 1393 749 1464 doctoribus
776 1397 812 1463 et
838 1392 1015 1481 magistris
1042 1391 1169 1463 collata
1195 1389 1295 1480 foret,
1322 1389 1490 1461 beneficia
1516 1407 1653 1480 quoque
1671 1387 1785 1477 ipsius

231 1514 423 1602 adaequata
448 1510 603 1601 fuissent,
631 1512 818 1583 sanctuarii
837 1532 880 1582 ex
897 1511 980 1582 villa
996 1508 1153 1601 praefata
1179 1510 1287 1582 amoti
1310 1513 1399 1598 sunt,
1418 1514 1454 1579 et
1472 1509 1506 1578 in
1524 1509 1637 1580 locum
1655 1526 1779 1578 eornm

232 1632 455 1704 sacristianus
483 1635 520 1702 et
546 1630 614 1703 duo
641 1635 901 1721 campanatores
928 1631 1088 1720 instituti,
1116 1636 1151 1700 et
1169 1650 1246 1701 sors
1274 1629 1549 1700 sanctuariorum
1576 1628 1612 1697 in
1639 1627 1785 1721 colonos

232 1750 382 1823 redacta
409 1749 496 1822 Sunt
522 1750 572 1821 ibi
598 1750 745 1840 triginta
772 1755 920 1841 quatuor
946 1749 1038 1821 lanei
1066 1748 1317 1839 cmetlronales‚
1345 1747 1388 1819 de
1416 1748 1571 1838 quolibet
1598 1746 1785 1818 solvuntur

232 1890 295 1960 pro
323 1890 436 1940 annuo
464 1889 568 1940 censu
595 1874 668 1941 tres
694 1868 847 1941 fertones
874 1875 1032 1941 monetae
1058 1870 1205 1960 usualis,
1232 1870 1316 1940 itcm
1344 1869 1429 1940 duos
1455 1867 1576 1957 gallos,
1605 1867 1689 1936 item
1715 1864 1785 1935 tri-

231 1990 330 2079 ginta
356 2010 431 2078 ova3
458 2009 526 2060 non
553 1989 714 2060 laborant
748 1994 865 2060 autem
892 1990 1026 2079 aliquos
1054 1989 1190 2059 diesin
1219 1989 1428 2078 septimana,
1463 2006 1576 2076 neque
1611 1986 1783 2056 ducturas

231 2107 345 2179 facere
371 2112 544 2191 tenentur,
571 2112 673 2179 arant
691 2112 806 2179 tamen
825 2129 928 2198 agros
945 2108 1149 2198 praediales,
1175 2114 1298 2179 serunt
1324 2114 1360 2178 et
1376 2111 1520 2196 metunt,
1548 2107 1631 2176 item
1650 2104 1784 2175 curiam

232 2228 371 2317 sepiunt
389 2231 425 2297 et
443 2227 557 2317 sepire
584 2231 755 2298 tenentur.
781 2228 870 2298 Item
889 2231 1052 2298 tenentur
1069 2228 1164 2317 ligna
1183 2228 1308 2298 ducere
1327 2226 1371 2296 ad
1391 2227 1508 2297 curiae
1526 2225 1784 2297 necessitatem.

334 2346 422 2416 Item
449 2365 566 2417 omncs
602 2346 694 2417 lanei
730 2346 961 2418 emethonales
997 2347 1137 2418 solvunt
1171 2348 1373 2437 solvereque
1408 2350 1573 2419 tenentur
1610 2343 1782 2416 decimam

231 2464 480 2555 manipularem
516 2465 620 2536 altari
646 2470 683 2537 et
708 2465 886 2538 altaristae
922 2466 1044 2538 altaris
1070 2465 1218 2539 Sanctae
1244 2466 1380 2538 Mariae
1416 2467 1452 2537 in
1479 2454 1625 2537 ecclesia
1655 2465 1784 2561 maiori

233 2581 462 2656 cracoviensi.
488 2584 577 2656 Item
603 2590 658 2656 est
683 2586 719 2656 in
746 2586 866 2656 eadem
891 2585 975 2657 villa
1000 2587 1181 2676 praedium
1207 2587 1456 2676 praelatorum.
1470 2592 1507 2657 et
1530 2580 1782 2658 ¹canonIcorum
1913 2626 1919 2635 -

232 2702 265 2773 S.
291 2702 463 2793 Floriani,
490 2704 533 2775 de
559 2704 657 2777 cuius
684 2705 778 2795 agris
804 2705 891 2776 nulli
917 2706 1057 2777 solvunt
1084 2705 1267 2796 decimam,
1304 2707 1366 2777 sed
1393 2727 1469 2777 eam
1495 2727 1559 2797 pro
1586 2724 1624 2777 se
1650 2704 1793 2777 tollunt·

232 2826 269 2893 et
295 2821 331 2892 in
357 2822 520 2893 horreum
547 2843 648 2895 snum
673 2823 858 2913 inducunt;
896 2826 1094 2915 pertinebat
1119 2827 1288 2917 siquidem
1315 2825 1493 2917 praedicta
1520 2824 1653 2898 decima
1678 2843 1785 2915 prae-

232 2940 334 3011 dialis
360 2941 404 3011 ad
431 2942 578 3031 primam
613 2942 846 3032 praebendam
872 2943 905 3014 S.
932 2943 1106 3034 Floriani,
1141 2945 1202 3016 sed
1234 2951 1314 3035 post
1340 2946 1628 3036 adaequationem
1662 2945 1785 3035 coepit

231 3079 308 3131 esse
336 3061 534 3131 communis.
560 3061 648 3133 Item
674 3063 841 3134 tabernae
859 3085 928 3135 non
947 3070 1029 3136 sunt
1047 3065 1083 3135 in
1111 3064 1194 3136 uilla
1220 3066 1385 3157 praelata,
1412 3086 1524 3157 neque
1551 3064 1785 3137 hortulaniae.

102 3199 105 3203 ’
239 3204 275 3247 τι»
334 3179 422 3250 Item
450 3179 532 3252 villa
558 3179 715 3271 praefata
741 3181 893 3255 confluat
919 3203 996 3256 cum
1022 3184 1114 3256 villis
1133 3239 1275 3257 ......

613 3444 797 3528 Domus
830 3452 874 3528 et
905 3465 1034 3527 areae
1053 3448 1107 3579 ln
1140 3444 1365 3551 Olyeparz.

335 3661 450 3737 Habet
476 3662 622 3738 ecclesia
648 3662 681 3737 S.
707 3662 864 3738 Floriani
890 3670 927 3737 et
952 3664 1148 3737 beneficiati
1184 3666 1259 3737 eius
1286 3666 1437 3757 quinque
1465 3665 1585 3738 domos
1615 3670 1651 3736 et
1676 3685 1785 3739 arcas

232 3786 268 3856 in
296 3783 405 3875 Glep
417 3805 494 3855 arz
520 3785 556 3854 iu
574 3785 703 3856 circulo
722 3805 764 3855 ex
781 3789 930 3874 utraque
948 3789 1049 3875 parte
1067 3785 1231 3856 ecclesiae
1249 3786 1345 3875 sitas,
1373 3805 1442 3856 nna
1459 3791 1606 3857 vocatur
1631 3785 1786 3859 Praed-

232 3904 375 3992 borii,
402 3924 490 3993 qnae
508 3904 612 3976 solvit
629 3924 693 3995 pro
712 3924 826 3976 annuo
844 3924 950 3976 censu
977 3925 1081 3976 unam
1098 3924 1261 3994 marcam3
1288 3905 1441 3977 secunda
1466 3905 1558 3978 Pan
1565 3924 1664 3998 year,
1690 3926 1787 4001 qnae

232 4022 339 4093 etiam
365 4022 468 4093 solvit
503 4040 605 4092 unam
632 4043 803 4112 marcam3
837 4024 945 4095 tertia
979 4023 1248 4114 Laurentii,
1282 4045 1370 4116 quae
1405 4026 1511 4097 etiam
1543 4024 1649 4109 soluit
1672 4044 1784 4109 uuam
1852 4090 1859 4099 .

232 4159 403 4228 marcam;
438 4146 564 4231 quarta
589 4140 698 4232 Zak,
734 4162 822 4231 quae
857 4143 964 4214 etiam
990 4143 1095 4215 solvit
1129 4164 1232 4215 unam
1267 4164 1438 4233 maream3
1474 4144 1597 4236 quinta
1621 4145 1785 4237 pictoria,

233 4279 320 4350 quae
346 4259 458 4331 solum
483 4259 590 4331 solvit
615 4260 763 4332 mediam
789 4282 948 4333 marcam.

858 4521 1155 4607 Sacristiauua.

333 4736 422 4814 Item
448 4741 556 4815 babet
583 4738 727 4815 ecclesia
752 4742 786 4815 S.
807 4742 964 4816 Floriani
991 4745 1175 4834 specialem
1202 4744 1407 4835 sacristiam,
1434 4745 1470 4816 in
1496 4746 1594 4819 cuius
1620 4745 1784 4819 custodia

231 4882 349 4933 omnes
375 4882 441 4951 res,
469 4861 627 4934 clenodia
653 4866 689 4934 ct
715 4862 877 4934 cumnilia
911 4864 1078 4935 ecclesiae
1104 4864 1138 4934 S.
1164 4864 1320 4936 Floriani
1346 4866 1557 4956 consistunt,
1592 4871 1629 4938 et
1654 4865 1781 4957 quiin

230 4978 387 5053 eiusdem
419 4979 585 5051 ecclesiae
619 4982 780 5053 sacristia
814 4987 954 5055 tenetur
987 4984 1148 5056 noctibus
1183 4984 1328 5075 singulis
1356 4986 1502 5076 cubare,
1537 4986 1597 5077 qui
1622 5003 1687 5076 pro
1714 5006 1782 5059 sno

230 5099 358 5170 solario
383 5099 492 5171 habet
517 5106 667 5191 quctmr
692 5120 827 5175 marcas
853 5104 1042 5174 communis
1068 5105 1245 5194 pecuniae,
1272 5106 1445 5196 quaesibi
1471 5125 1535 5196 per
1552 5104 1782 5179 beneficiatos

230 5218 395 5290 ecclesiae
421 5218 455 5290 S.
480 5218 636 5291 Floriani
671 5222 760 5293 solvi
786 5241 828 5292 ex
854 5240 970 5321 censu
994 5205 1097 5295 uillae
1129 5222 1297 5316 (Izaple
1333 5231 1414 5297 sunt
1448 5231 1643 5298 consuetae.
1687 5224 1782 5298 Item

230 5336 336 5410 habet
370 5337 659 5412 columbationem
694 5342 780 5414 alias
806 5338 990 5440 kolgpmlura
1024 5344 1207 5432 specialem
1235 5345 1277 5416 de
1304 5345 1525 5436 parochianis
1552 5345 1585 5417 S.
1611 5345 1782 5441 Floriani,
