4050 6054
1701 555 1775 627 401

181 823 185 830 .
227 766 334 839 habet
359 741 530 854 praefata·
549 761 676 834 lemine
700 762 890 834 Gatherina
914 748 1319 835 'Szoohaczowska
1355 760 1446 852 apud
1473 763 1621 834 vicarios
1647 761 1778 834 Sando-

227 888 409 958 mirienscs
438 889 643 975 perpetuum
670 885 957 974 anniversarium,
983 889 1020 954 et
1038 887 1232 965 'cantantur
1261 885 1295 953 in
1314 883 1667 955 remedium’animae
1685 904 1778 974 suae,
1838 917 1842 921 >

227 1006 464 1100 per‘vicarios
491 1005 527 1077 in
549 1005 774 1096 quibuslibet
787 994 937 1099 quatuor
962 1005 1185 1096 temporibus,
1213 1003 1352 1095 vigiliae
1378 1024 1502 1077 novem
1529 1002 1715 1077 lectionum
1742 1009 1778 1077 et

230 1131 337 1202 missa
363 1127 611 1201 defunctorum.

334 1250 513 1340 anszus,
539 1249 624 1321 villa
650 1250 715 1320 sub
742 1248 912 1339 parochia
938 1234 1103 1319 ccclesiae
1128 1247 1173 1321 de
1198 1239 1398 1343 ¹Pkanow
1425 1248 1507 1337 sita,
1535 1248 1632 1319 cuins
1658 1248 1779 1318 haere-

231 1373 293 1443 des
320 1369 488 1461 Clemens,
513 1369 691 1443 lohannes
718 1348 972 1441 et‘Vilhelmus
997 1367 1125 1440 fratres
1151 1367 1195 1438 de
1214 1369 1320 1439 armis
1347 1367 1456 1457 Oxo,
1484 1369 1519 1439 in
1548 1386 1616 1458 qua
1643 1369 1778 1439 univer·

232 1496 319 1566 sitas
335 1492 552 1565 'vicariorum
580 1468 919 1564 Sandomiriensiuur
937 1490 1043 1562 habet
1062 1486 1098 1561 in
1117 1490 1276 1560 omnibus
1303 1490 1553 1580 cmcthonibus,
1579 1489 1779 1560 tabernata-

232 1612 330 1688 ribus
355 1619 391 1684 et
416 1612 631 1702 hortularia,
668 1611 784 1695 villam
812 1610 1215 1702 circamanentium,
1252 1616 1401 1703 quatuor
1428 1630 1561 1681 marcas
1598 1611 1640 1680 (lc
1667 1631 1781 1682 annno

233 1754 347 1826 ceusu,
375 1753 476 1824 quem
494 1733 585 1825 apud
603 1731 778 1824 praelatos
796 1732 974 1825 haeredes,
999 1730 1209 1805 universitas
1228 1730 1436 1804 vicariorum
1454 1730 1781 1803 Sandomiriensium

229 1854 296 1948 pro
323 1857 459 1926 centum
487 1854 739 1945 quinquaginta
763 1852 912 1944 tiorenis²
937 1854 1010 1944 per'
1025 1848 1219 1924 Johanmm
1247 1852 1501 1956 Pyeczony,
1528 1852 1636 1924 civem
1651 1851 1782 1924 Sando-

232 1976 447 2065 miricnsem‚
484 1975 612 2046 eisdem
640 1974 798 2065 donatis,
832 1974 907 2047 loro
934 1974 1159 2065 reemptionis
1185 1980 1221 2045 et
1247 1972 1350 2058 titulo
1378 1974 1609 2063 comparavit3
1646 1974 1782 2044 ratione

233 2098 330 2169 cuius
365 2095 473 2167 habet
506 2093 685 2185 praefatus
720 2094 872 2167 Joannes
898 2095 1141 2187 Pyeezony
1178 2094 1285 2186 apud,
1305 2095 1453 2166 vicarios
1486 2092 1784 2166 &ndomiricnses

235 2223 440 2308 perpetuum
466 2216 750 2306 anniversarium,
779 2220 814 2287 et
839 2217 968 2307 legitur
994 2218 1030 2288 in
1050 2215 1241 2289 remedium
1268 2217 1403 2288 animae
1421 2216 1505 2306 eius,
1533 2215 1688 2309 qualibet
1707 2236 1783 2308 sep-

236 2341 384 2437 timana,
403 2336 641 2411 detunctorum
667 2338 780 2409 missa.

337 2458 594 2549 Koarnnmnr,
621 2459 802 2549 praedium
820 2463 900 2530 ante
918 2458 1083 2548 oppidum
1100 2455 1387 2548 Sandomiriense,
1416 2458 1507 2549 quod
1526 2458 1785 2551 Wyeprzyek

236 2581 321 2653 civis
347 2580 648 2671 Sandomiriensis,
672 2578 894 2652 universitati
921 2578 1129 2651 vicariorum
1156 2578 1486 2652 Sandomiriensium
1513 2580 1665 2672 donavit,
1693 2581 1784 2671 quod

235 2701 437 2773 arendatum
456 2702 521 2791 per
545 2699 710 2792 Pyoro,
736 2698 842 2772 solvit
860 2701 999 2772 vicariis
1017 2721 1213 2790 proannuo
1232 2721 1337 2772 censu
1356 2701 1443 2773 duas
1461 2722 1604 2774 marcas.
1632 2701 1782 2773 Donatio

235 2828 359 2893 autem
377 2819 525 2912 praefati
543 2820 678 2911 praedii
697 2821 763 2892 etsi
780 2827 951 2911 perpetua
968 2822 1023 2911 sit,
1051 2822 1275 2915 reemptionis
1294 2829 1409 2894 tamen
1429 2822 1660 2894 conditionem
1678 2823 1784 2895 habet

235 2944 270 3015 in
298 2962 345 3032 se,
371 2961 450 3013 nam
477 2946 680 3014 reservatur
705 2940 852 3014 facultas
879 2943 1184 3033 propinquioribus
1210 2943 1424 3033 redimendi,
1445 2944 1569 3016 solutis
1597 2945 1787 3034 nonaginta

235 3064 378 3154 marem,
413 3063 469 3135 vel
496 3077 603 3139 ceusu
620 3063 777 3137 ‘duarum
810 3083 1004 3136 marcarum
1040 3065 1077 3136 in
1104 3064 1181 3135 aliis
1216 3063 1318 3137 bonis
1353 3085 1417 3155 pro
1444 3065 1584 3138 vicariis
1620 3070 1785 3157 coempto.

180 3273 187 3285 ι
236 3184 423 3257 Occasione
459 3188 575 3257 autem
609 3179 808 3258 huiusmodi
834 3184 989 3277 praedii,
1026 3186 1132 3259 habet
1167 3185 1258 3257 idem
1284 3185 1545 3276 Wyeprzek
1582 3192 1787 3278 perpetuum

238 3306 329 3398 apud
356 3306 504 3378 vicarios
531 3285 828 3377 Sandomirienses
854 3294 1138 3396 anniversarium,
1166 3312 1202 3379 et
1224 3311 1411 3378 cantantur
1437 3307 1473 3377 in
1500 3307 1688 3379 remedium
1716 3309 1789 3379 ani-

237 3448 314 3499 mae
340 3436 444 3517 suae3'
460 3427 497 3497 in
524 3426 737 3518 quibuslibet
771 3431 920 3517 quatuor
955 3428 1185 3520 temporibus,
1220 3427 1360 3518 vigiliae
1388 3409 1510 3500 novem
1537 3429 1724 3502 lectionum
1750 3435 1787 3499 et
1842 3518 1846 3527 l

238 3549 344 3622 missa
371 3545 619 3621 defunctorum.

340 3670 475 3743 Hortus
502 3668 590 3742 situs
617 3690 724 3761 penes
749 3673 888 3760 pratum
915 3672 1023 3743 castri
1040 3669 1337 3763 Sandomiriensis,
1365 3676 1501 3763 emptus
1529 3693 1592 3762 per
1618 3652 1788 3743 universi-

167 3882 175 3890 ,
238 3778 346 3866 tatem
363 3792 573 3865 vicariorum
590 3791 921 3865 Sandomiriensium
940 3793 1085 3883 pecunia
1106 3794 1374 3885 communitatis
1393 3815 1456 3886 pro
1476 3795 1679 3884 octuaginta
1696 3814 1787 3865 mar·

239 3915 307 4006 cis,
334 3902 522 3987 arendatus
558 3914 662 3986 solvit
688 3935 752 4006 pro
779 3933 884 3985 censu
910 3934 1024 3985 annuo
1060 3920 1133 3985 tres
1159 3935 1312 4011 marcas²
1351 3915 1487 3987 ratione
1515 3898 1679 4006 quarum,
1715 3915 1789 4005 agit

240 4037 449 4109 universitas
463 4036 672 4108 vicariorum
685 4038 890 4129 perpetuum
905 4036 1190 4127 anniversarium,
1209 4057 1272 4128 pro
1287 4037 1446 4108 omnibus
1466 4037 1603 4127 collegii
1618 4037 1672 4109 sui
1685 4037 1791 4109 bene-

238 4158 439 4248 factoribus,
467 4158 668 4248 inquorum
695 4156 887 4228 animarum
905 4157 1104 4248 remedium,
1132 4162 1315 4229 cantantur
1343 4179 1405 4248 per
1427 4159 1576 4230 vicarios
1595 4159 1631 4230 in
1650 4159 1790 4249 quibus-

238 4279 324 4377 libet
351 4281 500 4371 quatnor
526 4276 750 4367 temporibus,
777 4277 918 4368 vigiliae
944 4299 1066 4349 novem
1094 4278 1280 4351 lectionum
1308 4284 1344 4350 ct
1370 4280 1475 4351 missa
1502 4279 1751 4352 defunctorum.

219 4390 223 4400 ’
344 4398 498 4491 lapidea
525 4399 559 4469 in
587 4392 703 4490 platea
728 4419 838 4491 prope
865 4397 897 4469 S.
924 4397 1073 4470 Mariam
1100 4398 1343 4489 Magdalonam
1370 4401 1405 4472 in
1433 4400 1561 4491 oppido
1579 4399 1791 4472 Sandomiri-

240 4522 314 4593 onai
342 4521 428 4611 sita,
464 4540 565 4612 quam
594 4519 758 4592 Nicolaus
784 4520 828 4591 de
855 4519 1094 4611 Lancicia‚
1124 4521 1272 4611 primum
1299 4522 1334 4593 in
1362 4522 1401 4592 M
1410 4522 1572 4618 ydlow,
1604 4522 1728 4594 deinde
1755 4522 1791 4592 in

240 4641 491 4714 Pelcziska
521 4642 706 4733 plebanus,
741 4642 892 4734 propriis
928 4642 1084 4733 pecuniis
1120 4649 1290 4735 emptam,
1325 4644 1546 4717 universitati
1582 4643 1792 4717 vicariorum

241 4762 572 4836 Sandomiriensium
597 4763 752 4854 donavit,
779 4782 882 4854 qnam
909 4769 1032 4854 expost
1058 4769 1223 4855 exustam,
1251 4765 1429 4837 lohannes
1455 4764 1553 4836 Kon
1579 4763 1792 4855 archidiaco-

241 4905 307 4957 nus
333 4882 624 4956 Zavichostensis
657 4884 852 4975 reparavit3
887 4886 1023 4956 ratione
1060 4885 1159 4956 cuius
1193 4891 1302 4977 agunt
1337 4885 1459 4957 vicarii
1494 4883 1792 4958 Sandomirienses

241 5005 369 5103 clupleu¹
400 5005 693 5096 anniversarium,
724 5025 829 5077 unnm
862 5005 1006 5077 Nicolao
1038 5006 1257 5098 Pelcziezsky
1297 5004 1435 5078 ratione
1466 5005 1671 5097 donationis,
1699 5006 1793 5079 aliud

241 5125 395 5199 lohanni
421 5126 518 5199 Kon
545 5128 680 5199 ratione
708 5125 949 5217 reparationis,
977 5127 1012 5197 in
1041 5126 1252 5217 quibuslibet
1278 5131 1428 5217 quatuor
1454 5126 1669 5218 temporibus
1695 5128 1793 5200 cuili-

242 5247 302 5319 bet
329 5267 504 5338 seorsum,
540 5247 710 5320 cantando
747 5246 884 5336 vigilias
920 5267 1042 5320 novem
1077 5246 1262 5318 lectionum
1299 5253 1335 5320 et
1361 5247 1501 5319 missam
1535 5247 1793 5341 defumctorum3

241 5368 380 5460 lapidea
405 5373 521 5442 autem
545 5368 725 5463 praedicta
751 5367 939 5457 arendata,
967 5368 1071 5441 solvit
1097 5367 1317 5446 universitati
1343 5368 1553 5446 vicariorum
1581 5369 1793 5445 Sandomiri-

244 5490 378 5564 ensium
406 5491 587 5566 annuatim
613 5489 699 5567 duas
723 5507 870 5565 marcas,

373 5657 423 5704 bib.
435 5658 527 5703 nenena
1591 5642 1628 5693 51
