4050 6054
1658 536 1661 543 .
1689 467 1763 542 179

211 665 343 739 decima
367 665 595 757 manipularis
622 669 751 757 partim
778 669 926 758 plebano
954 674 991 741 et
1011 670 1184 740 >ecelesiae
1205 671 1246 742 in
1268 671 1473 764 Witbonr,
1499 676 1628 766 partim
1653 647 1762 751 eccie-
1808 735 1810 747 ,

210 789 284 859 siae
310 792 346 859 et
371 778 528 879 plebano
547 789 590 861 ia
610 789 949 879 Przemannow,
985 791 1133 862 solvitur
1160 791 1294 864 decima
1321 794 1548 884 manipularis
1576 818 1640 886 pro
1668 800 1762 888 capi·
1868 875 1869 878 ,

210 909 284 980 tulo
311 901 550 1000 cracoviensi,
577 917 613 981 et
640 932 703 1000 por
729 910 922 1000 oppidanos
948 915 985 982 et
1010 913 1215 984 hortulanos
1251 913 1403 1004 propriis
1434 916 1595 989 curribus
1623 917 1761 993 ducitur
1845 890 1848 897 V

211 1031 245 1101 in
272 1031 436 1103 borreum
461 1051 484 1103 a
509 1032 604 1122 capit
588 1032 661 1104 tulo
689 1031 889 1122 locandum,
926 1037 963 1104 at
989 1033 1129 1105 solvunt
1164 1033 1330 1105 dammam
1357 1030 1481 1127 cansp'i
1516 1058 1581 1128 per
1612 1044 1761 1128 quatuor

210 1152 381 1242 ierugasf
392 1156 446 1224 et
447 1153 660 1224 aestimatur
694 1153 793 1224 valor
819 1153 893 1225 eius
925 1153 1114 1225 addacem
1140 1175 1283 1228 marcas.
1328 1155 1410 1228 Non
1443 1163 1499 1230 est
1534 1158 1583 1230 ibi
1619 1151 1760 1251 aliquod

209 1272 388 1364 praedium
415 1274 557 1364 regium

313 1392 616 1484 Wnosnowrczn
643 1394 725 1466 villa
744 1396 808 1465 sub
826 1394 994 1484 parocbia
1012 1395 1178 1468 ecclesiae
1194 1396 1244 1467 de
1256 1395 1528 1489 Koscbycze
1555 1400 1636 1489 sita,
1663 1402 1761 1474 cuins

209 1516 335 1587 haeres
360 1514 826 1606 lacobusslupowsky,
851 1515 978 1588 nobilis
1005 1515 1049 1587 de
1075 1515 1177 1588 domo
1203 1515 1396 1607 Lelywa
1421 1518 1463 1590 In
1489 1538 1559 1610 qna
1584 1525 1761 1613 suntsep·

209 1643 278 1719 tem
306 1637 399 1708 lanei
426 1637 678 1727 emathonales,
705 1638 748 1708 de
776 1637 901 1727 quibus
928 1636 1088 1709 omnibus
1115 1638 1245 1729 absque
1273 1638 1500 1711 diminutione
1526 1641 1674 1713 solvitur
1700 1643 1759 1714 de-

208 1759 299 1830 cima
325 1757 549 1848 manipularis
577 1757 728 1848 capitulo
748 1756 977 1846 cracoviensi,
1005 1762 1047 1828 et·
1066 1763 1230 1829 tenantur
1257 1759 1352 1830 illam
1378 1762 1759 1854 cmetbonesaprnpriis

209 1878 520 1985 curribnsuducere
547 1880 583 1949 in
609 1879 774 1950 borreum
809 1898 873 1967 per
898 1877 1088 1968 capitulum
1114 1878 1326 1969 eligendum,
1362 1886 1399 1951 et
1424 1881 1565 1953 solvunt
1589 1882 1758 1956 decimam

207 2000 329 2090 canapi
356 2019 420 2091 per
437 2004 586 2092 quatuor
612 1999 762 2090 ierngas,
790 2004 827 2070 et
853 1999 1057 2075 aestimatur
1083 2000 1192 2071 rator
1208 2000 1282 2071 eius
1300 2000 1345 2071 ad
1364 1998 1482 2073 decem
1508 2023 1652 2077 mareas.
1679 2003 1758 2077 Non

208 2127 263 2194 est
288 2123 337 2192 ibi
364 2121 513 2192 taberna
539 2121 665 2213 aliqua,
692 2120 827 2191 sedeat
853 2120 950 2192 curia
967 2120 1139 2210 militaria,
1167 2120 1299 2193 habens
1326 2142 1430 2211 agros
1447 2122 1658 2214 prandialaafp
1676 2129 1764 2203 aaut

209 2244 313 2314 etiam
341 2246 490 2333 quatuor
515 2239 735 2313 hortulaniae
761 2240 929 2313 habentes
948 2261 1061 2331 agros,
1088 2261 1131 2312 ex
1149 2240 1293 2332 praedio
1319 2241 1463 2314 militari
1490 2243 1541 2330 eis
1567 2244 1762 2334 adiunctoa·
1885 2251 1890 2262 '

207 2364 251 2434 de
277 2363 402 2453 quibus
427 2362 562 2435 decima
586 2361 813 2452 manipularis
840 2360 944 2433 datur
969 2362 1118 2453 plebano
1144 2367 1182 2434 at
1207 2363 1373 2435 ecclesiae
1398 2363 1688 2456 in-Witbm·
1721 2369 1759 2438 et

208 2485 308 2556 valor
334 2484 409 2554 eius
437 2484 639 2555 aestimatur
666 2482 711 2554 ad
737 2487 811 2556 tres
837 2502 980 2581 marcas.

311 2589 592 2694 pronomem,
628 2603 712 2675 villa
740 2603 804 2675 sub
831 2604 997 2695 parocbia
1022 2604 1188 2676 ecclesiae
1215 2604 1258 2675 de
1284 2603 1651 2697 Rapbalowy'cze
1678 2607 1757 2697 sita,

208 2726 304 2797 cuiun
330 2725 454 2796 baares
481 2725 648 2797 Nicolaus
672 2724 989 2815 Schalowslry‚
1025 2724 1152 2796 nobilis
1178 2724 1223 2796 de
1249 2724 1351 2797 domo
1379 2725 1662 2816 Sarepta-nm.
1713 2713 1768 2798 In‘

207 2866 276 2936 qna
301 2851 383 2916 sunt
397 2846 476 2918 duo
504 2845 595 2952 lanei
622 2845 874 2934 cmetbonalas,
910 2844 997 2916 iteri
1022 2865 1093 2917 una
1117 2844 1284 2935 taberna,
1310 2845 1396 2917 item
1422 2845 1511 2918 dnae
1527 2846 1810 2927 mutante„

206 2965 374 3038 habentes
399 2986 513 3056 agros,
539 2967 727 3058 dequibus
745 2966 904 3039 omnibus
931 2965 1079 3037 solvitur
1097 2965 1231 3037 decima
1256 2967 1481 3055 manipularis
1499 2968 1535 3038 in
1550 2964 1771 3062 pondtwooa

206 3107 270 3177 pro
305 3086 457 3177 capitrdo
484 3086 724 3177 Oracoviensi,
761 3092 797 3159 et
822 3091 987 3158 tenentur
1020 3087 1117 3157 illam
1151 3086 1286 3158 incolae
1319 3085 1447 3175 ducere
1481 3088 1518 3159 in
1539 3088 1758 3161 borreuma
1839 3098 1847 3112 ‘

206 3208 358 3298 capitulo
385 3208 599 3298 eligendum
634 3209 718 3280 item
745 3208 886 3280 solvunt
911 3206 1079 3280 decimam
1106 3207 1229 3299 canapi
1263 3227 1326 3297 per
1353 3213 1502 3300 quatuor
1528 3209 1685 3299 iorugas,
1720 3214 1759 3280 et

205 3330 411 3402 aestimatur
436 3330 534 3401 valor
569 3330 643 3402 eius
678 3330 723 3401 ad
751 3329 904 3420 quinquo
930 3348 1075 3401 marcas.
1095 3380 1100 3391 .
1117 3328 1209 3401 Item
1241 3327 1277 3398 in
1304 3328 1425 3400 eadem
1452 3329 1537 3400 villa
1571 3334 1626 3401 est
1660 3329 1758 3401 curia
1787 3350 1791 3355 ·

92 3545 96 3553 1
205 3450 368 3523 militaris
399 3451 531 3522 babens
567 3471 671 3540 agros
696 3449 911 3540 praedictas,
947 3448 990 3519 de
1017 3449 1144 3539 quibus·
1177 3447 1312 3520 decima
1346 3449 1572 3538 manipularis
1609 3450 1757 3521 solvitur

206 3560 353 3662 plebano
380 3578 417 3643 et
442 3572 609 3643 ecclesiae
634 3573 671 3641 in
697 3570 1075 3661 Rapbalowycza.
1101 3568 1181 3642 Non
1207 3575 1263 3640 eat
1288 3569 1338 3640 ibi
1366 3569 1609 3642 molendinum.

310 3693 684 3782 Sannrscuowrczn‚
719 3692 802 3763 villa
827 3692 892 3762 sub
918 3689 1087 3782 parocbia
1121 3689 1284 3761 acclesiae
1320 3689 1363 3760 de
1389 3688 1757 3781 Rapbalowycue

94 3794 126 3874 's
207 3814 410 3905 bibaculus
437 3815 560 3885 haeres
587 3812 739 3885 lacobus
766 3811 1098 3902 Trzeczaszky,
1123 3809 1250 3881 nobilis
1277 3808 1446 3882 dedomo
1472 3807 1756 3900 Streparum.

205 3935 343 4031 Inspua
360 3940 450 4007 aunt
476 3941 555 4006 octo
581 3934 673 4004 lanei
700 3933 956 4024 cmetbonales,-
986 3933 1070 4004 item
1096 3938 1167 4011 rua
1192 3930 1340 4002 taberna
1366 3931 1500 4003 babens
1526 3951 1645 4022 agros,
1672 3933 1756 4003 item

206 4068 333 4137 norom
357 4057 575 4128 hortulaniae
601 4055 770 4127 habentes
797 4075 910 4145 agros,
937 4054 980 4126 de
995 4052 1301 4144 quibusomnibus
1327 4051 1477 4125 solvitur
1494 4052 1630 4125 decima
1647 4054 1757 4129 mani-
1872 4121 1880 4131 ,

206 4176 337 4266 polaris
364 4177 399 4247 in
423 4174 630 4272 qoaddwom
665 4196 730 4265 pro
761 4176 912 4266 capitulo
939 4173 1178 4264 Gracoviansi‚
1214 4178 1251 4246 et
1276 4193 1339 4264 per
1375 4173 1506 4246 incolas
1543 4174 1683 4247 ducitur
1719 4175 1755 4246 in

206 4297 370 4370 borreum
396 4319 419 4369 a
443 4297 594 4388 capitulo
621 4296 826 4388 eligendum,
853 4302 890 4368 et
907 4296 1047 4368 sdrunt
1072 4295 1237 4368 decimam
1265 4296 1401 4387 canapi¹
1413 4314 1479 4386 per
1495 4301 1646 4387 quatuor
1663 4296 1756 4367 iern-

108 4485 114 4498 ,
205 4439 287 4510 gas,
314 4421 351 4490 et
376 4419 580 4491 aestimatur
614 4416 713 4490 rator
738 4418 813 4490 eius
847 4416 1037 4489 addacem
1063 4436 1207 4489 marcac
1249 4416 1337 4488 Item
1364 4402 1419 4488 eit
1451 4416 1489 4488 in
1523 4416 1644 4488 eadam
1670 4416 1756 4487 villa
1894 4489 1897 4493 ,

207 4539 305 4612 curia
329 4539 501 4630 militaris,
528 4540 660 4612 babens
687 4560 792 4630 agros
817 4538 1026 4631 praediales‚
1054 4539 1098 4610 de
1125 4539 1249 4630 quibus
1276 4538 1411 4609 decima
1433 4534 1662 4629 manipularis
1687 4537 1763 4620 aol-=

207 4661 301 4733 vitur
326 4660 492 4734 ecclesiae
519 4667 555 4733 et
580 4660 771 4751 plebano
761 4682 797 4732 m
834 4658 1281 4771 Racbpbalonyaae3
1316 4660 1400 4732 item
1427 4663 1482 4730 est
1515 4660 1565 4731 ibi
1589 4657 1757 4732 molendi-

207 4804 297 4873 num,
325 4782 387 4854 sad
413 4802 482 4853 non
508 4782 615 4854 babet
641 4802 754 4872 agros
959 4828 965 4837 -
1119 4748 1236 4911 flii>

310 4902 665 4993 Worwsnowrczn,
700 4903 805 4975 villa
810 4903 876 4975 sub
902 4901 1069 4994 parocbia
1093 4888 1259 4991 elilim
1285 4901 1329 4975 de
1361 4901 1511 4973 Bobin
1538 4856 1623 4989 sita,
1659 4900 1756 4972 cuius
1847 4871 1851 4881 ⁸
1913 4970 1917 4980 ,

106 4985 107 4989 Ν
205 5024 328 5096 baares
355 5023 481 5096 nobilis
499 5021 626 5097 Petras
643 5023 687 5096 de
713 5023 1025 5117 Sobamotuly‚
1053 5020 1262 5096 castellanus
1280 5020 1538 5112 Poznaniensis,
1566 5022 1693 5094 nobilis
1712 5021 1757 5095 de

207 5143 552 5218 donno··blalancz.
577 5145 619 5216 In
646 5165 715 5237 qua
741 5151 999 5237 sunt0quatnor
1024 5143 1386 5234 laneicmetbonoles,
1413 5144 1497 5214 item
1524 5143 1614 5215 duae
1640 5145 1757 5215 taber-

206 5284 282 5356 naa,
307 5265 391 5338 ibam
408 5271 484 5338 tres
498 5266 720 5340 hortulaniae
737 5267 906 5340 babentes
932 5286 1046 5358 agros,
1072 5266 1258 5358 de‘qnibus
1276 5265 1435 5337 omnibus
1461 5264 1608 5336 solvitur
1624 5264 1758 5337 decima

207 5371 432 5483 manipularis
459 5389 627 5488 capitula
636 5389 803 5470 ecclesiae
829 5386 1079 5484 moenaio,
1097 5392 1134 5465 et
1150 5386 1290 5463 docitur
1306 5407 1370 5483 per
1387 5387 1587 5464 cnetbones
1604 5385 1757 5484 propriis
