4050 6054
486 460 561 533 278

486 646 587 743 simul
613 690 715 761 agros
732 692 793 743 eos
811 670 1059 761 contingentes,
1086 672 1145 759 qui
1163 680 1330 743 vocantur·
1350 669 1505 767 iuteapap
1523 691 1634 759 arare,
1661 670 1830 762 rapiente,
1855 668 1995 743 stamen
2018 701 2023 732 ι

484 793 600 862 curiae
627 792 816 879 seminare,
852 812 964 882 neque
994 800 1143 881 metere,
1180 813 1290 909 neque
1326 813 1469 864 acervos
1496 813 1560 883 pro
1586 792 1638 864 eis
1664 792 1869 883 disponere,
1906 810 1972 863 nec
2018 825 2021 850 ι

484 912 646 982 borreum
672 911 835 983 inducere
862 913 1014 1002 propriis
1042 914 1209 1001 curribus,
1237 933 1286 1001 eo,
1315 914 1406 1004 quod
1423 913 1589 985 maiorem
1607 933 1748 993 censum
1769 912 1923 1001 solvunt
1948 912 1962 983 i
1987 940 2019 972 ιι

484 1037 647 1103 tenentur
673 1053 777 1103 unum
795 1038 933 1122 pratum
958 1032 1171 1122 falcastrare,
1198 1040 1361 1121 castrare,
1389 1034 1550 1124 colligere
1568 1040 1604 1105 ct
1623 1033 1659 1103 in
1676 1034 1840 1105 horreum
1856 1030 1986 1104 ιιιιίιιιι
2010 1063 2012 1070 ’

483 1151 565 1222 item
592 1153 739 1223 taberna
757 1140 819 1223 ¹est
844 1154 880 1223 in
907 1154 1026 1224 eadem
1054 1153 1146 1243 villa,
1174 1156 1306 1225 babens
1332 1176 1445 1243 agros,
1472 1175 1560 1243 quae
1579 1154 1684 1225 solvit
1699 1174 1763 1245 pro
1781 1172 1891 1225 censu
1907 1152 2003 1243 aigin

482 1292 632 1362 grossae,
658 1274 740 1344 item
758 1282 813 1344 est
830 1296 935 1345 unum
963 1275 1205 1364 molendinum,
1234 1276 1365 1346 habeus
1392 1295 1506 1365 agros,
1533 1276 1624 1366 quod
1651 1275 1758 1347 solvit
1784 1272 1940 1365 capitulo
1967 1294 2020 1365 pr=

485 1414 589 1465 ceusu
616 1394 768 1484 quinque
794 1414 929 1467 marcas
956 1400 993 1467 et
1018 1417 1123 1466 unum
1153 1396 1340 1482 fertonem3
1376 1396 1458 1466 item
1487 1402 1568 1467 sunt
1593 1396 1682 1467 duae
1717 1396 1872 1487 piscinae
1898 1394 2015 1485 capitu

484 1514 585 1603 lares,
613 1513 647 1584 in
674 1514 869 1586 molendino
896 1516 973 1605 ipso
1000 1517 1197 1587 cmetbones
1225 1516 1325 1587 villae
1352 1516 1527 1587 frumenta
1552 1536 1670 1588 eorum
1696 1515 1827 1588 molere
1848 1520 2017 1589 mentun

484 1635 567 1706 item
593 1635 798 1706 hortulanus
825 1658 913 1707 unsis
941 1636 1045 1707 solvit
1072 1636 1194 1725 viginti
1221 1658 1379 1725 grossos,
1406 1658 1470 1727 pro
1497 1658 1601 1708 censu
1628 1638 1769 1717 habens
1785 1654 1913 1727 agros,
1950 1634 1964 1696 ἰ
1986 1665 2018 1694 ιι

484 1755 649 1826 scoltetus
676 1756 724 1827 ibi
751 1777 820 1826 non
847 1763 910 1845 est,
938 1757 1021 1827 item
1040 1757 1237 1828 emethoues
1264 1778 1334 1827 non
1361 1758 1500 1829 solvunt
1525 1755 1692 1852 obyedac3
1718 1757 1803 1829 item
1821 1756 1957 1847 -uillap
2004 1787 2006 1814 τ

485 1873 557 1945 lata
584 1874 688 1946 solvit
715 1875 882 1947 decimam
907 1876 1157 1966 manipularem
1193 1878 1453 1970 praepositurae
1480 1877 1705 1967 Lanciciensi,
1731 1884 1769 1949 et
1795 1876 1932 1949 ducunt
1964 1907 1986 1932 ·>
2007 1907 2018 1934 ι

484 1996 682 2067 cmetbones
708 1996 859 2086 propriis
886 1997 1046 2069 curribus
1073 1997 1108 2066 in
1135 1998 1299 2069 borreum
1317 2020 1338 2068 a
1356 2000 1552 2087 praeposito
1581 1997 1773 2087 locandum,
1799 2004 1837 2069 et
1872 1996 1939 2058 ιιι“
1953 2027 1986 2058 ιιι
2007 2027 2018 2056 ιι

484 2114 605 2205 canapi
633 2116 772 2189 solvunt
798 2117 843 2189 de
868 2117 968 2190 laneo
1005 2140 1067 2208 per
1094 2120 1179 2191 duas
1206 2121 1344 2210 ierugas
1372 2129 1408 2190 ot
1434 2119 1532 2190 valor
1567 2118 1719 2189 decimae
1754 2116 1963 2189 meinana
1995 2145 2018 2174 ιι

484 2236 663 2308 duodecim
690 2258 833 2327 marcas,
860 2260 1104 2329 nonnunquam
1122 2240 1166 2311 ad
1184 2240 1452 2330 quotuordecim,
1479 2240 1561 2310 item
1580 2243 1744 2309 tenentur
1760 2236 1854 2309 retia
1871 2236 1911 2309 in

485 2356 606 2446 tiones,
633 2363 668 2427 et
694 2360 890 2431 necessaria
916 2361 951 2431 in
978 2360 1224 2452 Pyotrkow
1250 2383 1313 2451 pro
1341 2361 1513 2431 carronicis
1540 2360 1677 2447 ducere,
1704 2358 1837 2429 curiam
1853 2362 1896 2455 et
1912 2356 1959 2430 bo
1999 2385 2025 2428 ιι

485 2479 608 2566 sepire,
635 2499 780 2568 aggeres
807 2480 843 2551 in
869 2480 955 2552 locis
983 2482 1262 2572 contingentibus
1286 2503 1344 2554 eos
1371 2479 1569 2570 reformare,
1595 2479 1734 2552 stabula
1759 2478 1880 2551 curiae
1931 2507 1958 2558 22
1975 2505 2012 2536 2*

486 2603 522 2667 et
548 2597 713 2669 ducturas
740 2622 762 2671 a
788 2600 871 2672 villa
898 2602 934 2672 in
960 2601 1087 2690 villam,
1116 2608 1150 2673 et
1177 2602 1211 2673 in
1239 2602 1315 2673 lora
1341 2601 1462 2673 lacero.

588 2718 977 2812 Szunnsnuuowuczu,
1005 2724 1088 2794 villa
1114 2723 1314 2813 capitularis
1343 2724 1406 2793 sub
1425 2722 1590 2812 parocbia
1608 2720 1774 2792 ecclesiae
1801 2719 1846 2791 de
1874 2718 2005 2791 Pabi

485 2843 586 2914 nice
613 2844 690 2931 sita,
717 2850 753 2913 et
779 2845 814 2914 in
841 2845 916 2915 iure
942 2844 1106 2915 Polonico
1134 2844 1263 2932 locata,
1291 2845 1326 2914 in
1354 2865 1422 2933 qua
1449 2850 1530 2913 sunt
1557 2841 1736 2913 duodecim
1763 2840 1856 2911 lanei
1883 2838 2009 2913 cnretlu

484 2963 590 3047 nales,
617 2970 652 3035 et
671 2964 817 3053 quilibet
835 2966 969 3036 cnretlro
988 2966 1092 3036 solvit
1110 2966 1261 3054 capitulo
1289 2985 1352 3053 pro
1370 2985 1483 3035 annuo
1502 2983 1615 3050 censu,
1642 2982 1705 3051 pro
1723 2960 1812 3031 festo
1830 2960 1854 3033 S
1873 2959 2019 3035 Martini

484 3082 632 3153 mediam
658 3102 866 3174 sexagenam
893 3106 969 3155 cum
987 3087 1099 3157 tribus
1125 3087 1265 3176 grossis
1293 3093 1329 3155 et
1347 3086 1481 3155 notario
1499 3084 1649 3156 medium
1666 3102 1828 3173 grossum
1853 3102 1923 3173 pro
1942 3104 1981 3155 ιιι
2011 3135 2012 3138 ,

481 3202 564 3273 item
578 3202 664 3275 duos
678 3224 836 3294 capones,
851 3207 933 3276 item
947 3214 1095 3296 quatuor
1110 3208 1234 3277 choros
1252 3205 1369 3293 tritici,
1384 3206 1466 3275 item
1482 3196 1629 3295 quatuor
1643 3204 1768 3275 choros
1782 3222 1919 3279 avenae
1935 3222 2013 3275 men

484 3344 585 3393 surae
612 3324 877 3397 Szadkovieusis
904 3327 1028 3415 planae
1050 3327 1265 3416 obsequelis,
1293 3327 1376 3396 item
1404 3326 1550 3415 triginta
1576 3344 1650 3411 ova,
1677 3324 1759 3395 item
1785 3322 1876 3395 duos
1902 3355 1911 3406 2
1947 3353 2024 3384 1:1⁶2

485 3463 550 3532 pro
570 3464 674 3515 cerrsu
691 3445 793 3533 foeni,
821 3446 880 3535 qui
898 3453 1041 3518 uocatur
1066 3444 1208 3535 salerna,
1237 3448 1318 3517 item
1337 3450 1499 3516 torrentur
1518 3444 1643 3515 ducere
1661 3443 1894 3533 pinatioorum
1941 3473 1945 3502 ι
1967 3481 1968 3484 ¹
2002 3471 2022 3502 ιι

484 3563 656 3653 lignorum
683 3566 728 3637 ad
755 3568 887 3638 curiam
914 3568 949 3638 in
976 3567 1274 3655 Pabianicze,
1303 3572 1602 3657 quantumcunque
1630 3568 1683 3635 est
1700 3583 1862 3651 necesse;
1889 3564 1976 3637 item
2019 3595 2021 3622 ι

484 3686 625 3773 praedio
652 3685 892 3759 Pabianioensi
918 3694 1080 3759 teneratur
1107 3710 1225 3761 omnes
1244 3688 1440 3757 cmetlrones
1459 3686 1560 3757 simul
1579 3705 1683 3775 agros
1706 3704 1766 3755 eos
1784 3684 1975 3775 contingat
1997 3713 2016 3744 ιι

486 3806 544 3896 qui
571 3806 738 3878 vocantur
765 3805 936 3903 itdrsyay,
971 3830 1090 3897 arare,
1126 3809 1300 3898 arpicore,
1336 3805 1508 3877 frumento
1535 3805 1652 3876 curiae
1678 3803 1867 3895 seminare,
1895 3812 2015 3879 mete·

485 3946 627 3998 acervos
653 3948 717 4017 pro
744 3930 795 3999 eis
821 3928 1013 4018 disponere,
1041 3936 1076 4001 et
1103 3931 1137 3998 in
1166 3930 1328 3998 borreum
1363 3928 1515 4017 propriis
1548 3926 1707 3998 curribus
1734 3924 1921 4014 inducera;
1954 3926 2022 3997 ἰιιι

486 4052 649 4118 tenentur
676 4069 780 4118 unum
807 4055 945 4139 pratum
962 4072 1025 4140 pro
1044 4051 1140 4121 curia
1157 4049 1368 4137 falcastrum,
1395 4053 1557 4137 castrare,
1584 4045 1746 4136 colligere
1763 4050 1800 4116 et
1817 4046 1855 4117 in
1872 4046 1992 4119 horter
2010 4073 2022 4106 ιι

486 4166 659 4237 inducere.
685 4168 773 4239 llem
801 4170 1032 4243 molendinum
1059 4176 1199 4241 nonest
1226 4169 1283 4258 ibi,
1311 4175 1347 4239 et
1372 4168 1570 4239 emetbones
1596 4168 1633 4239 in
1659 4166 1867 4239 molendinis
1894 4188 1999 4259 capr·l

485 4286 658 4359 frumenta
675 4310 794 4360 eorum
813 4297 973 4362 tenentur
999 4292 1146 4378 molere;
1174 4292 1256 4360 item
1283 4295 1444 4360 tenentur
1462 4288 1552 4359 retia
1570 4288 1607 4359 in
1625 4288 1837 4379 venationes,
1863 4296 1903 4361 et
1919 4308 2011 4361 neo:

486 4409 579 4479 saria
604 4409 640 4479 in
667 4408 914 4501 Pyotrkou
940 4412 1084 4500 ducere,
1121 4412 1251 4482 curiam
1278 4411 1460 4481 otbertus
1487 4410 1620 4499 sopire,
1655 4428 1801 4499 aggeres
1828 4408 2016 4482 reformare

485 4530 622 4603 stabula
648 4532 765 4602 curiae
792 4538 920 4622 tegere,
948 4540 984 4603 et
1009 4533 1173 4603 ducturas
1201 4553 1222 4603 a
1249 4532 1333 4615 uilla
1357 4532 1393 4600 in
1420 4529 1538 4600 villam
1564 4534 1600 4600 ct
1626 4530 1662 4599 in
1688 4529 1766 4601 fora
1790 4526 1918 4601 lacera

588 4654 676 4725 Item
703 4653 870 4724 decimam
898 4653 1146 4743 manipularem
1173 4652 1276 4723 solvit
1303 4652 1384 4721 uilla
1410 4650 1567 4740 praelata
1592 4648 1857 4740 praepositurae
1880 4648 2020 4725 Lanae

485 4776 568 4863 ensi,
596 4780 631 4845 et
658 4772 789 4845 ducunt
815 4795 890 4844 earn
918 4774 1116 4845 cmetbones
1152 4773 1301 4863 propriis
1338 4772 1497 4843 curribus
1533 4772 1568 4842 in
1599 4772 1764 4843 borreum
1789 4790 1813 4843 a
1837 4770 2025 4863 praeposi·

485 4894 677 4983 locandum,
704 4900 740 4964 et
766 4893 904 4965 solvunt
939 4893 1106 4964 decimam
1142 4894 1264 4982 canapi
1290 4893 1333 4963 do
1360 4892 1460 4961 laneo
1495 4911 1558 4981 per
1585 4893 1670 4963 duas
1706 4892 1847 4982 ierugas
1878 4898 1918 4965 et
1940 4890 2018 4965 valo

486 5015 638 5087 decimae
665 5013 869 5086 aestimatur
896 5013 940 5086 od
967 5034 1028 5086 sex
1056 5034 1198 5103 marcas,
1225 5013 1410 5103 aliquando
1438 5018 1515 5084 octo
1542 5013 1598 5085 vel
1625 5012 1756 5102 decem,
1791 5032 1950 5087 nonnun·
1970 5043 1973 5072 ·
1991 5045 1992 5068 ÷
2012 5043 2025 5072 ιι

485 5136 684 5223 duodecim3
710 5134 793 5205 item
819 5142 874 5206 est
891 5135 1018 5206 ibidem
1042 5135 1286 5223 molendinum,
1313 5134 1400 5205 duas
1427 5153 1571 5205 inarccs.

587 5252 720 5343 Lszus,
747 5255 830 5325 villa
857 5256 1057 5345 capitularis
1086 5256 1119 5324 in
1148 5257 1222 5326 iure
1248 5254 1412 5326 Polonico
1440 5254 1562 5343 locata,
1589 5260 1626 5326 et
1652 5254 1717 5327 sub
1742 5252 1910 5345 parocbia
1932 5252 2020 5327 eccl

487 5376 558 5455 siae
585 5375 628 5446 de
654 5375 869 5467 Lyaszko
904 5376 992 5467 sito,
1027 5376 1063 5447 in
1091 5398 1159 5469 qua
1185 5382 1265 5447 sunt
1300 5380 1378 5449 octo
1414 5375 1506 5447 lanei
1543 5374 1796 5468 emetbonales,
1830 5378 1868 5449 et
1894 5373 2012 5471 quibo
