4050 6054
237 409 311 483 256

338 740 484 823 Αιιιιο
514 738 767 822 annuorum
794 736 987 847 uuonan,
1020 736 1114 841 νιιι,
1147 688 1315 827 sauram
1347 743 1393 821 οι
1422 736 1661 822 subruunt

798 926 807 939 -
837 928 840 933 -
882 876 1129 982 Martyrum.
1184 938 1194 949 .

337 1101 460 1172 Altare
487 1099 692 1172 Sanctorum
715 1098 875 1188 Dionisii,
902 1097 987 1188 Viti,
1013 1096 1160 1170 Fabiani
1177 1030 1214 1170 eat.
1233 1096 1439 1190 Sebastiani,
1455 1118 1525 1173 non
1542 1097 1651 1197 habet
1667 1099 1783 1193 capel·

73 1210 78 1219 ’
233 1221 302 1293 lam
328 1222 515 1313 propriam,
542 1221 604 1292 sed
631 1221 736 1291 situm
762 1224 816 1290 est
842 1219 878 1290 iu
905 1219 1050 1289 ecclesia
1077 1216 1297 1291 Cracoviensi
1324 1219 1692 1321 mnmspepmcm
1710 1218 1782 1292 Oa·

232 1342 381 1414 simiri
400 1341 557 1431 Secundi,
574 1340 738 1413 Poloniae
755 1339 858 1430 regis,
876 1359 975 1411 secus
992 1339 1097 1411 stalla
1114 1339 1336 1430 canonicalia,
1353 1337 1610 1437 conmutatum
1627 1333 1802 1432 capellae

234 1463 267 1535 S.
293 1461 438 1535 Joaunis
474 1461 674 1552 Baptistae3
706 1462 803 1532 cuius
836 1460 1023 1553 primarius
1058 1458 1222 1531 fundator
1256 1466 1293 1531 et
1318 1459 1460 1533 dotatur
1485 1466 1541 1533 est
1565 1468 1603 1533 et
1627 1460 1696 1534 fuit
1720 1460 1782 1535 Jo

233 1584 365 1655 baunes
391 1583 435 1654 de
456 1581 919 1674 *Gzyszomcastellauus
946 1587 983 1653 et
1009 1581 1210 1671 capitaneus
1237 1578 1485 1672 Oracoviensis,
1512 1583 1638 1654 nobilis
1665 1583 1709 1655 de
1726 1604 1782 1655 ar·

233 1705 300 1775 mis
327 1710 363 1777 et
388 1703 520 1775 familia
544 1700 784 1793 Polulroza,
812 1701 962 1792 dictique
981 1701 1101 1772 altaris
1118 1701 1377 1791 iuspatronatus
1395 1707 1431 1773 et
1449 1702 1588 1775 collatio
1605 1702 1651 1775 ad
1668 1703 1782 1797 ipsum

233 1830 271 1896 et
295 1824 394 1915 lilios,
422 1830 527 1915 atque
552 1823 780 1914 proximiores
806 1843 887 1895 suos
913 1822 1017 1894 debet
1043 1826 1212 1912 perpetuo
1229 1823 1424 1913 pertinere3
1450 1824 1548 1895 iuxta
1567 1822 1781 1914 quodetiam

233 1945 346 2018 altare
381 1966 508 2036 corpus
533 1945 685 2016 eiusdem
711 1943 882 2015 Johaunis
908 1941 952 2013 de
978 1941 1407 2035 cuyszow,casou1ani
1433 1942 1690 2036 Cracoviensis‘,
1718 1946 1782 2017 sub

233 2068 372 2158 tumba,
399 2054 462 2138 seu
495 2067 615 2138 tabula
649 2085 752 2136 aerea
785 2064 991 2155 requiescit3
1021 2061 1284 2153 fundatumest
1308 2071 1425 2137 autem
1450 2064 1561 2137 altare
1587 2063 1780 2157 praefatum

234 2207 298 2279 per
324 2187 516 2278 praelatum
542 2186 737 2258 Jobanuem
763 2185 806 2255 de
832 2183 1054 2275 Cayszow,
1082 2185 1306 2257 castellanum
1333 2183 1596 2258 cracoviensem
1622 2206 1713 2261 anuo
1736 2166 1809 2265 DJ

238 2311 284 2381 14
312 2362 356 2379 ..
391 2309 455 2380 sub
490 2314 647 2397 tempore
682 2310 718 2376 et
753 2305 918 2395 regimine
945 2305 1098 2395 episcopi
1125 2303 1380 2397 Oracoviensis,
1407 2311 1443 2377 et
1469 2306 1513 2378 de
1539 2307 1781 2415 siusspecigli

234 2429 423 2501 annuentis
449 2433 486 2498 et
512 2446 690 2514 consensu,
718 2425 810 2495 circa
836 2425 927 2514 quod
954 2425 1022 2499 duo
1047 2425 1228 2498 altaristae
1255 2427 1416 2517 perpetui
1440 2432 1478 2499 et
1502 2428 1663 2500 titulares
1681 2428 1781 2500 insti-

233 2550 303 2620 tuti
330 2553 419 2637 suut,
444 2547 532 2618 illud
559 2545 743 2617 officiaturi
769 2552 805 2616 et
830 2545 1115 2618 administraturi.
1141 2547 1267 2620 Dotem
1286 2554 1401 2618 autem
1419 2569 1606 2639 congruam
1622 2549 1781 2639 praelato

235 2668 340 2739 altari
376 2689 438 2758 pro
474 2672 622 2758 utroque
657 2666 834 2756 altarista,
861 2666 974 2737 dictus
1008 2666 1185 2738 lohannes
1220 2667 1264 2740 de
1294 2667 1506 2760 Cryszow
1531 2670 1781 2760 assignaturus,

235 2808 376 2861 censum
402 2795 608 2880 perpetuum
634 2787 736 2858 unius
763 2807 956 2877 sexagenas
980 2787 1133 2861 latorum
1159 2809 1377 2879 grossorum,
1405 2791 1464 2880 qui
1491 2791 1679 2863 barcbratb
1705 2791 1782 2863 uul-

233 2911 367 3001 gariter
402 2909 614 3000 appellatur,
641 2909 677 2979 in
703 2908 824 2999 zuppis
850 2907 1110 2980 Bochnensibus
1137 2910 1369 3001 comparavit;
1395 2910 1559 2984 Nicolans
1586 2912 1618 2983 si
1643 2913 1781 3003 quidem

235 3029 436 3120 Szeraphin
463 3029 507 3103 de
532 3029 843 3121 Dambrouka,
867 3028 1015 3119 gladifer
1042 3028 1289 3121 Cracoviensis,
1316 3031 1466 3103 existens
1482 3033 1669 3125 supparius
1686 3031 1782 3104 Wie-

234 3151 386 3224 liciensis
413 3158 450 3223 et
475 3151 688 3222 Bochnensis
714 3170 778 3240 pro
804 3156 970 3241 ternpore,
996 3150 1180 3240 specialem
1207 3158 1357 3224 montem
1383 3151 1518 3225 lorcam
1544 3174 1605 3225 seu
1622 3151 1782 3248 scbybam

234 3274 271 3344 in
296 3273 418 3363 zuppis
453 3272 715 3344 Bochnensibus
745 3271 896 3362 propriis
922 3271 1118 3362 sumptibus
1144 3278 1348 3363 aperuerat3
1374 3275 1511 3347 ratione
1537 3275 1634 3346 cuius
1658 3271 1781 3370 scbyby

234 3395 301 3468 sibi
328 3414 451 3466 census
478 3394 580 3465 unius
607 3413 799 3484 sexagenae
825 3393 976 3465 latorum
1002 3414 1219 3484 grossorum,
1254 3395 1314 3485 qui
1339 3396 1566 3467 communiter
1590 3395 1781 3468 barcbratb

233 3516 380 3607 dicitur,
405 3521 574 3608 perpetuo
610 3516 818 3607 debebatur,
842 3507 951 3614 {quem
987 3535 1062 3585 cnm
1098 3514 1257 3588 Conrado
1292 3514 1384 3587 dicto
1419 3515 1604 3589 Kuucza
1629 3517 1780 3604 Raicb,

232 3638 365 3710 consuli
392 3637 629 3725 Oracovicusi,
657 3657 721 3726 pro
748 3636 841 3707 mille
868 3635 1025 3708 ducentis
1052 3637 1177 3707 marcis
1203 3636 1354 3707 latorum
1379 3657 1579 3727 grossorum
1606 3639 1779 3713 vendidis-

233 3766 304 3849 set,
331 3757 506 3849 praefatus
532 3758 685 3830 loannes
712 3758 755 3829 de
781 3757 1011 3848 Gzyszow,
1041 3757 1248 3828 castellanus
1275 3757 1523 3849 Craconensm,
1549 3760 1661 3851 ipsam
1686 3762 1779 3854 apud

234 3879 429 3970 praefatum
464 3879 616 3970 Reych
643 3879 872 3951 Kuuczam
905 3899 970 3969 pro
996 3878 1089 3950 mille
1115 3879 1328 3970 sexingentis
1353 3878 1493 3951 florenis
1519 3881 1596 3953 iure
1621 3882 1779 3955 baeredi-

233 4000 325 4071 tario
353 4002 478 4071 coemit
504 4006 540 4070 et
566 4001 797 4091 comparavit,
824 4007 860 4071 et
886 4006 1021 4089 partem
1048 3998 1220 4090 quandam
1246 3999 1442 4071 huiusmodi
1467 4021 1601 4093 census,
1619 4002 1780 4075 videlicet

233 4120 426 4211 quindecim
452 4140 587 4192 marcas
614 4121 764 4193 latorum
790 4141 999 4211 grossorum,
1026 4121 1062 4191 in
1089 4120 1204 4193 dotem
1231 4119 1379 4212 praefati
1404 4121 1527 4195 altaris
1554 4123 1780 4214 comignavit,

232 4241 384 4331 donavit,
412 4246 447 4313 et
472 4248 641 4332 perpetuo
667 4241 862 4331 inscripsit3
888 4246 1000 4317 totum
1026 4261 1110 4314 vero
1137 4242 1313 4313 residuum
1340 4241 1495 4315 eiusdem
1521 4263 1655 4336 census,
1682 4265 1778 4317 man-

143 4382 150 4396 ·
233 4364 395 4436 sionariis
413 4384 476 4453 per
494 4383 574 4435 eum
590 4363 685 4454 apud
700 4363 880 4435 ecclesiam
897 4363 1130 4453 parochialem
1157 4363 1192 4433 in
1219 4362 1427 4455 Gzyszow
1452 4363 1648 4457 inscripsit,
1673 4365 1780 4473 dw-

140 4584 145 4591 Ι
196 4486 284 4559 ‚vit
315 4491 353 4557 et
387 4485 503 4576 dedit,
537 4502 639 4576 quern
666 4484 805 4579 quidem
838 4503 978 4556 censum
1012 4485 1114 4555 unius
1151 4503 1359 4575 sexagenum,
1393 4504 1458 4575 pro
1483 4485 1594 4577 ipsius
1619 4476 1782 4622 ampffiti

230 4607 456 4678 subsistentia
482 4613 517 4676 et
543 4606 758 4695 duramento,
785 4604 962 4696 praefatus
988 4604 1140 4676 loannes
1168 4605 1211 4676 de
1237 4603 1465 4697 Gzyszow,
1491 4606 1534 4678 de
1560 4607 1685 4698 zuppis
1709 4604 1779 4683 Bo

230 4726 468 4801 eunomium
458 4750 494 4799 m
512 4726 738 4801 Vielicienses
756 4746 820 4818 per
837 4725 1109 4799 casimirum
1128 4726 1292 4816 Tertium,
1310 4725 1476 4798 Poloniae
1493 4747 1612 4818 regem
1630 4730 1780 4803 obtinuit

229 4846 423 4920 transferri.

337 4969 477 5041 Primus
511 4968 671 5041 altarista
705 4964 827 5040 altaris
862 4967 1029 5063 praefati,
1054 4969 1206 5041 lacobus
1233 4967 1276 5041 de
1309 4967 1570 5060 Yskrzyna,
1596 4934 1781 5065 presbyter

229 5086 516 5181 Pracmysliensis
543 5089 720 5179 moecesis,
746 5089 854 5163 babet
879 5111 943 5182 pro
970 5090 1052 5164 dote
1070 5111 1134 5162 sua
1149 5091 1188 5162 in
1204 5110 1317 5182 znppa
1335 5089 1550 5162 Wieliciensi
1565 5091 1630 5167 et
1619 5111 1657 5162 m
1674 5110 1779 5163 censu

229 5210 420 5283 bacchrath
446 5219 579 5301 septem
606 5231 741 5283 marcas
757 5210 905 5283 laturum
931 5232 1141 5302 grossorum
1166 5210 1345 5285 Secundus
1362 5210 1523 5290 altarista
1540 5211 1663 5283 altaris
1679 5231 1780 5317 prse-

229 5329 311 5424 uti,
337 5330 502 5404 Nicolaus
528 5332 571 5404 de
599 5331 879 5424 Tbluczauy,
907 5331 1147 5423 Graooviensis
1173 5332 1358 5424 dioecesis,
1384 5332 1492 5405 babet
1514 5352 1582 5431 pro
1607 5353 1673 5407 suu
1697 5332 1779 5409 dote
