4050 6054
1672 561 1719 632 73

178 767 389 859 praediales,
425 764 467 844 de
495 783 640 854 quorum
666 764 852 836 medietate
888 762 1020 834 decima
1046 762 1192 834 solvitur
1227 783 1290 852 pro
1317 764 1516 853 praebenda
1545 767 1722 853 praesenti

176 889 212 958 in
235 883 460 982 poadbwam,
487 883 535 975 de,
557 883 668 954 altera
695 889 809 954 antem
836 881 1022 953 medietate
1049 883 1464 991 agrornmgpraedialium
1491 883 1638 955 solvitur
1663 883 1723 955 de-

178 1007 266 1077 cima
291 1001 517 1092 manipularis
542 1002 690 1091 plebano
717 1007 754 1072 et
780 1001 943 1072 ecclesiae
970 1001 1006 1070 in
1032 1000 1322 1091 Biskupicze.

279 1125 367 1195 Item
385 1121 584 1212 praebenda
606 1119 764 1210 praefata
780 1120 888 1192 habet
905 1126 1063 1210 quartam
1081 1121 1330 1210 manipularem
1350 1121 1516 1193 decimam
1544 1123 1580 1192 in
1598 1118 1723 1193 Szul'-

179 1245 395 1330 howiczo,
423 1241 506 1311 villa
524 1240 587 1311 sub
606 1241 771 1330 parochIa
789 1239 954 1311 ecclesiae
972 1240 1015 1310 de
1033 1239 1323 1330 Wyeliczka,
1351 1242 1448 1313 cuins
1465 1242 1661 1331 proprietas
1687 1245 1725 1312 et

177 1363 364 1435 dominium
391 1360 544 1449 pertinet
564 1359 609 1429 ad
634 1358 851 1430 Vladi‘slaum
878 1359 963 1429 alias
992 1357 1177 1448 Wlodek,
1204 1360 1353 1431 nobilem
1380 1361 1423 1431 de
1450 1360 1551 1432 domo
1578 1346 1725 1431 Lodza.

178 1481 220 1552 In
238 1501 306 1571 qua
323 1486 404 1552 sunt
421 1483 570 1569 quatuor
595 1477 687 1549 lanei
714 1478 956 1568 cmetbonaleS,
983 1477 1067 1549 item
1094 1478 1183 1551 duae
1208 1480 1392 1569 tabernae,
1419 1479 1503 1551 item
1529 1480 1618 1552 duae
1643 1480 1725 1551 hor·

32 1606 116 1695 flia-a,
180 1600 343 1688 tulaniae,
368 1600 452 1670 item
470 1597 716 1686 molendinmn,
742 1597 910 1669 habentes
937 1618 1040 1688 agros
1067 1598 1242 1688 speciales,
1269 1600 1454 1691 dequibus
1482 1600 1640 1687 omnibus
1657 1598 1726 1671 sol·

130 1740 161 1805 32
181 1720 275 1815 vitur
293 1719 425 1790 decima
446 1716 672 1808 manipularis
694 1738 758 1807 pro
776 1717 976 1807 praebenda
996 1717 1171 1809 praefata,
1198 1726 1234 1791 et
1257 1719 1395 1791 solvunt
1417 1719 1584 1790 decimam
1602 1694 1726 1810 ciispi

82 1786 243 1945 fiper
261 1844 409 1929 quatuor
436 1839 614 1909 iuncturas
641 1843 678 1909 et
694 1837 900 1911 aestimatur
926 1838 1025 1909 valor
1050 1838 1203 1911 decimae
1228 1837 1407 1929 praefatae
1434 1838 1478 1910 ad
1496 1859 1557 1910 sex
1582 1858 1725 1927 mareas.

110 1974 114 1983 ·
178 1956 269 2031 item
293 1959 331 2031 in
357 1957 478 2031 eadem
505 1957 588 2029 villa
615 1964 669 2029 est
695 1957 793 2029 curia
818 1958 979 2030 militaris
1006 1958 1138 2030 habens
1164 1979 1267 2049 agros
1293 1958 1501 2049 praediales,
1531 1956 1726 2049 dequibus

182 2078 330 2151 deamat
356 2078 503 2168 plebano
531 2084 567 2149 et
585 2077 751 2149 ecclesiae
778 2078 814 2149 in
832 2076 1108 2168 Wyeliczka.
1547 2162 1555 2171 ,

225 2262 233 2273 .
283 2198 373 2270 Item
399 2197 599 2288 praebenda
624 2198 782 2287 praefata
807 2198 914 2270 habet
941 2198 1095 2288 quintam
1120 2198 1371 2290 manipularem
1397 2199 1564 2271 decimam
1591 2199 1625 2269 in
1652 2197 1727 2270 Za·

183 2320 326 2409 bava,
351 2319 436 2407 villa
458 2319 521 2389 sub
540 2319 706 2408 parochia
724 2319 889 2389 ecclcsiae
911 2318 954 2390 de
972 2316 1257 2409 Wyeliczka,
1279 2319 1376 2391 cuius
1394 2320 1590 2410 proprietas
1613 2325 1649 2390 et
1666 2318 1727 2391 do·

183 2439 326 2510 mimum
344 2438 498 2527 pertinet
515 2437 560 2510 ad
573 2437 768 2510 Iohannem
782 2438 912 2509 dictum
930 2435 1247 2530 Wawrowsky,
1265 2439 1415 2511 nobilem
1434 2439 1592 2511 dedomo
1608 2436 1727 2511 Polu-

182 2558 306 2628 koza.
349 2556 391 2627 In
417 2576 486 2649 qna
515 2564 596 2629 sunt
623 2564 701 2630 octo
728 2558 820 2630 lanei
851 2559 1101 2665 cmetbonales,
1134 2559 1217 2630 item
1249 2579 1319 2630 nna
1348 2560 1509 2649 taberna,
1527 2558 1625 2657 ,item
1653 2562 1728 2630 tres

182 2675 421 2764 hortulaniae,
447 2676 528 2747 item
555 2678 797 2767 molendinum,
822 2676 990 2751 habe'ntes
1017 2699 1120 2769 agros
1146 2679 1332 2768 speciales,
1358 2679 1401 2749 de
1420 2640 1728 2791 quibmffiibus

185 2795 331 2867 solvitur
348 2794 481 2867 damma
496 2796 721 2886 manipularis
738 2818 803 2887 pro
816 2797 1015 2887 praebenda
1031 2796 1198 2888 praelata,
1216 2805 1252 2869 et
1266 2798 1404 2875 solvunt
1423 2786 1590 2869 doctmdn'
1601 2798 1730 2887 canapi

183 2934 245 3005 per
264 2918 412 3004 quatuor
437 2917 617 2989 iuncturas
644 2924 680 2988 et
698 2918 903 2989 aestimatur
920 2918 1018 2989 valor
1045 2917 1198 2989 decimae
1220 2917 1397 3008 praefatae
1424 2917 1469 2989 ad
1487 2924 1565 2989 octo
1583 2936 1727 2989 marcas.

183 3034 271 3106 Item
297 3035 335 3107 in
358 3035 478 3106 eadem
505 3034 588 3106 villa
614 3043 695 3108 sunt
713 3037 801 3109 duae
829 3039 944 3109 curiae
971 3037 1183 3127 militarium,
1210 3039 1377 3109 habentes
1405 3058 1508 3128 agros
1526 3032 1729 3127 praediales,

183 3152 369 3244 dequibus
397 3154 543 3226 solvitur
562 3155 694 3226 decima
719 3156 946 3246 manipularis
971 3158 1119 3248 plebano
1145 3163 1181 3228 et
1199 3156 1365 3230 ecclesiae
1392 3158 1428 3228 in
1445 3156 1729 3248 Wyeliczka,

183 3280 323 3363 praeter
350 3295 455 3345 unum
481 3274 618 3345 laneum
637 3276 895 3366 cmetbonalem,
923 3297 1024 3367 quem
1043 3277 1126 3348 colit
1152 3298 1222 3348 una
1239 3277 1336 3349 curia
1353 3277 1534 3349 cmethone
1562 3275 1729 3366 deposito,

185 3390 467 3485 curiadohannis
493 3392 814 3487 Wawrowsky,
841 3396 902 3466 sed
920 3395 1087 3468 decimam
1113 3396 1376 3469 dehuiusmodi
1402 3398 1503 3468 laneo
1529 3395 1591 3467 dat
1618 3395 1654 3466 in
1672 3382 1741 3489 90?

70 3570 73 3581 .
163 3508 345 3585 alama
369 3534 433 3601 pro
460 3512 659 3603 praebenda
684 3512 905 3587 cracoviensi
932 3516 1116 3605 praesenti.
1702 3514 1747 3603 Q,
1890 3558 1894 3569 ·

140 3588 210 3689 ’Ψ
289 3632 378 3728 Item
395 3633 502 3705 habet
525 3641 658 3705 sextam
679 3636 930 3726 manipularem
953 3636 996 3708 dc
1018 3636 1041 3765 'f
1145 3636 1182 3707 in
1199 3635 1540 3727 MIodzeyowicne
1567 3612 1731 3741 villdnb

167 3752 351 3844 parocbia
368 3753 533 3826 ecclesiae
551 3753 594 3851 de
608 3754 979 3846 Wianczslawicze,
1010 3744 1014 3751 ’
1111 3754 1236 3829 haeres
1253 3755 1447 3827 Stanislaus
1464 3744 1731 3859 Mlodaep'ov-

186 3873 260 3965 slry
286 3872 450 3946 dedomo
472 3872 699 3966 Starykon.
743 3874 784 3947 In
803 3896 871 3967 qua
898 3882 979 3949 sunt
1004 3882 1154 3967 quatuor
1179 3877 1271 3948 lanei
1298 3875 1531 3947 cmetbonales
1557 3856 1731 3947 soilentes

187 3993 353 4064 decimam
370 3993 634 4083 manipularem,
653 3995 750 4066 culns
767 3997 944 4087 perceptio
963 3997 999 4067 in
1017 3995 1104 4067 duas
1121 3994 1336 4086 praebendas
1354 3993 1599 4067 Cracovienses
1616 3992 1733 4067 diver-

187 4111 358 4204 sificatur,
385 4133 464 4185 nam
486 4113 529 4184 de
543 4114 715 4205 aliquibus
740 4117 834 4206 agris
852 4116 1067 4207 hyemalibus
1089 4123 1125 4187 et
1143 4115 1367 4188 aestivalibus
1389 4115 1482 4187 tollit
1505 4115 1579 4186 eius
1596 4123 1733 4214 partem

186 4233 352 4305 manrem
368 4243 541 4324 'praesens
569 4235 768 4324 praebenda
794 4256 883 4307 anno
911 4257 994 4324 uno,
1018 4244 1054 4306 et
1076 4235 1274 4325 praebenda
1296 4235 1583 4325 Czechowska,
1608 4235 1733 4307 Cracc-

187 4352 315 4453 viensis
340 4354 522 4444 minorem,
549 4353 660 4427 altero
688 4375 770 4427 vero
798 4377 889 4427 anno
915 4356 1090 4445 reciproce
1117 4355 1316 4446 praebenda
1343 4354 1614 4428 Czechowsha
1640 4354 1734 4427 tollit

186 4470 351 4563 inderem
373 4480 522 4564 partem,
550 4481 586 4546 et
603 4476 800 4564 praebenda
822 4496 986 4567 praesens
1004 4478 1191 4566 minorem,
1216 4477 1253 4549 in
1271 4477 1395 4549 maiori
1415 4462 1519 4568 parte
1538 4476 1636 4547 valor
1659 4477 1733 4547 eius

187 4592 391 4667 aesIImatur
413 4595 549 4666 adires
570 4615 718 4687 marcas,
742 4597 777 4668 In
795 4598 920 4669 minori
943 4596 988 4668 ad
1005 4596 1240 4689 duasmarcas,
1262 4597 1403 4670 solvunt
1424 4595 1592 4667 decimam
1615 4613 1732 4684 canap.

187 4733 250 4803 per
267 4718 416 4804 quatuor
434 4714 611 4787 iuncturas
633 4723 670 4787 et
686 4717 837 4807 propriis
861 4717 1019 4788 curribus
1041 4717 1172 4790 ducunt
1195 4738 1270 4789 eam
1288 4718 1324 4788 in
1342 4715 1539 4789 canonicale
1562 4716 1734 4785 horreum.
1866 4786 1875 4805 ,

187 4834 276 4905 Item
293 4840 347 4906 est
365 4834 414 4905 ibi
432 4855 502 4907 una
529 4837 625 4907 curia
651 4837 831 4927 militaris,
858 4839 941 4908 item
970 4858 1039 4908 una
1072 4839 1235 4927 taberna,
1262 4844 1298 4908 et
1323 4834 1542 4909 hortulaniae
1569 4838 1735 4924 quatuor-

187 4954 356 5026 habentes
382 4975 499 5047 agros,
535 4956 578 5028 de
605 4958 730 5047 quibus
757 4959 914 5030 omnibus
942 4957 1088 5029 solvitur
1116 4957 1248 5029 decima
1273 4956 1498 5046 manipularis
1523 4954 1671 5043 plebano
1698 4959 1735 5025 et

187 5074 352 5146 ecclesiae
370 5075 405 5146 in
424 5076 623 5151 Poramba
641 5098 747 5167 prope
764 5076 973 5167 Wolfram,
993 5077 1089 5148 cuius
1103 5077 1201 5149 valor
1215 5076 1420 5146 aestimatur
1432 5075 1478 5145 ad
1491 5072 1577 5144 duas
1591 5091 1734 5145 marcas.

290 5195 379 5267 Item
409 5196 608 5288 praebenda
638 5196 795 5288 praelata
826 5198 932 5270 habet
959 5197 1124 5268 vicariam
1150 5202 1353 5285 perpetuam
1384 5194 1420 5265 in
1438 5194 1584 5265 ecclesia
1609 5190 1736 5265 Gracc-

186 5315 312 5407 viensi,
338 5317 436 5388 cuius
459 5318 657 5407 praedIctus
681 5318 865 5389 canonicus
883 5317 1004 5389 unicus
1027 5322 1081 5386 est
1099 5314 1245 5386 collator
1262 5320 1298 5386 et
1315 5321 1498 5404 patronus,
1527 5335 1629 5404 quam
1647 5334 1738 5386 nunc

187 5440 286 5509 tanet
306 5434 463 5509 Mathias
485 5436 528 5508 de
547 5433 782 5510 Grodzecz
805 5456 894 5529 qnae
918 5456 983 5528 pro
1006 5455 1068 5506 sna
1095 5434 1190 5523 dote,
1213 5435 1427 5526 proprietate
1449 5441 1485 5506 et
1502 5434 1606 5507 titulo
1632 5433 1739 5508 habet

289 5599 448 5645 mm.
1535 5575 1575 5637 10
