4050 6054
1706 422 1780 498 b'r'l

230 622 388 699 Johanne
415 624 703 719 Michowslry
738 625 869 700 decano
896 625 1144 719 Oppatoviensi
1171 627 1347 719 negotium
1377 633 1554 725 utrunque
1579 638 1617 703 et
1642 653 1780 722 promo·

230 753 333 818 vente
359 754 396 819 et
421 727 601 839 probante.
644 749 761 821 Habet
786 750 906 841 itaque
933 747 1199 841 Oppatoriensis
1235 751 1382 822 ecclesia
1417 732 1569 842 quatuor
1594 753 1778 855 praelatos,

230 866 392 940 videlicet
418 869 594 958 decanum,
621 876 807 959 cantorem,
834 870 1087 960 scholasticum,
1115 876 1192 943 cust
1176 870 1303 959 t,odem
1330 876 1367 941 et
1392 891 1453 942 sex
1471 862 1734 961 praebendas
1706 892 1780 945 srre

231 989 404 1078 canoniam,
430 991 643 1080 totidemque
671 990 829 1080 meamus,
854 991 960 1063 horas
984 991 1167 1063 canonicas
1194 996 1382 1062 nocturnas
1409 998 1445 1062 ct
1462 991 1606 1062 diurnas
1633 993 1779 1082 singulis

230 1107 353 1181 diebus
379 1109 568 1201 explentes,
603 1111 640 1181 in
668 1132 753 1200 quos
780 1118 816 1183 et
843 1131 926 1182 cura
953 1111 1064 1182 omnis
1092 1112 1283 1182 animarum
1314 1113 1424 1182 totius
1451 1113 1637 1202 parochiae
1664 1118 1780 1185 trans-

229 1227 308 1300 lato
328 1236 401 1320 est,
435 1231 661 1321 nonnullique
688 1232 757 1302 illis
785 1238 966 1322 quaestus,
1003 1254 1090 1323 quos
1116 1233 1288 1323 quondam
1320 1233 1487 1321 plebanus
1513 1216 1780 1324 Oppatoviensis

229 1350 460 1447 percipiebat,
497 1353 677 1442 attributi,
712 1353 756 1423 de
788 1353 912 1442 quibus
948 1354 1107 1425 omnibus
1142 1354 1355 1443 singillatins
1389 1354 1522 1443 dicere,
1557 1360 1593 1424 et
1625 1355 1778 1425 seriatim
1863 1450 1865 1455 Ι

230 1481 349 1541 eorum
376 1471 541 1569 introitus
568 1473 766 1544 describere
793 1473 977 1544 ordiemur.

884 1733 1137 1816 Decanatua.

333 1951 600 2043 Oppatoviensis
636 1954 825 2028 decanatus
852 1975 895 2027 ex
921 1957 1066 2027 ecclesia
1099 1957 1291 2047 parochiali
1327 1956 1475 2029 Sanctae
1500 1958 1638 2030 Mariae
1664 1956 1779 2051 Oppa-

230 2075 396 2146 toviensis
423 2081 528 2146 etex
555 2075 649 2146 illius
675 2077 901 2165 proventibus
928 2084 1067 2148 creatus
1086 2082 1122 2149 et
1139 2076 1304 2148 fundatus
1331 2085 1435 2168 atque
1462 2078 1603 2150 dotatus
1630 2085 1692 2169 est,
1720 2081 1778 2169 qni

201 2200 266 2292 lt
292 2195 493 2285 principalis
520 2201 574 2266 est
600 2196 753 2285 dignitas
779 2197 815 2266 in
843 2197 990 2268 ecclesia
1024 2195 1289 2288 Oppatoviensi,
1325 2199 1455 2269 nullam
1490 2199 1623 2271 habens
1660 2220 1778 2271 curam

231 2315 434 2402 animarum,
461 2316 505 2387 ad
534 2337 634 2406 quem
660 2323 778 2387 tamen
804 2316 979 2389 institutio
1006 2324 1043 2389 et
1069 2338 1161 2408 cura,
1188 2320 1343 2390 visitatio
1369 2325 1407 2390 ct
1429 2320 1601 2405 correctio
1628 2321 1780 2409 pertinet

231 2435 382 2506 omnium
409 2437 573 2507 ecclesiae
599 2435 867 2526 Oppatoviensis
894 2439 1114 2528 vicariorum,
1140 2439 1185 2510 ad
1212 2459 1313 2528 quern
1340 2440 1552 2525 etiamfolim
1580 2424 1779 2530 pertinebat

190 2640 197 2655 x
231 2555 370 2626 collatio
397 2561 433 2626 et
459 2558 721 2646 iuspatronatus
745 2558 910 2628 ecclesiae
937 2559 1018 2629 olim
1037 2559 1246 2649 parochialis
1264 2559 1297 2630 S.
1315 2559 1451 2631 Mariae
1478 2560 1513 2631 in
1540 2560 1778 2651 Oppathow‚

232 2695 292 2746 sen
319 2661 470 2747 vicariae
495 2683 704 2767 perpetuae3
730 2699 821 2749 nunc
847 2699 930 2749 vero
957 2679 1002 2750 ad
1028 2680 1125 2750 illum
1152 2681 1305 2769 pertinet
1330 2679 1471 2751 collatio
1499 2686 1535 2752 et
1559 2681 1779 2771 iuspatrona-

229 2802 287 2867 tus
312 2797 532 2886 praebendae
559 2803 678 2868 sextae
705 2796 1011 2889 Oppathoviensis,
1034 2820 1077 2871 ex
1103 2800 1299 2871 huiusmodi
1326 2800 1473 2872 ecclesia
1498 2801 1690 2891 parochiali
1708 2800 1778 2892 Op

228 2915 464 3006 pathoviensi,
499 2919 653 2991 extincto
680 2919 754 2990 eins
780 2919 898 3011 titulo,
933 2926 1093 3009 creatae;
1128 2921 1221 2991 bunc
1247 2940 1337 2991 nunc
1369 2921 1504 2992 obtinet
1530 2920 1708 2994 Johanncs
1734 2922 1778 2993 dc

228 3034 442 3128 Mychon,
468 3039 597 3110 nobilis
624 3039 785 3111 dedomo
812 3045 850 3111 et
873 3038 1006 3113 familia
1031 3040 1359 3132 Ravitharum,
1386 3040 1484 3113 cuius
1511 3026 1649 3132 quidem
1676 3042 1779 3115 deca-

229 3161 333 3229 natus
359 3157 572 3249 infrascripti
598 3166 681 3231 sunt
706 3165 907 3250 proventus.
998 3226 1046 3273 ,ἢ

332 3276 541 3369 Oernrow,
575 3280 739 3370 oppidum
766 3286 882 3352 terrae
908 3278 1214 3373 Sandor'niriensis,
1250 3282 1382 3353 habens
1415 3282 1451 3352 in
1478 3302 1516 3354 sc
1542 3282 1776 3373 parochialem

227 3403 264 3471 et
290 3399 507 3489 collegiatam
543 3400 721 3471 ecclesiam
747 3398 781 3470 S.
807 3390 963 3490 Martini,
991 3401 1123 3490 quadro
1148 3401 1274 3491 lapide,
1301 3408 1342 3472 ut
1367 3402 1619 3492 praemisimus
1655 3400 1775 3474 aedifi·

230 3523 360 3610 catam,
387 3520 485 3590 cuius
511 3521 707 3610 proprietas
733 3526 771 3591 et
797 3520 1057 3623 dominium-ad
1083 3521 1283 3610 episcopum
1310 3522 1568 3593 Lubuczensem
1595 3544 1659 3612 pro
1686 3529 1777 3595 tem-

201 3634 314 3730 'pore
340 3640 502 3729 pertinet,
529 3641 565 3711 in
585 3662 652 3730 quo
671 3647 752 3711 sunt
779 3640 1069 3730 sexagintalanei
1082 3641 1209 3731 civiles
1236 3641 1280 3712 de
1299 3643 1424 3732 quibus
1443 3642 1602 3713 omnibns
1628 3643 1777 3715 solvitur

228 3759 362 3832 decima
395 3762 621 3851 manipularis
657 3760 840 3832 decanatui
867 3759 1141 3851 Oppathoviensi
1167 3768 1204 3832 ct
1231 3782 1293 3852 per
1320 3763 1412 3833 cives
1438 3762 1590 3852 propriis
1617 3763 1776 3833 curribus

229 3881 368 3952 ducitur
394 3882 430 3952 in
456 3883 621 3952 horreum
647 3881 777 3972 decani,
804 3882 902 3952 cuins
928 3881 1028 3953 valor
1052 3882 1257 3955 aestimatur
1274 3883 1319 3954 ad
1338 3884 1520 3972 sexaginta
1544 3902 1689 3974 marcas;
1716 3885 1776 3955 de·'

229 4002 353 4073 cimam
380 4008 497 4073 autem
525 4003 723 4092 canapalem
751 4022 793 4073 ex
823 4000 1070 4073 consuetudine
1096 4003 1348 4092 praescriptam
1374 4010 1444 4073 non
1471 4003 1620 4075 solvunt.
1679 3986 1680 3989 ¹

332 4122 603 4217 Jnanowrczn,
640 4122 722 4193 villa
749 4123 813 4193 sub
839 4123 1006 4211 parochia
1021 4120 1205 4195 ‘ecclesiae
1231 4122 1523 4213 Oppathoviensis
1559 4124 1645 4213 sita,
1680 4124 1777 4197 cuius

227 4243 340 4315 maior
364 4245 558 4334 proprietas
585 4242 630 4315 ad
657 4243 853 4332 episcopum
881 4242 1120 4314 Lubncensem
1154 4262 1219 4332 pro
1245 4248 1403 4333 ternpore
1428 4242 1596 4333 pertinet,
1637 4243 1672 4313 in
1699 4244 1776 4334 qui·

228 4342 295 4436 hus
321 4370 403 4435 sunt
429 4371 562 4454 septem
596 4363 689 4433 lanei
725 4362 960 4435 cmethonales
994 4368 1031 4434 et
1056 4383 1127 4434 una
1160 4364 1309 4435 taberna
1342 4364 1476 4437 habens
1501 4384 1606 4454 agros
1632 4363 1678 4435 ad
1703 4365 1777 4454 epi·

228 4504 370 4574 scopum
396 4483 653 4555 Lubuczensem
679 4482 905 4572 pertinentes.
930 4483 1020 4554 Item
1047 4483 1115 4555 dno
1141 4483 1234 4555 lanei
1261 4483 1427 4573 speciales
1453 4483 1498 4554 ad
1524 4484 1775 4574 proprietatem

229 4610 265 4676 et
291 4604 480 4676 dominium
506 4604 694 4674 decanatus
721 4602 1012 4693 Oppathovienais
1038 4605 1271 4694 pertinentes,
1298 4604 1341 4676 de
1369 4603 1495 4693 quibus
1520 4604 1680 4675 omnibns
1707 4605 1776 4674 sol-

226 4726 323 4797 vitur
349 4725 481 4796 decima
505 4724 730 4815 manipularis
757 4729 795 4795 ct
820 4744 883 4814 per
910 4731 1060 4815 quatuor
1084 4725 1223 4814 ierngas
1250 4722 1427 4814 canapalis
1445 4723 1638 4796 decanatui
1661 4721 1776 4814 0ppa=

227 4843 410 4934 thoriensi,
437 4850 473 4916 et
499 4844 629 4916 ducunt
655 4865 730 4915 earn
758 4845 956 4916 cmethones
973 4845 1010 4915 in
1027 4845 1191 4917 horreum
1218 4865 1240 4915 a
1265 4844 1396 4916 decano
1422 4843 1605 4915 locandum
1623 4849 1661 4914 et
1677 4843 1776 4915 ralor

227 4967 302 5038 eius
338 4966 545 5038 aestimatur
569 4965 614 5036 ad
641 4965 759 5036 decem
784 4985 927 5037 marcas.
970 4966 1060 5037 Item
1086 4966 1154 5037 duo
1181 4966 1273 5037 lanei
1299 4966 1335 5035 in
1362 4963 1483 5036 eadem
1514 4964 1598 5035 villa
1624 4962 1669 5034 ad
1693 4946 1776 5054 pro-

227 5087 413 5177 prietatem
450 5087 572 5158 decani
607 5087 841 5176 pertinentes,
876 5086 1018 5187 solvunt
1050 5087 1232 5159 decanatui
1268 5084 1543 5173 Oppathoviensi
1578 5104 1643 5174 pro
1670 5102 1776 5154 censu

228 5227 341 5278 annuo
369 5207 515 5297 quilibet
540 5227 644 5277 unam
671 5225 889 5296 sexagenam,
914 5206 1138 5278 medietatem
1164 5226 1227 5295 pro
1253 5204 1343 5276 festo
1370 5204 1403 5274 S.
1429 5204 1585 5293 Martini,
1612 5210 1648 5275 et
1671 5204 1775 5274 aliam

225 5326 449 5400 medietatem
475 5348 540 5418 pro
566 5327 653 5398 lesto
681 5326 923 5398 Sanctissimae
949 5325 1143 5417 Trinitatis,
1169 5326 1253 5397 item
1279 5324 1367 5399 duos
1395 5325 1520 5397 choros
1546 5324 1666 5414 tritici,
1689 5323 1778 5396 item

330 5495 378 5536 ab.
392 5494 487 5537 neuma.
1270 5474 1275 5481 ’
1572 5463 1611 5523 73
