4050 6054
305 476 379 550 466

304 688 386 756 item
414 672 592 775 praedium
628 682 681 754 est
706 680 845 753 unicum
882 673 1049 772 militare,
1085 680 1128 751 de
1155 672 1251 750 cuius
1279 672 1372 770 agris
1408 670 1563 752 solvitur
1591 676 1724 750 decima
1749 658 1864 805 mifiri-

305 806 436 895 palaris
464 804 629 875 ecclesiae
655 803 688 875 S.
715 804 895 874 Laurentii
922 804 958 873 in
984 803 1242 874 Micbalow.
1809 798 1818 805 ”

407 927 630 997 Mnonzowr
656 925 803 1015 Mmon,
839 925 931 1012 villa,
959 926 994 994 in
1022 946 1091 1015 qua
1118 930 1172 995 cst
1199 924 1344 995 ecelesia
1370 924 1580 1013 paroehialis
1609 923 1736 1014 lignea,
1763 923 1863 993 cuius

304 1044 428 1118 haeres
455 1047 648 1118 Stanislaus
675 1045 1011 1135 Mlodzowsky‚
1038 1046 1164 1116 nobilis
1184 1045 1226 1115 de
1245 1046 1350 1116 armis
1378 1046 1710 1134 Bippeuninm,
1738 1044 1863 1134 inqua

305 1174 385 1239 sunt
411 1169 479 1239 duo
507 1168 598 1238 lanei
625 1167 879 1255 curetlroualcs‚
907 1166 1102 1256 dequibus
1130 1167 1278 1236 solvitur
1314 1166 1447 1236 decima
1478 1165 1707 1254 manipularis
1735 1171 1771 1235 et
1796 1186 1862 1254 per

304 1295 453 1380 quatuor
479 1289 617 1377 ierugas
645 1287 821 1376 canapalis
849 1288 1013 1358 canonico
1041 1287 1260 1376 praebendae
1288 1286 1522 1376 liyclcziensis
1550 1285 1861 1375 Szydlnwieczska,

304 1416 340 1480 et
366 1415 530 1480 tenentur
556 1409 650 1477 illam
678 1408 877 1478 cmethoncs
905 1407 1031 1478 ducere
1058 1408 1209 1496 propriis
1237 1407 1395 1477 curribus
1415 1408 1450 1475 in
1468 1406 1633 1477 borreum
1652 1425 1673 1476 a
1691 1406 1861 1476 canonico

303 1530 485 1602 locandum
513 1535 549 1600 et
575 1529 673 1599 valor
700 1529 774 1598 cius
801 1530 1004 1600 aestimatur
1023 1527 1066 1598 ad
1085 1528 1170 1598 duas
1197 1548 1341 1617 marcas,
1369 1528 1554 1617 aliqnando
1582 1526 1626 1598 ad
1645 1526 1731 1598 duaa
1758 1546 1861 1598 sexa-

303 1673 420 1741 genas.
446 1651 536 1721 ltcm
563 1656 645 1720 snut
671 1650 721 1720 ibi
740 1649 797 1719 alii
818 1650 909 1719 lanei
927 1656 1000 1721 tres
1020 1670 1096 1719 cum
1125 1649 1238 1720 modio
1266 1649 1508 1739 cmetlmnalcs,
1536 1649 1620 1718 item
1646 1649 1722 1738 agri
1740 1648 1862 1720 taber-

304 1794 428 1843 narum
456 1779 492 1842 et
519 1772 811 1858 hortulaniarum‚
839 1771 897 1861 qni
925 1771 1064 1841 solvunt
1092 1770 1258 1840 decimam
1287 1769 1537 1860 manipularem
1564 1769 1729 1839 ecclesiae
1755 1789 1879 1857 paro-·

304 1894 408 1991 chiali
435 1894 471 1963 in
499 1892 671 1962 Minori
699 1891 972 1981 Mlodzen'y3
998 1892 1082 1962 item
1110 1896 1164 1961 est
1182 1891 1232 1961 ibi
1257 1891 1396 1963 unicum
1421 1890 1603 1980 praedium
1630 1890 1794 1979 militare,
1812 1889 1858 1959 de

302 2015 399 2084 cuius
426 2014 520 2104 agaris
548 2013 696 2084 solvitur
724 2014 856 2083 decima
883 2013 1107 2102 manipularis
1143 2013 1308 2083 ecclesiae
1342 2012 1531 2101 parochiali
1559 2011 1687 2082 ibidem
1714 2011 1750 2080 in
1776 2009 1857 2080 Mi-

304 2136 406 2204 nori
433 2134 694 2225 Mlodzewy.

410 2244 688 2345 Zn1,ur'a,alias
717 2254 882 2344 Woern,
918 2253 1001 2324 villa
1031 2255 1096 2325 sub
1123 2254 1289 2343 parocbia
1324 2254 1490 2324 ecclcsiae
1526 2253 1569 2322 de
1605 2251 1861 2342 Mlodzowy

303 2379 390 2465 sita,
426 2378 523 2446 cuius
550 2377 674 2446 haeres
701 2375 854 2446 loannes
891 2373 1039 2446 Galka
1074 2375 1117 2446 de
1149 2374 1471 2493 leedzwp⁷edz
1507 2374 1550 2444 de
1577 2374 1683 2444 armis
1719 2372 1859 2444 Odro-

304 2498 507 2586 wanscln‚
534 2497 570 2566 iu
598 2518 665 2585 qua
692 2503 773 2566 sunt
800 2496 891 2565 lanei
919 2494 1161 2586 cmetbonales'‚
1189 2496 1231 2567 de
1259 2496 1382 2588 quibus
1409 2495 1557 2566 solvitur
1584 2495 1717 2565 decima
1743 2494 1857 2593 manif

303 2619 434 2708 pularis
461 2625 497 2688 ct
532 2639 595 2706 per
622 2626 772 2707 quatuor
807 2618 945 2707 icrugas
981 2618 1156 2709 canapalis
1193 2615 1412 2706 praebendae
1448 2616 1665 2708 Kyelczieusi
1701 2614 1861 2686 Sehidlo-

304 2739 491 2830 wycczska,
519 2745 555 2808 ct
581 2744 746 2808 tenentur
774 2738 868 2807 illam
895 2739 1093 2810 cmctboues
1121 2738 1247 2809 ducere
1274 2739 1310 2808 in
1337 2738 1501 2808 horreum
1519 2759 1541 2807 a
1559 2737 1723 2808 canonico
1741 2737 1861 2807 locan-

305 2860 385 2931 dum
414 2867 449 2930 ct
478 2859 576 2930 valor
603 2859 808 2929 aestimatur
835 2859 909 2930 cius
936 2860 980 2929 ad
999 2859 1149 2950 quinque
1175 2880 1321 2930 marcas.
1349 2859 1534 2949 Perceptio
1562 2864 1677 2929 autem
1705 2854 1862 2928 decimae

306 2980 485 3070 praelatae
522 2980 694 3051 alteratur
729 2980 822 3050 inter
857 2986 1073 3069 praesentem
1109 2979 1340 3069 praebendam
1379 2985 1414 3049 ct
1439 3001 1592 3049 mensam
1628 2978 1861 3069 episcopalem

311 3103 585 3191 Cracovicusem
612 3123 680 3173 uno
708 3103 799 3172 enim
827 3124 917 3172 auno
944 3102 1092 3191 percipit
1119 3122 1194 3172 eam
1221 3122 1386 3191 praesens
1413 3101 1612 3190 praebenda
1639 3099 1861 3190 Schydlowy-

306 3225 441 3312 eczska,
469 3222 579 3293 altero
606 3244 689 3294 vero
718 3245 807 3293 anno
835 3223 984 3313 percipit
1010 3222 1104 3292 illam
1122 3243 1242 3293 mensa
1260 3222 1466 3313 episcopalis
1494 3220 1742 3292 Gracoviensis.
1768 3219 1860 3291 Item

303 3345 478 3434 tabernae,
491 3369 493 3373 ¹
506 3345 589 3415 item
616 3342 843 3433 hortulanus,
871 3344 954 3414 item
982 3343 1171 3432 praedium.

406 3464 604 3554 (linaearum,
633 3464 814 3554 oppidum,
850 3464 981 3535 habens
1020 3466 1055 3534 iu
1082 3486 1119 3535 se
1146 3464 1379 3554 parochialem
1414 3464 1594 3534 ecclesiam
1621 3467 1792 3533 muratam
1821 3463 1858 3532 iu

302 3586 449 3656 dioecesi
478 3582 672 3656 Gneznensi
699 3586 821 3674 sitam,
848 3586 893 3655 ad
912 3586 1168 3656 serenissimum
1195 3607 1312 3675 regem
1339 3585 1505 3655 Poloniac
1532 3585 1730 3674 pertinens,
1758 3583 1857 3654 cuins

302 3707 377 3796 agri
404 3707 440 3776 in
459 3712 608 3796 quatuor
635 3727 773 3795 campos
800 3705 902 3776 divisi
920 3712 1015 3796 sunt,
1043 3712 1079 3777 et
1097 3707 1244 3797 quilibet
1270 3727 1411 3795 campus
1439 3706 1661 3795 singulariter
1688 3704 1856 3776 decimam

301 3828 406 3898 solvit
432 3828 600 3917 singulari
626 3827 794 3897 beneficio
822 3832 858 3896 et
884 3827 1067 3915 ecclesiae3
1095 3832 1131 3897 ct
1157 3828 1290 3917 primus
1319 3827 1457 3918 quidem
1484 3848 1642 3916 campm,
1678 3827 1737 3916 qui
1764 3846 1857 3896 com-

302 3949 398 4019 muni
424 3955 459 4018 et
478 3948 614 4037 vulgari
642 3948 873 4037 appellatione
900 3955 1045 4018 vocatur
1072 3948 1402 4039 ermaupecz,
1429 3948 1534 4019 solvit
1561 3947 1728 4018 decimam
1746 3946 1858 4016 urani·

302 4069 457 4157 pularem
485 4066 703 4157 praebendae
730 4067 948 4159 Kyelczieusi
975 4069 1133 4157 paesenti
1160 4068 1507 4160 schydlouyeczska,
1535 4073 1571 4137 ct
1598 4089 1665 4137 uon
1692 4056 1858 4137 tenentur

300 4210 377 4259 eam
403 4189 476 4259 eius
504 4188 675 4278 agricolae
703 4188 827 4259 ducere
846 4189 997 4278 propriis
1015 4190 1174 4260 curribus
1192 4190 1228 4259 in
1247 4190 1410 4260 horreum
1437 4188 1640 4260 acanonico
1658 4187 1855 4278 locandum,

301 4311 362 4380 sed
389 4310 573 4380 canonicus
599 4309 750 4399 propriis
777 4309 831 4380 vel
859 4310 1037 4380 conventis
1065 4309 1224 4380 curribus
1252 4330 1329 4380 eam
1357 4311 1536 4399 conducit,
1563 4315 1599 4379 et
1624 4308 1723 4379 valor
1750 4309 1856 4380 aesti-

302 4436 415 4501 matur
441 4432 514 4500 cius
542 4430 586 4501 ad
603 4435 676 4499 tros
703 4450 857 4518 marcas;
883 4430 967 4500 item
993 4452 1062 4502 non
1080 4435 1243 4501 tenentur
1269 4428 1314 4500 ad
1333 4429 1533 4501 solvendam
1560 4428 1726 4500 decimam
1753 4450 1856 4500 cana-

301 4551 433 4640 palcm;
464 4557 499 4621 et
526 4551 624 4621 valor
651 4551 804 4621 decimae
836 4550 879 4621 de
906 4549 1063 4640 praelato
1091 4572 1212 4641 campo
1238 4548 1552 4641 ermauyecz
1580 4549 1786 4621 aestimatur
1810 4550 1855 4620 ad

300 4672 387 4742 duas
414 4692 566 4761 marcas,
602 4672 686 4742 itcm
721 4671 764 4742 de
791 4671 941 4742 secundo
976 4693 1097 4761 campo
1124 4670 1279 4765 eiusdem
1315 4671 1433 4762 oppidi
1460 4671 1724 4762 Glrancniny
1750 4662 1857 4741 datur

301 4793 432 4862 decima
458 4792 683 4881 manipularis
711 4792 875 4862 ccclesiae
901 4796 938 4863 et
956 4793 1104 4882 plebano
1131 4792 1167 4862 iu
1190 4768 1398 4883 antiqua
1423 4791 1675 4882 Obacziuy3
1703 4792 1785 4862 item
1812 4791 1857 4861 de

300 4912 406 4983 tertio
433 4934 554 5001 campo
580 4911 730 5002 praelati
766 4910 886 5003 oppidi
912 4912 1016 4984 datur
1043 4912 1176 4984 decima
1210 4912 1437 5003 manipularis
1463 4913 1629 4983 ecclesiae
1664 4910 1856 5002 parochiali

300 5034 337 5103 iu
364 5032 489 5104 Nova
514 5032 756 5123 Clracziui;
784 5034 867 5104 item
894 5033 938 5104 dc
965 5038 1089 5125 quarto
1116 5054 1238 5123 campo
1265 5033 1417 5104 ciusdem
1446 5032 1564 5123 oppidi
1591 5032 1695 5103 datur
1721 5031 1857 5102 decima

300 5154 466 5224 ecclesiae
493 5155 684 5243 parochiali
712 5155 746 5223 in
774 5154 802 5223 Z
811 5153 1049 5245 lothnyky.

404 5273 554 5363 Gonu,
585 5275 669 5346 villa
702 5276 765 5346 sub
801 5275 969 5364 parocbia
1004 5275 1168 5346 ecclesiae
1204 5275 1246 5345 de
1274 5274 1499 5346 Chaczini
1534 5279 1570 5345 ct
1596 5276 1631 5344 in
1658 5272 1856 5367 Gneunensi

302 5393 450 5467 dioecesi
469 5397 547 5485 sita,
574 5396 670 5466 cuius
688 5396 856 5467 haeredes
884 5396 1042 5467 Clemens
1068 5396 1352 5489 Yaszowslry
1380 5396 1423 5467 de
1450 5397 1555 5467 armis
1582 5360 1753 5487 Onuba,
1781 5392 1857 5488 (qui
