4050 6054
1670 510 1741 581 149

196 720 362 811 Vlyna,
390 726 426 790 et
452 739 558 807 nepos
586 739 668 789 suus
696 718 892 808 Wyplar.
937 717 977 787 In
1006 739 1074 806 qua
1099 717 1183 788 villa
1214 715 1371 790 undecim
1405 735 1481 787 cum
1511 716 1624 787 medIo
1651 717 1742 788 lanei

196 840 447 928 cmethonaleS,
475 839 660 928 dequibus
688 840 846 910 omnibus
874 826 1022 910 solvitur
1049 837 1181 909 decima
1207 836 1433 928 manipularis
1460 842 1496 908 et
1522 837 1661 908 ducitur
1686 856 1749 927 per

196 962 394 1033 cmethones
422 959 573 1050 propriis
600 960 759 1031 curribus
777 960 813 1030 in
833 960 995 1029 horreum
1023 959 1227 1029 acanonico
1246 957 1451 1054 eligendum,
1478 957 1617 1028 solvunt
1644 957 1748 1028 etiam

197 1083 364 1153 decimam
391 1081 513 1169 canapi
531 1099 594 1169 per
619 1086 767 1168 quatuor
794 1081 971 1151 iuncturas
999 1086 1035 1150 et
1054 1080 1258 1150 aestimatur
1284 1076 1382 1150 valor
1400 1078 1551 1148 decimae
1570 1076 1747 1167 praefatae

197 1204 240 1274 ad
269 1209 401 1293 septem
427 1221 569 1272 marcas.
614 1200 785 1272 MedIetas
814 1207 929 1272 autem
955 1200 1133 1291 praefatae
1165 1200 1315 1271 decimae
1343 1199 1435 1270 cedit
1461 1220 1524 1290 pro
1552 1198 1749 1289 praebenda

198 1323 417 1396 Cracoviensi
448 1320 621 1412 praelata,
655 1328 690 1393 et
708 1322 875 1393 medietas
902 1323 1050 1411 plebano
1079 1328 1115 1393 et
1133 1322 1299 1393 ecclesiae
1325 1323 1360 1391 in
1379 1320 1506 1392 ibidem
1535 1323 1569 1391 in
1597 1320 1674 1390 Vli
1687 1342 1749 1418 na.

198 1445 356 1516 Taberna
387 1465 455 1514 non
488 1448 556 1531 est,
598 1464 708 1534 neque
739 1443 947 1514 hortulanIa.
1001 1443 1089 1513 Item
1108 1436 1202 1513 sunt
1233 1443 1281 1513 ibi
1314 1441 1401 1512 duae
1433 1443 1549 1513 cunae
1579 1442 1748 1513 militares

198 1566 365 1640 babentes
393 1586 494 1653 agros
513 1563 721 1653 praedialeS,
749 1571 784 1634 et
803 1564 845 1634 de
865 1564 1023 1635 omnibus
1042 1563 1190 1634 solvitur
1208 1562 1340 1634 decima
1358 1562 1506 1653 plebano
1534 1567 1569 1633 et
1587 1563 1750 1634 ecclesiae

107 1773 110 1775 ,
198 1687 233 1757 in
261 1685 416 1776 Vlyna.

300 1807 387 1890 Item
405 1808 511 1879 habet
529 1828 653 1878 nonam
673 1807 921 1897 manipularem
940 1805 1106 1876 decimam
1132 1807 1168 1876 in
1195 1806 1363 1876 minori
1390 1805 1541 1896 Vlyna
1567 1806 1631 1876 snb
1648 1825 1750 1896 paro·

198 1930 276 2000 chia
294 1930 457 2001 ecclesiae
476 1929 518 1999 de
537 1929 703 1998 maiori
721 1927 872 2020 ¹illino,
890 1928 987 1998 cuius
1005 1927 1202 1999 haereditas
1221 1926 1374 2016 pertinet
1391 1925 1435 1996 ad
1452 1924 1598 1997 Paulum
1617 1925 1756 2015 Vlyn-

199 2051 281 2140 sky
308 2032 343 2119 et
370 2050 564 2122 Iohannem
592 2049 783 2136 laroch‚
819 2046 863 2118 de
889 2048 990 2119 domo
1017 2048 1174 2137 Vlyna.
1214 2048 1253 2116 In
1282 2069 1349 2138 qua
1376 2053 1457 2117 sunt
1483 2047 1574 2117 lanei
1602 2053 1752 2136 quatuor

199 2167 431 2241 cmethonales
467 2170 511 2240 ad
538 2170 767 2259 praebendam
805 2169 840 2238 in
868 2168 1294 2258 Szeczeclrowycze,
1332 2174 1497 2257 quantum
1524 2167 1568 2238 ad
1595 2169 1752 2258 proprie-

199 2297 306 2361 tatem
333 2292 556 2381 pertinenteS,
584 2290 626 2361 de
645 2277 789 2380 quorum
808 2291 921 2362 tribus
940 2290 1087 2373 solvitur
1104 2289 1237 2360 decima
1263 2288 1479 2378 praebendae
1507 2286 1691 2379 praefatae,
1717 2294 1754 2360 et

200 2411 340 2482 ducitur
366 2433 429 2502 per
456 2411 653 2484 cmetbones
680 2412 831 2502 propriis
860 2412 1018 2483 curribus
1045 2412 1080 2481 in
1107 2410 1269 2481 horreum
1297 2393 1498 2480 acanonico
1526 2408 1754 2501 deligendum,

204 2539 239 2602 et
271 2533 409 2623 solvunt
441 2533 637 2604 omothones
669 2533 835 2604 decimam
866 2533 986 2622 canapi
1016 2553 1079 2622 per
1107 2538 1255 2621 quatuor
1285 2531 1462 2600 iuncturas
1493 2537 1528 2601 et
1555 2531 1757 2602 aestimatur

200 2654 299 2725 valor
317 2653 469 2725 decimae
487 2653 665 2744 praefatae
684 2654 729 2725 ad
746 2660 818 2725 tres
837 2675 979 2725 marcas.
1006 2654 1094 2723 Item
1118 2653 1205 2724 dnae
1224 2654 1340 2724 curiae
1359 2651 1544 2741 militares,
1564 2672 1652 2741 quae
1670 2651 1757 2724 dant

198 2773 344 2862 plebano
372 2779 407 2843 et
425 2773 591 2844 ecclesiae
618 2774 653 2843 in
681 2773 838 2866 Vlyna.
865 2774 953 2844 Item
973 2780 1118 2862 quartus
1135 2773 1256 2843 laneus
1275 2771 1518 2861 praebendarii
1536 2770 1642 2841 solvit
1659 2771 1752 2842 deci·
1796 2758 1810 2767 ⁴

198 2914 289 2964 mam
316 2894 463 2984 plebano
489 2894 526 2965 in
553 2891 700 2986 Vlyna
726 2916 785 2985 eo,
813 2894 904 2985 quod
932 2899 1008 2964 erat
1035 2893 1208 2984 quondam
1233 2893 1402 2963 militaris.
1447 2891 1526 2964 Non
1545 2896 1598 2963 est
1624 2883 1673 2963 ibi
1699 2897 1754 2963 ta·

199 3015 322 3105 berna,
350 3015 411 3086 sed
439 3021 520 3086 sunt
547 3015 635 3086 duae
662 3015 894 3105 hortulaniae,
921 3036 1009 3105 quae
1037 3015 1209 3086 decimant
1235 3015 1381 3105 plebano
1408 3015 1443 3084 in
1470 3011 1624 3104 Vlyna.

301 3136 389 3208 Item
415 3137 613 3227 praebenda
646 3136 802 3226 praelata
828 3138 936 3208 habet
960 3138 1125 3208 vicariam
1160 3143 1363 3227 perpetuam
1390 3136 1426 3207 iu
1453 3135 1607 3218 ecclesia,
1626 3133 1751 3207 Croco-

198 3258 319 3347 viensi,
347 3259 442 3329 culus
461 3257 661 3349 praedictus
689 3259 872 3331 canonicus
891 3259 1011 3330 unicus
1039 3266 1093 3329 est
1111 3258 1257 3329 collator
1284 3263 1319 3327 et
1336 3262 1512 3346 patronus,
1541 3278 1643 3347 quam
1661 3277 1753 3329 nunc

199 3384 293 3449 tenet
320 3379 473 3449 Mathias
505 3378 717 3450 Mischka
749 3380 791 3451 de
819 3378 1017 3466 Tarnow,
1054 3399 1141 3469 quae
1168 3399 1231 3469 pro
1259 3377 1446 3466 suadete,
1482 3377 1585 3448 titulo
1613 3383 1648 3448 et
1675 3398 1754 3468 pro-

199 3501 348 3590 prIetate
382 3501 489 3571 habet
516 3499 665 3570 decImas
692 3500 922 3588 manipulares
949 3498 1199 3589 infrascriptos.
1250 3498 1298 3571 Et
1317 3499 1427 3589 primo
1457 3498 1563 3569 babet
1590 3498 1755 3569 decimam

54 3606 58 3611 ⁵
201 3620 449 3711 manipularem
476 3621 512 3690 in
532 3619 1001 3711 Troyauowycze,villa
1023 3620 1086 3690 sub
1105 3619 1270 3709 parochia
1296 3618 1461 3689 ecclesiae
1488 3616 1531 3689 da
1559 3616 1590 3690 G
1598 3618 1755 3710 yebol-
1785 3680 1786 3688 ,

200 3740 319 3837 thou
346 3741 431 3828 sita,
464 3740 561 3811 cuius
591 3739 714 3809 haeres
746 3745 799 3810 est
827 3738 1073 3809 SerenissImns
1104 3737 1272 3807 Dominus
1304 3737 1378 3808 Rex
1403 3736 1577 3810 Poloniae.
1617 3739 1658 3809 In
1686 3759 1755 3828 qua

199 3864 280 3930 sunt
306 3858 424 3930 decem
451 3858 542 3928 lanei
569 3856 811 3947 cmethonaleS,
839 3857 881 3929 de
901 3857 1025 3946 quibus
1053 3857 1211 3927 omnibus
1230 3856 1378 3946 percipit
1404 3856 1571 3934 dammam
1598 3858 1753 3949 manipu-

199 3977 307 4048 larem
335 3977 466 4048 vicarIa
492 3974 660 4074 praelata,
697 3982 732 4048 et
758 3976 937 4048 tenentur
957 3996 1033 4046 earn
1061 3975 1260 4048 cmethones
1288 3975 1412 4047 ducere
1439 3976 1475 4045 in
1502 3976 1666 4049 horreum
1693 3999 1755 4069 per

202 4099 369 4170 vicarium
396 4099 599 4188 eugendum,
628 4103 663 4169 et
681 4098 820 4173 solvunt
847 4099 1012 4170 decimam
1040 4099 1162 4188 canapi
1187 4119 1251 4188 per
1270 4103 1417 4190 quatuor
1445 4099 1630 4172 iuncturas.
1667 4100 1755 4173 Item

203 4242 312 4311 prope
341 4221 468 4292 dictam
494 4220 612 4293 villam
644 4223 697 4290 est
723 4222 886 4309 taberna,
918 4221 962 4291 ad
990 4218 1180 4310 praefatam
1212 4221 1329 4292 villam
1354 4222 1550 4313 pertinens,
1583 4224 1618 4293 in
1646 4229 1758 4297 strata

89 4351 92 4359 ’
202 4343 341 4433 publica
358 4329 470 4414 eundo
492 4345 527 4414 in
546 4343 686 4413 Skala
704 4344 784 4432 sita,
803 4348 925 4414 vocata
943 4340 1168 4432 Cuthlow,
1194 4345 1325 4415 habens
1344 4365 1447 4434 agros
1467 4345 1642 4436 speciales.
1668 4345 1756 4417 Item

205 4465 251 4568 in⁴
268 4465 420 4536 vicinatu
447 4463 622 4555 praelatae
654 4465 818 4539 tabernae
847 4468 927 4534 sunt
954 4464 1041 4534 certi
1067 4465 1144 4554 agri
1170 4464 1475 4555 praefataeuillae
1502 4466 1760 4557 Throyano-

205 4607 370 4677 wycze,
399 4586 441 4656 de
469 4587 592 4675 quibus
621 4586 778 4656 omnibus
805 4585 935 4676 absque
959 4585 1187 4659 dimicatione
1214 4587 1360 4658 solvitur
1388 4588 1519 4659 decima
1537 4587 1760 4678 manipularis

115 4690 119 4698 ’
202 4728 268 4797 pro
296 4706 426 4778 vicaria
452 4704 624 4796 praefata,
656 4714 691 4777 et
717 4711 881 4777 tenentur
906 4727 981 4777 eam
1009 4707 1140 4780 incolae
1166 4710 1318 4799 propriis
1345 4709 1504 4781 curribus
1532 4709 1568 4779 in
1595 4708 1757 4780 horreum

201 4828 364 4899 inducere
392 4847 454 4917 per
481 4826 647 4899 vicarium
674 4818 939 4917 designandum,
968 4833 1004 4899 et
1022 4828 1162 4901 solvunt
1188 4829 1355 4902 decimam
1382 4830 1503 4919 canapi
1529 4850 1592 4919 per
1611 4834 1759 4918 quatuor

199 4950 377 5020 iuncturas
395 4954 430 5020 et
448 4947 652 5021 aestimatur
669 4948 767 5019 valor
785 4948 935 5020 decimae
962 4949 1006 5020 ml
1030 4955 1108 5022 octo
1126 4971 1268 5022 marcas
1313 4951 1379 5021 Est
1397 4950 1446 5021 ibi
1465 4949 1562 5020 curia
1580 4949 1690 5040 regia,¹
1710 4950 1757 5048 dc

201 5091 268 5159 qua
286 5069 478 5141 decimatur
496 5069 598 5140 altari
615 5070 651 5140 in
666 5069 810 5141 ecclesia
829 5068 1049 5143 cracoviensi
1067 5071 1185 5144 Sancti
1203 5070 1403 5159 Wladislai,
1421 5071 1537 5161 regiae
1556 5070 1759 5161 collationis,
1781 5149 1785 5154 ,

303 5190 393 5262 Item
411 5192 516 5263 habet
534 5191 678 5262 alteram
697 5189 864 5262 decimam
883 5193 1130 5293 manipularem
1148 5193 1184 5262 in
1211 5191 1295 5262 Prz
1305 5191 1649 5283 ybyslawycze,
1676 5191 1761 5266 villa

202 5311 266 5381 sub
285 5313 453 5401 parocbia
471 5312 633 5400 ecclesiae
647 5307 703 5383 'de
731 5309 1012 5403 Gebolthour,
1040 5312 1137 5385 cuius
1163 5312 1287 5384 haeres
1311 5312 1505 5385 Stanislaus
1528 5312 1759 5388 Oraczow-

202 5432 299 5522 sky,
325 5433 450 5506 nobilis
478 5433 521 5505 de
548 5432 649 5508 domo
669 5433 959 5530 Srzenyawa,
991 5434 1103 5508 etalii
1125 5420 1268 5510 nobiles.
1308 5434 1349 5508 In
1377 5457 1445 5532 qna
1471 5442 1553 5510 sunt
1579 5437 1759 5517 duodecim
