4050 6054
1705 454 1777 583 {65

230 662 408 751 obstante,
435 659 527 753 quod
560 660 678 732 reddit
703 660 869 733 decimam
895 661 1165 754 manipularem,
1193 660 1298 732 solvit
1324 661 1429 732 etiam
1455 659 1778 733 annonas-vicariis

229 780 535 855 Sandeczensibus.
1710 844 1713 849 .

334 900 595 973 anovovvnn
622 901 766 991 Parvi,
793 901 881 981 villa
902 905 966 975 sub
984 903 1150 995 parochia
1167 903 1334 974 ecclesiae
1357 902 1400 975 de
1425 900 1553 973 Nova
1579 899 1781 973 Sandecz

230 1025 309 1113 sita,
336 1022 436 1094 cuius
462 1023 659 1112 proprietas
687 1028 724 1093 et
749 1022 939 1093 dominium
965 1024 1009 1095 ad
1036 1023 1204 1095 haeredes
1230 1023 1372 1095 Petrum
1400 1027 1436 1092 et
1460 1021 1655 1111 Nicolaum,
1681 1016 1781 1094 nobi-

229 1145 281 1216 les
315 1143 359 1215 de
394 1143 501 1229 armis
538 1143 848 1232 Antiquarum
883 1143 1115 1234 Equorum
1141 1145 1313 1234 pertinet,
1339 1143 1469 1233 inqua
1495 1148 1576 1215 suut
1602 1142 1781 1214 duodecim
1843 1172 1849 1181 ·

233 1265 325 1335 lanei
353 1263 598 1352 cmethonales,
625 1262 668 1334 de
695 1262 820 1352 quibus
840 1263 988 1335 solvitur
1005 1265 1138 1335 decima
1154 1264 1380 1354 manipularis
1398 1268 1434 1334 et
1451 1263 1626 1353 canapalis
1644 1263 1782 1334 vicariis

231 1384 542 1474 Sandeczensibus,
569 1388 606 1454 et
631 1381 762 1455 ducunt
787 1404 863 1455 eam
892 1385 1091 1456 emethones
1117 1384 1162 1456 ad
1188 1385 1349 1455 horreum
1377 1405 1398 1454 a
1424 1384 1562 1455 vicariis
1588 1383 1781 1473 locandum,
1902 1432 1907 1439 -

231 1512 268 1576 et
294 1504 367 1575 oius
395 1504 601 1575 aestimatur
628 1502 726 1575 valor
752 1503 797 1575 ad
823 1511 896 1576 tres
922 1525 1064 1576 marcas.
1103 1505 1189 1576 Item
1217 1505 1301 1577 villa
1326 1504 1486 1595 praelata
1512 1524 1580 1574 non
1608 1505 1780 1593 obstante,

231 1624 323 1715 quod
350 1624 456 1696 solvit
482 1624 650 1695 decimam
668 1624 929 1715 manipularem,
947 1625 1054 1696 solvit
1070 1645 1225 1696 annonas
1243 1624 1400 1713 vicariis3
1427 1625 1511 1695 item
1528 1625 1676 1695 taberna
1693 1644 1780 1712 nna3

230 1747 314 1817 item
340 1745 568 1835 hortulaniae,
597 1745 679 1815 item
706 1745 887 1835 praedium
913 1745 985 1816 illic
1011 1767 1080 1816 non
1107 1746 1288 1816 habentur.

333 1865 564 1955 KnmvormA,
592 1865 676 1936 villa
693 1866 758 1938 sub
776 1865 943 1955 parochia
960 1865 1125 1937 ecclesiae
1143 1865 1187 1936 de
1205 1864 1330 1936 Nova
1357 1864 1560 1936 Sandecz
1587 1865 1664 1954 sita,
1684 1865 1780 1937 cuius

231 1986 402 2059 haeredes
429 1986 556 2058 Petrus
583 1991 620 2057 et
646 1985 811 2058 Nicolaus
837 1986 974 2069 nobiles
1000 1985 1044 2057 de
1070 1986 1175 2057 armis
1202 1985 1514 2076 Antiquorum
1540 1984 1781 2075 Equorum,

230 2108 401 2198 pertinet,
428 2107 465 2177 in
493 2127 562 2197 qua
586 2111 667 2178 sunt
703 2161 710 2176 .
738 2159 746 2176 .
773 2161 781 2176 .
809 2160 816 2176 .
851 2106 945 2177 lanei
976 2106 1225 2195 cmetbouales,
1254 2107 1297 2177 de
1324 2105 1449 2196 quibus
1476 2105 1623 2176 solvitur
1649 2104 1782 2176 decima

230 2227 456 2318 manipularis
490 2233 527 2299 et
566 2248 629 2318 per
666 2232 816 2317 quatuor
849 2227 988 2317 ierugas
1024 2227 1198 2317 canapalis
1233 2226 1373 2297 mcariis
1409 2225 1718 2315 Sandeczcnsibus,
1744 2231 1782 2296 et

232 2349 363 2420 ducunt
398 2369 473 2419 eam
509 2349 709 2419 cmcthones
744 2348 896 2439 propriis
930 2348 1090 2418 curribus
1116 2348 1152 2418 in
1186 2349 1348 2419 horreum
1376 2368 1398 2418 a
1424 2347 1564 2418 vicariis
1589 2345 1780 2436 locandum,

231 2475 267 2541 et
294 2469 498 2541 aestimatur
532 2470 606 2540 eius
632 2468 732 2541 valor
759 2468 804 2540 ad
830 2475 903 2540 tres
930 2489 1075 2540 marcas.
1113 2469 1203 2541 Item
1229 2469 1414 2558 tabernae,
1441 2468 1525 2539 item
1552 2467 1781 2556 hortulaniae,

231 2590 312 2661 item
338 2589 529 2681 praedium.

850 2891 1161 2914 w

233 3228 504 3350 Privilaqium'
538 3245 817 3347 fundationis,
851 3187 1079 3328 dotationis
1122 3253 1166 3327 et
1207 3249 1439 3327 erectionis
1482 3246 1695 3330 ecclesiae
1736 3248 1777 3329 8.

233 3384 529 3490 blarqaretbae
562 3406 618 3464 ex
651 3385 880 3488 parochiali
904 3387 944 3464 in
977 3385 1253 3489 colleqiatam,
1279 3407 1355 3489 per
1377 3385 1779 3467 reverendissimum

231 3522 329 3603 olim
371 3522 598 3627 Sbipneum
640 3521 899 3603 cardinalem
932 3531 976 3602 et
1007 3524 1255 3627 episcopum
1288 3521 1623 3605 Oracovionaem
1654 3524 1779 3606 iacta.

333 3796 374 3868 In
400 3797 537 3868 nomine
564 3795 712 3867 Sanctae
739 3799 775 3867 et
801 3795 999 3868 individuae
1024 3793 1228 3886 Trinitatis,
1255 3795 1373 3867 Patris
1400 3801 1436 3867 et
1462 3796 1544 3868 Filii
1570 3802 1606 3869 et
1632 3797 1781 3889 Spiritus

231 3917 358 4007 Sancti,
373 3918 494 3989 Amen.
512 3917 568 3988 Ad
586 3922 790 4008 perpetuam
808 3917 860 3988 rei
877 3917 1087 3988 memoriam.
1107 3915 1276 4005 Quoniam
1293 3917 1482 3988 labentium
1496 3924 1690 4008 temporum
1704 3940 1781 3992 cur·

230 4060 289 4111 sus
307 4045 343 4110 ot
361 4059 563 4111 consumens
582 4039 697 4109 onmia
715 4042 882 4127 vetustas,
897 4057 1025 4127 eorum,
1041 4058 1129 4127 quae
1142 4042 1319 4127 geruntur,
1334 4024 1534 4109 memoriam
1550 4059 1664 4111 secum
1678 4034 1781 4132 rapit,

228 4159 273 4232 ad
299 4159 569 4233 submovendum
595 4158 778 4230 oblivionis
796 4158 832 4227 in
850 4179 891 4230 eo
910 4157 1058 4247 modum,
1075 4158 1259 4230 laudabilis
1277 4164 1313 4230 et
1329 4159 1518 4249 longaevae
1536 4161 1779 4235 observantiae

229 4282 396 4372 exemplo,
422 4280 576 4372 providit
602 4279 790 4370 antiquitas
817 4279 1007 4350 remedium
1034 4279 1303 4370 scripturarum,
1330 4300 1374 4351 ue
1404 4280 1579 4353 edacitate
1606 4284 1782 4376 temporis,

230 4401 325 4473 clara
350 4400 601 4491 praesentibus,
628 4399 819 4472 reddantur
845 4398 971 4472 futuris
998 4400 1160 4491 ambigua
1186 4406 1222 4473 et
1249 4401 1405 4473 obscura.
1433 4400 1531 4473 Perit
1557 4403 1647 4473 enim
1667 4423 1781 4476 rerum

228 4526 406 4613 gestarum
432 4528 505 4593 tam
531 4521 707 4609 memoria,
735 4541 837 4611 quam
863 4520 1014 4609 veritam
1040 4520 1166 4592 necin
1192 4521 1353 4593 notitiam
1380 4528 1599 4612 posterorum
1625 4523 1728 4615 plane
1746 4531 1783 4596 et

229 4641 378 4714 fideliter
404 4641 572 4732 pervenit,
599 4661 701 4731 quam
729 4641 980 4730 scripturarum
1006 4641 1138 4712 veritas
1165 4662 1235 4712 non
1262 4640 1424 4713 ostendit.
1464 4642 1636 4715 Decorum
1663 4643 1781 4733 itaque
1868 4734 1873 4741 Ι

229 4768 266 4834 et
290 4760 562 4834 commendabile
597 4769 669 4850 est,
696 4768 735 4831 ut
769 4766 870 4852 gesta
904 4765 1009 4851 atque
1046 4781 1153 4852 opera
1188 4763 1340 4834 humana
1365 4761 1546 4834 liturarum
1572 4764 1783 4836 roborentur
1835 4780 1841 4799 ’

229 4883 387 4972 numine,
413 4901 456 4954 ea
490 4881 715 4972 pracsertim,
742 4901 830 4971 quae
866 4888 949 4953 sunt
983 4901 1047 4973 pro
1083 4882 1197 4955 laudis
1223 4882 1361 4954 divinae
1387 4890 1571 4973 augmento
1607 4889 1644 4956 et
1670 4884 1782 4956 salute

229 5003 392 5074 instituta
418 5001 619 5073 animarum.
645 5000 797 5073 Proinde
824 5000 897 5074 Nos
924 5001 1104 5095 Sbigneus,
1131 5003 1199 5076 Dei
1225 5007 1261 5075 et
1287 5003 1510 5094 Apostolicae
1538 5002 1637 5077 Sedis
1662 5004 1781 5096 provi·

229 5121 346 5194 dentia
371 5121 553 5214 episcopus
581 5121 828 5212 cracoviensis,
847 5123 1079 5215 significamus
1096 5128 1220 5197 tenore
1236 5123 1482 5215 praesentium,
1501 5123 1626 5215 quibus
1643 5125 1783 5217 expedit

227 5243 410 5315 universis.
443 5243 601 5332 Qualiter
629 5243 781 5335 suscepti
817 5244 996 5334 regiminis
1032 5265 1133 5335 cura,
1161 5244 1272 5317 officio
1300 5248 1336 5314 et
1362 5264 1485 5334 onere,
1512 5244 1556 5316 de
1582 5244 1714 5317 salubri
1741 5232 1783 5317 ac

228 5363 405 5439 fructuoso
431 5365 656 5438 ecclesiarum
684 5371 796 5458 statu,
827 5363 965 5438 divinae
993 5387 1127 5462 quoque
1154 5365 1266 5445 laudis
1292 5365 1470 5444 sollicitati
1496 5358 1784 5460 augmentabat
