4050 6054
1647 442 1717 514 165

279 651 367 723 Item
393 635 430 719 in
457 648 631 738 praefata.
651 649 712 725 illa
730 653 810 720 sunt
837 649 905 721 duo
933 649 1076 738 nobiles,
1102 671 1191 721 unus
1217 649 1413 738 Stephanus
1439 649 1719 740 Pogorzsky,

177 768 303 842 nobilis
328 769 500 843 dedomo
526 768 558 839 L
580 862 583 867 Ι
609 756 618 785 “’
745 769 878 840 habens
904 770 1032 839 curiam
1052 776 1088 840 et
1106 790 1208 859 agros
1234 769 1437 858 praediales,
1465 776 1615 859 quatuor
1640 769 1721 840 hor·
1809 807 1817 816 -

176 890 345 978 tulanias,
372 908 474 961 unam
509 866 688 971 tabariam
716 893 752 959 et
778 888 883 960 unuril
908 888 1145 960 molendinum
1175 889 1341 960 habentia
1365 868 1488 980 agro&
1523 890 1607 961 item
1633 889 1722 960 alter

177 1011 317 1082 Marcus
343 1009 415 1080 Mn
423 1010 611 1101 presby,
638 1009 764 1079 nobilis
791 1007 953 1080 dedomo
980 1008 1178 1099 Nouia-a,
1204 1008 1263 1098 qui
1289 1002 1358 1079 nori
1384 1007 1493 1107 hahet
1516 1009 1567 1079 ibi
1584 1001 1723 1079 cuhiar'n

176 1151 287 1220 noque
313 1128 518 1220 praedium,
532 1127 606 1203 eed
633 1150 738 1201 unum
764 1110 1009 1231 tantummodo·
1028 1100 1538 1219 laneufi-cmethon'hlemsde
1562 1106 1723 1219 'omnibns

178 1256 291 1322 autem
318 1250 420 1339 agris
438 1250 634 1339 praedictis,
661 1249 705 1319 ad
732 1249 867 1341 nobiles
892 1236 1066 1340 praeiatos
1084 1253 1124 1321 et
1137 1268 1257 1320 eorum
1279 1249 1435 1320 hominos
1462 1249 1724 1339 pertinentibus,

177 1370 323 1442 solvitur
350 1370 482 1441 decima
507 1369 732 1459 manipularis
752 1370 904 1459 plebano
931 1375 966 1441 et
993 1369 1167 1441 ecclesiae·
1182 1370 1231 1441 in-
1244 1364 1611 1459 eorecnowycze.
1704 1351 1730 1401 Ἀ

280 1491 367 1567 Item
395 1491 479 1587 villa¹
503 1490 661 1580 praefata
687 1489 837 1563 confinat
853 1510 930 1565 cum
948 1489 1032 1562 villa
1050 1472 1227 1562 nobilium
1241 1488 1426 1579 U‘giasd,
1453 1494 1489 1561 et
1506 1496 1589 1561 sunt
1615 1489 1724 1560 conti-

177 1610 391 1684 nui.limites
415 1600 527 1682 metas
554 1610 798 1701 ostendentes.
810 1612 893 1683 item
920 1631 995 1682 cum
1024 1610 1392 1701 Bolecbowycze,
1420 1610 1503 1681 villa
1529 1609 1725 1699 episcopali,

178 1734 261 1805 item
288 1752 365 1803 oum
391 1731 663 1811 Zabierzow
696 1732 900 1804 monasterii
936 1730 1249 1802 sanctimonialium
1281 1731 1325 1802 dc
1351 1730 1725 1822 Zwyerzynyecz‚

178 1854 268 1924 inter
295 1871 381 1941 quas
407 1851 531 1921 fluvius
558 1851 755 1933 Rudawa
772 1852 808 1922 in
825 1852 997 1941 aliquibus
1023 1851 1117 1939 locis,
1145 1852 1181 1920 in
1199 1850 1369 1941 aliquibus
1396 1872 1479 1923 vero
1506 1851 1629 1922 fluvius
1647 1851 1726 1923 Ko-

180 1952 417 2062 nyry'anra
441 1971 642 2081 qatngua,
678 1973 761 2042 ram
787 1986 866 2043 aum
891 1971 1186 2063 Monlnyeza,
1221 1971 1613 2053 ultramosanus
1640 1972 1726 2042 alias

141 2110 145 2127 ’
178 2088 341 2186 rapias-edu
367 2094 403 2162 et
428 2090 558 2162 fossata
584 2091 806 2181 distinguunt
840 2091 928 2164 Item
954 2097 1088 2183 partem
1119 2112 1221 2161 unam
1248 2092 1352 2163 villae
1377 2080 1552 2181 piaefatao
1579 2092 1725 2163 contulit
1873 2126 1875 2130 ⁴

179 2211 327 2300 capitulo
354 2211 642 2283 Bertlroldus
668 2211 917 2301 Sooltheis
936 2213 1080 2283 alteram
1098 2211 1273 2302 Judith,
1299 2213 1404 2283 tertIa
1421 2217 1538 2303 empta
1556 2216 1610 2284 est
1627 2212 1726 2284 aelo-

180 2333 302 2420 hanne,
329 2331 399 2403 filio
426 2331 598 2423 qepndam
617 2331 782 2422 Stephani
808 2333 1068 2422 Zaplaczek
1095 2333 1139 2403 de
1164 2330 1652 2423 Dziaduszycze·1365.
1671 2353 1704 2428 a
1744 2326 1749 2336 ’

284 2452 372 2522 Item
400 2451 483 2522 villa
509 2451 666 2542 praefata
693 2433 850 2538 'solvebat
876 2454 961 2524 alias
989 2474 1051 2542 pro
1077 2453 1228 2543 capitulo
1246 2454 1281 2523 in
1301 2444 1480 2524 c’ommuno
1498 2472 1619 2526 novem
1637 2471 1728 2523 mar-

180 2594 246 2661 cas,
273 2593 363 2643 nunc
390 2592 472 2643 voro
497 2572 603 2645 solvit
629 2594 692 2662 pro
719 2576 869 2663 capitulo
896 2573 1132 2646 tantummodo
1159 2573 1308 2663 quinque
1334 2592 1477 2644 marcas.

285 2692 373 2764 Item
399 2713 524 2781 regens
550 2693 657 2765 habet
684 2700 815 2784 septem
850 2713 985 2766 marcas
1011 2697 1150 2783 praeter
1184 2693 1362 2783 praedium
1389 2714 1453 2784 pro
1481 2713 1519 2764 so
1545 2695 1588 2764 de
1615 2713 1728 2782 censu,

179 2817 214 2881 ot
240 2812 405 2887 dammam
422 2813 680 2904 manipularem
708 2821 838 2906 septem
864 2835 999 2888 marcas
1025 2814 1196 2886 valentem
1223 2814 1321 2887 annis
1343 2814 1502 2905 singulis,
1528 2819 1565 2885 et
1590 2807 1726 2886 foenum

180 2931 397 3024 de‘quatubr
425 2935 566 3006 acervis.
623 3022 625 3027 ⁴

280 3053 473 3142 Runnwn,
500 3055 583 3125 villa
611 3057 902 3144 praestimonialis
930 3056 1072 3147 capituli
1098 3055 1354 3146 tirasonensis,
1381 3034 1417 3126 in
1444 3056 1577 3128 duobus
1603 3057 1727 3127 milha-

179 3175 276 3275 rihrs
294 3195 370 3245 cum
387 3173 501 3245 medio
529 3174 806 3267 aGracovia,
833 3198 939 3267 supra
964 3177 1102 3247 fluvium
1130 3177 1334 3265 Rudawa,
1362 3197 1384 3247 a
1411 3197 1478 3266 qua
1504 3177 1627 3253 nunus
1653 3177 1728 3267 ipse

178 3295 490 3367 denominationem
517 3298 661 3386 accepit,
689 3299 765 3367 sita.
792 3297 832 3368 In
860 3319 928 3388 qua
955 3303 1008 3369 est
1027 3298 1123 3368 curia
1141 3297 1350 3386 capitularia,
1378 3297 1469 3368 bona
1487 3296 1618 3367 babens
1635 3296 1729 3368 aedi·

180 3414 267 3504 licie,
293 3420 332 3486 ot
354 3436 458 3506 agros
485 3416 678 3506 praediales
705 3418 741 3487 in
768 3422 840 3488 tres
868 3438 1006 3507 campos
1025 3417 1226 3504 distinctos;
1254 3418 1336 3487 item
1355 3418 1391 3486 in
1410 3410 1531 3488 ca'dom
1545 3415 1632 3487 villa
1651 3421 1731 3488 sunt

182 3535 439 3625 quatuordecim
467 3557 543 3607 cum
570 3537 683 3609 medio
710 3537 942 3608 omothonales
968 3537 1069 3626 lanei,
1096 3558 1241 3627 quorum
1261 3537 1405 3625 quilibet
1422 3535 1526 3607 solvit
1543 3554 1607 3624 pro
1626 3552 1731 3607 censu

182 3655 331 3727 sedecim
357 3661 500 3745 scottos,
528 3656 659 3728 medius
687 3678 769 3728 voro
797 3658 916 3726 laneus
954 3656 1102 3727 mediam
1129 3674 1300 3743 marcam;
1326 3656 1410 3727 item
1425 3652 1597 3741 *laborant
1624 3676 1729 3725 unum

182 3776 272 3846 diem
299 3776 335 3846 in
363 3777 556 3864 septimana
582 3777 724 3867 proprio
752 3798 854 3847 curru
882 3784 942 3847 aut
968 3782 1105 3865 aratro,
1132 3775 1329 3864 incipiendo
1357 3794 1379 3846 a
1404 3774 1493 3849 festo
1518 3772 1637 3846 Sancti
1664 3774 1731 3846 Mi-

183 3896 331 3982 chaelis,
365 3917 473 3986 usque
487 3897 544 3968 -ad
571 3894 694 3968 festum
721 3896 839 3970 Sancti
875 3894 1020 3969 Ioannis
1056 3898 1254 3986 Baptistae;
1292 3894 1416 3966 abinde
1444 3905 1527 3967 'vero
1554 3890 1662 3987 usqae
1687 3896 1742 3982 ad,

181 4016 307 4088 festum
333 4015 452 4087 Sancti
478 4016 672 4107 Michaelis,
698 4018 861 4092 laborant
885 4016 985 4091 duos·
1000 4017 1083 4108 dies,
1107 4017 1195 4099 Item
1221 4011 1384 4088 ducturas
1410 4015 1540 4088 iaciunt
1564 4037 1633 4091 non
1652 4039 1732 4089 oon-

183 4137 423 4226 iunctim-scd
450 4138 591 4227 proprio
619 4158 732 4228 curru,
760 4121 820 4211 sod
848 4139 1088 4213 adtalionem
1112 4137 1245 4209 dierum
1263 4138 1299 4207 in
1317 4137 1509 4228 septimana
1527 4138 1733 4216 debitornm3

180 4278 248 4328 non
274 4257 414 4331 solvunt
438 4279 542 4353 oasa),
556 4241 679 4348 neque
705 4280 835 4349 caseos,
862 4259 922 4330 sed
947 4258 1094 4349 triginta
1121 4280 1186 4330 ova
1204 4263 1239 4329 et
1256 4258 1343 4329 duos
1363 4278 1519 4347 capones.
1546 4259 1633 4331 Item
1652 4265 1733 4330 sunt
1788 4253 1793 4265 ’

179 4378 236 4448 ibi
254 4379 536 4462 trestabernac,
562 4401 631 4451 una
656 4376 764 4453 habet
788 4369 961 4470 integrum
988 4379 1124 4450 laneum
1151 4379 1420 4469 amathonalcm,
1458 4385 1494 4451 et
1521 4379 1609 4449 nihil
1636 4378 1733 4451 labo·

183 4497 293 4569 raudo
331 4498 434 4570 solvit
460 4505 531 4571 tres
567 4521 717 4589 marcae,
752 4506 788 4571 et
815 4505 954 4590 praeter
980 4501 1046 4571 hoc
1072 4499 1185 4570 solvit·
1207 4520 1352 4587 censum
1380 4499 1422 4572 de
1449 4500 1548 4571 laneo
1586 4487 1733 4570 sedecim

182 4624 330 4708 scottos,
357 4619 440 4690 item
469 4620 557 4691 duae
583 4621 715 4693 hahent
739 4620 843 4692 etiem
868 4639 984 4710 agros,
1011 4620 1072 4692 sod
1099 4640 1225 4710 parvos
1252 4626 1287 4691 et
1314 4623 1406 4693 bona
1430 4626 1540 4710 prata,
1568 4625 1604 4690 et
1630 4640 1733 4708 quae-

35 4732 39 4737 ·
181 4739 268 4810 naec
292 4740 398 4812 sorva
424 4746 497 4810 tres
523 4760 657 4812 marcas
685 4748 722 4814 et
747 4722 834 4812 sinn
861 4742 1017 4830 labarae
1044 4742 1127 4813 nem
1154 4747 1234 4814 sunt
1261 4742 1310 4812 nn
1336 4748 1408 4814 tres
1435 4740 1672 4829 noemenias,
1698 4747 1735 4813 et

181 4860 312 4931 habent
338 4880 450 4950 agree,
479 4861 653 4951 quaelihet
680 4862 784 4934 solvit
810 4861 928 4934 decem
954 4855 1103 4953 grossos,
1131 4868 1166 4933 et
1193 4882 1297 4932 unum
1325 4862 1413 4932 diem
1433 4860 1612 4950 pedestres
1639 4860 1734 4934 labo-
1822 4943 1825 4947 ,

184 4985 272 5052 rant.
300 4981 387 5050 Item
414 4985 468 5052 est
494 4981 542 5051 ibi
570 4981 715 5053 eeclesia
740 4983 966 5073 parochialis,
994 4984 1057 5054 suh
1083 4984 1234 5054 bonore¹
1242 4980 1401 5054 Omnium
1429 4980 1633 5053 Sanctorum
1658 4981 1734 5054 fun-

186 5102 278 5190 data,
305 5103 342 5172 et
367 5101 534 5190 plebanus
561 5101 667 5173 babet
694 5123 797 5193 agros
828 5103 987 5193 proprios
1014 5102 1074 5175 sed
1101 5122 1229 5192 paucos
1256 5108 1291 5173 et
1317 5106 1436 5190 prata,
1463 5104 1500 5172 et
1526 5100 1652 5173 chorus
1678 5123 1733 5173 ec

188 5221 316 5292 clesiae
334 5227 489 5293 muratus
507 5242 606 5294 muro
625 5224 747 5295 coctili.
776 5224 862 5295 Item
882 5243 1002 5294 omnes
1022 5222 1228 5310 emethoneS‚
1246 5220 1486 5294 tabernatores
1504 5227 1539 5293 et
1556 5221 1734 5294 hortulani
1855 5308 1862 5319 1

180 5341 223 5413 ad
251 5360 354 5415 unam
373 5340 557 5439 poemata
584 5343 777 5438 hyemalem
805 5343 1016 5434 obligantur,
1042 5338 1220 5442 promebam
1247 5347 1362 5421 autem
1389 5342 1532 5420 alteram
1558 5343 1735 5420 vernalem
