4050 6054
1649 466 1721 537 187

142 762 146 770 Ι
174 661 216 732 de
244 659 455 733 Thursko
483 661 719 733 anniversario
746 661 891 751 singulis
918 664 1018 733 annis
1044 663 1178 733 solvere
1205 669 1344 736 tenetur
1362 687 1465 736 unam
1483 652 1723 773 maroam;‡a

173 803 240 872 qno
267 781 475 852 universitas
502 782 709 853 vicariorum
735 781 992 872 praedictorum
1018 783 1125 854 hahet
1151 783 1369 874 privilegium
1397 787 1556 879 speciales
1603 790 1605 792 ’
1745 830 1749 836 -

275 902 407 973 Domus
434 902 582 992 septima
608 903 652 973 ab
679 903 771 992 acie,
797 903 833 974 in
860 908 960 993 parte
987 902 1129 975 sinistra
1155 905 1232 993 sita,
1259 925 1322 994 per
1349 907 1552 996 magistrum
1579 908 1726 982 Petrum

174 1028 351 1095 cantorem
381 1029 419 1094 et
445 1010 645 1095 canom'dum
672 1022 945 1114 cracoviensem,
972 1045 994 1094 a
1018 1024 1140 1113 primis
1166 1018 1399 1098 fundamentis
1426 1028 1461 1098 in
1488 1048 1572 1099 area
1589 1031 1722 1121 capitu-

172 1145 239 1215 lari
265 1149 403 1215 murata
429 1149 492 1232 est,
520 1143 617 1214 cuius
645 1144 861 1215 inhabitator
886 1145 1022 1215 ratione
1049 1165 1172 1216 census
1200 1147 1331 1217 terreni
1357 1139 1498 1219 tenetur
1524 1171 1627 1220 unam
1646 1172 1722 1222 cum

173 1264 315 1336 dimidia
340 1284 491 1335 marcam
517 1264 738 1335 universitati
764 1264 970 1336 vicariorum
998 1263 1285 1356 cracoviensium,
1312 1268 1348 1337 in
1367 1268 1603 1341 anniversario
1622 1244 1733 1360 prae-¹

173 1384 257 1456 dicti
283 1385 440 1474 magistri
466 1384 575 1474 Petri,
601 1385 753 1456 cantoris
780 1392 817 1455 et
842 1385 999 1456 canonici
1016 1384 1267 1487 Oracoviensis,
1283 1387 1428 1478 singulis
1450 1389 1551 1459 annis
1570 1390 1724 1489 solvero-3¹
1782 1473 1786 1477 ,

171 1506 215 1577 de
242 1526 309 1596 quo
337 1504 456 1576 vicarii
484 1503 729 1577 Gracovienses
755 1505 887 1576 habent
912 1505 1130 1596 privilegium
1155 1507 1302 1597 speciale
1328 1528 1419 1581 anno
1444 1509 1584 1582 Domini
1614 1486 1733 1611 Ibitis

172 1625 356 1697 conditum.
1645 1636 1720 1721 *⁴3⁹2
1816 1648 1823 1661 ’
1955 1643 1960 1650 ’

273 1746 405 1818 Domus
440 1751 564 1817 octava
589 1746 633 1816 ab
661 1747 752 1835 acie,
779 1745 814 1816 in
841 1752 941 1835 parte
967 1739 1115 1817 sinistia.
1135 1747 1211 1838 sita,
1237 1768 1300 1837 per
1326 1747 1519 1820 Johannem
1545 1736 1726 1839 ‹ra-urb:

74 1848 76 1851 ⁵
126 1956 129 1961 ³
171 1866 455 1957 kan'owycze,
483 1867 683 1937 canonicum
709 1865 981 1955 cracoviensem,
1008 1867 1160 1938 nobilem
1186 1887 1314 1963 genere
1340 1869 1383 1940 de
1402 1869 1503 1941 domo
1522 1848 1761 1997 (ἕηκε
1825 1936 1835 1941 ..

170 1988 379 2075 litarum‚
406 1986 442 2056 in
469 2006 552 2057 area
578 1986 760 2075 capitulari
787 1993 823 2057 et
849 1988 886 2057 in
911 1987 1020 2058 muris
1047 1987 1175 2058 dudum
1202 1989 1328 2060 erectis
1354 1996 1390 2060 et
1415 1988 1569 2061 fundatis
1585 1992 1724 2065 matth
1840 2011 1845 2019 ·

171 2113 233 2196 est,
260 2107 357 2178 cuius
383 2106 599 2177 inhabitator
625 2106 759 2178 solvere
785 2111 928 2178 tenetur
955 2110 1055 2179 annis
1082 2108 1226 2197 singulis
1253 2109 1289 2180 in
1312 2110 1721 2183 anniversarioeiusdem

170 2227 339 2299 Johannis
365 2227 727 2318 Dzehanowsky,
754 2228 920 2317 praelatis
947 2236 984 2299 et
1010 2229 1183 2300 canonicis
1211 2228 1498 2303 cracoviensibus
1525 2224 1611 2304 duas
1628 2248 1722 2329 mur-

171 2368 248 2435 cas,
275 2347 318 2417 de
346 2368 413 2438 quo
441 2347 508 2418 etsi
534 2367 603 2416 nou
630 2347 778 2418 habetur
813 2347 1031 2437 privilegium
1059 2348 1267 2438 capitulare,
1294 2350 1443 2421 habetur
1469 2356 1584 2422 tamen
1598 2305 1721 2424 amdo-

169 2472 243 2539 tum
269 2468 359 2538 libro
388 2467 571 2558 capitulari
597 2468 766 2539 insertum
792 2472 829 2539 et
855 2489 885 2538 a.
911 2469 953 2539 D.
985 2469 1091 2540 1456.
1118 2468 1319 2543 conlectum.
1464 2506 1468 2516 ,
1695 2458 1708 2470 ’

272 2589 404 2660 Domus
430 2609 523 2659 nona
549 2590 593 2660 ab
621 2589 703 2678 acie,
731 2589 767 2659 in
794 2589 937 2660 sinistra
963 2594 1061 2679 parte
1087 2589 1164 2678 sita,
1190 2605 1255 2679 per
1281 2568 1463 2661 Nicolaum
1486 2590 1646 2682 ,Poray,
1665 2610 1721 2664 ca·

170 2709 330 2780 nonicum
358 2707 634 2799 Gracoviensem,
661 2710 810 2781 nobilem
838 2709 881 2780 de
908 2709 1010 2780 domo
1037 2710 1204 2798 Rozae,
1231 2731 1253 2780 a
1279 2711 1401 2800 primis
1426 2708 1657 2784 fundamentis
1684 2713 1720 2783 in
1775 2759 1780 2766 -

168 2850 252 2901 area
277 2829 461 2920 capitulari
487 2834 623 2903 murata
649 2836 712 2920 est,
740 2831 836 2901 cuins
863 2830 1078 2902 inhabitator
1095 2831 1230 2904 ratione
1249 2852 1371 2902 census
1389 2833 1567 2903 terrestris
1586 2833 1721 2904 solvere

168 2956 308 3022 tenetur
334 2950 558 3022 universitati
584 2951 791 3022 vicariorum
810 2949 1089 3022 cracoviensinm
1108 2951 1142 3021 in
1162 2952 1401 3023 anniversario
1418 2950 1567 3042 praefati
1586 2952 1721 3024 Nicolai

168 3069 324 3161 Romy,
351 3071 450 3143 annis
477 3071 622 3162 singulis
649 3092 752 3142 unam
779 3091 938 3161 mmcam,
966 3071 1009 3142 de
1037 3091 1104 3162 quo
1132 3072 1236 3142 etiam
1264 3071 1435 3162 praedicti
1453 3071 1575 3144 vicarii
1594 3071 1720 3145 craco-

168 3191 304 3263 viensas
330 3193 461 3264 habent
486 3192 705 3283 privilegium
732 3192 890 3282 speciale.

115 3290 131 3391 s
272 3313 403 3385 Domus
429 3313 562 3384 decima
588 3313 633 3384 ab
660 3314 742 3403 acie,
770 3312 806 3383 in
833 3312 977 3384 sinistra
1002 3319 1102 3402 parte
1129 3311 1214 3402 sita,
1241 3334 1304 3402 per
1330 3313 1524 3384 Johannem
1551 3313 1717 3404 Suchy-
1749 3391 1753 3399 ¹

151 3433 276 3511 ,wilk
303 3433 346 3504 de
373 3433 621 3523 Strzelcze,
648 3454 756 3523 prope
783 3433 1042 3525 Paczanoffi
1068 3439 1104 3505 et
1130 3430 1384 3522 Golnchow,
1410 3453 1518 3523 prope
1544 3433 1718 3524 Kalisa,

169 3548 387 3628 decretorum
422 3555 616 3643 doctorem,
647 3553 814 3625 decanum
849 3552 1129 3642 cracoviensem,
1160 3573 1203 3624 ex
1238 3560 1319 3644 post
1353 3555 1389 3624 in
1423 3542 1720 3644 archiepiscopum

170 3671 406 3747 coesnensem
421 3680 647 3767 promotum,
673 3673 824 3745 nobilem
859 3673 903 3744 de
930 3673 1031 3744 domo
1059 3670 1462 3764 Grzymalitarum,
1489 3675 1526 3744 e't
1551 3673 1719 3745 Jacobum

169 3795 409 3889 Schyrzyk
436 3797 479 3869 de
505 3794 963 3886 Phalkowcanonicnm
990 3793 1254 3867 cracoviensem
1281 3802 1318 3865 et
1344 3794 1521 3866 custodem
1540 3792 1719 3866 cnesnen-

168 3937 259 4004 sem,
286 3915 436 3989 nobilem
471 3916 514 3988 de
547 3917 648 3988 domo
674 3915 880 4007 Donwa,
908 3915 944 3986 in
970 3935 1053 3986 area
1080 3913 1264 4004 capitulari
1290 3936 1312 3984 a
1337 3915 1468 4005 primis.
1486 3914 1719 3988 fundamentis

167 4036 276 4110 muris
302 4042 419 4109 erecta
444 4042 517 4125 est3
543 4038 641 4108 cuius
667 4035 882 4109 inhabitator
908 4036 1043 4107 ratione
1071 4056 1194 4106 census
1220 4036 1353 4108 terreni
1380 4036 1478 4107 iuxta
1499 4035 1719 4126 privilegium

168 4156 461 4229 Bodzanthae
488 4157 641 4248 episcopi
667 4155 916 4246 cracoviensis,
934 4156 1083 4246 desuper
1101 4154 1304 4254 coniectum,
1322 4155 1368 4227 ad
1386 4155 1592 4227 solutionem
1610 4157 1717 4228 trium
1772 4168 1777 4174 ‘

167 4298 362 4350 marcarum
389 4298 589 4368 grossorum
615 4278 761 4369 singulis
789 4277 888 4348 annis
915 4276 1153 4366 obligabatur3
1180 4297 1326 4367 quorum
1345 4277 1432 4349 duas
1451 4298 1596 4367 marcas,
1614 4298 1719 4348 unam

167 4399 204 4470 in
230 4398 320 4471 lesto
346 4397 613 4489 Purificationis,
640 4398 787 4469 alteram
813 4395 965 4469 infesto
992 4395 1024 4468 S.
1052 4396 1235 4486 Stanislai,
1263 4378 1403 4469 vicariis
1430 4396 1717 4473 cracoviensibus

167 4519 294 4610 duplex
329 4519 622 4608 anniversarium,
649 4541 755 4590 unum
781 4518 878 4591 Petri
904 4517 1146 4610 Schyrzyk
1182 4518 1264 4590 olim
1289 4518 1443 4610 episcopi
1469 4516 1718 4605 Cracoviensis,

167 4639 337 4730 praedicti
362 4639 486 4713 Jacobi
512 4639 748 4731 Scnyrzyk
774 4639 939 4730 germani,
966 4637 1115 4710 alterum
1141 4636 1366 4735 dicfflanobi
1385 4638 1595 4728 Schyrzyk
1613 4657 1718 4727 agen·

167 4762 280 4851 tibus,
307 4762 391 4833 item
417 4760 557 4832 tertiam
580 4781 731 4832 marcam
750 4759 929 4833 altaristae
947 4758 980 4831 S.
997 4758 1171 4867 mom
1183 4740 1388 4863 *lesia
1406 4757 1627 4830 cracoviensi
1653 4778 1718 4847 pro
1826 4850 1829 4855 ¹

168 4881 224 4953 die
251 4881 283 4954 S.
311 4881 493 4953 Michaelis
520 4881 655 4954 solvere
681 4882 876 4970 tenebatur,
904 4900 1023 4952 verum
1050 4887 1134 4952 taxa
1161 4886 1197 4952 et
1214 4879 1341 4969 solutio
1359 4878 1565 4967 huiusmodi,
1584 4885 1620 4948 et
1637 4899 1717 4968 pro·
1816 4894 1824 4903 “

165 5010 245 5097 pter
271 5003 324 5075 sui
351 5001 632 5094 magnitudinem,
659 5001 780 5074 domus
806 5002 1107 5091 instaurationem,
1135 5000 1289 5072 adduas
1316 4999 1554 5072 tantummodo
1580 5019 1729 5071 marcas-

167 5125 329 5196 restricta
356 5129 418 5212 est,
446 5121 618 5214 solvitque
644 5142 747 5194 unam
773 5142 924 5194 maroam
946 5129 983 5194 et
999 5143 1105 5194 unum
1122 5119 1294 5193 fertonem
1312 5119 1348 5191 in
1366 5119 1606 5192 anniversario
1624 5120 1725 5213 vica·x

166 5245 239 5335 riis,
267 5243 447 5316 altaristae
474 5263 556 5315 vero
584 5243 617 5315 S.
645 5243 818 5315 Matthaei
845 5243 950 5315 solvit
975 5247 1048 5314 tres
1073 5240 1234 5313 fertones.

270 5364 402 5443 Domus
429 5363 611 5439 undecima
637 5364 682 5438 ah
710 5364 802 5460 acie,
829 5363 864 5434 in
891 5368 992 5458 parte
1018 5361 1163 5437 sinistra
1188 5362 1275 5455 sita,
1302 5381 1365 5457 per
1391 5358 1646 5458 Navogiom
1670 5359 1737 5449 de,
