4050 6054
301 457 374 528 328

404 662 592 751 Bonosus,
620 657 703 733 villa
720 659 784 731 sub
802 658 969 748 parochia
987 656 1152 729 ecclesiae
1171 656 1213 728 de
1232 652 1438 744 Skotnilry
1456 651 1543 743 sita,
1569 651 1666 725 cuius
1685 648 1856 763 haeredes

299 782 474 854 Martinus
502 786 537 852 et
554 781 683 851 Paulus
711 779 839 851 fratres
866 779 908 850 de
927 776 1161 869 Skotniky
1188 777 1231 847 de
1250 776 1355 847 armis
1382 775 1605 865 Bogoria,
1631 775 1668 845 in
1687 778 1857 865 quasunt

301 924 380 994 sex,
407 902 462 974 vel
491 907 622 991 septem
649 900 740 972 lanei
768 899 1001 972 emetbonales
1029 919 1104 971 esse
1132 898 1336 986 creduntur,
1366 896 1408 966 de
1436 895 1560 986 quibus
1587 894 1720 966 decima
1746 893 1856 964 maui-

300 1024 432 1115 pularis
459 1028 495 1093 et
512 1043 576 1112 per
595 1026 743 1113 quatuor
770 1022 908 1111 ierugas
935 1021 1111 1110 canapalis
1138 1019 1285 1090 solvitur
1303 1017 1556 1090 vicecantoriae
1574 1014 1858 1095 Sandomirieusi‚

300 1151 336 1217 et
363 1144 561 1215 emethones
589 1144 720 1234 ducunt
746 1163 823 1213 eam
850 1143 885 1212 iu
908 1144 1072 1213 horreum
1101 1141 1356 1211 avicecantore
1384 1138 1565 1210 locandum
1593 1142 1630 1208 et
1655 1136 1755 1208 valor
1780 1135 1856 1208 eius

304 1266 509 1337 aestimatur
546 1264 590 1334 ad
617 1284 678 1333 sex
713 1283 856 1334 marcas.
899 1262 989 1332 Item
1024 1261 1127 1333 villae
1164 1258 1341 1350 praefatae
1379 1260 1473 1348 agri,
1509 1258 1671 1349 quoniam
1706 1257 1743 1327 in
1778 1256 1858 1346 ripa

301 1385 462 1458 Vislae
490 1386 560 1456 sita
586 1391 657 1474 est,
685 1404 748 1473 pro
775 1405 902 1474 magna
927 1388 1028 1472 parte
1055 1384 1098 1453 ab
1126 1381 1299 1453 alluvione
1325 1379 1488 1453 Vislae
1515 1380 1672 1469 absorpti
1699 1381 1791 1469 sunt,
1818 1369 1862 1448 et'

305 1507 439 1578 decima
456 1505 615 1597 praefata
632 1504 833 1578 notabiliter
852 1505 1047 1594 diminuta,
1067 1508 1103 1573 et
1121 1503 1203 1573 licet
1220 1490 1389 1573 haeredes
1407 1501 1511 1573 villae
1529 1523 1572 1573 ex
1590 1501 1732 1592 proprio
1755 1519 1857 1590 prae·

305 1627 362 1699 dio
389 1626 567 1698 dedissent
594 1626 851 1716 cmetbonibus,
886 1646 929 1696 ne
957 1624 1075 1696 villam
1102 1625 1322 1712 desererent,
1350 1623 1546 1712 suppetias,
1574 1621 1617 1693 de
1644 1621 1714 1694 illis
1739 1627 1858 1703 tamon

304 1750 397 1839 agris
425 1749 528 1821 datur
556 1747 688 1819 decima
722 1747 949 1837 manipularis
976 1746 1141 1817 ecclesiae
1168 1744 1359 1835 parochiali
1385 1744 1420 1816 in
1448 1743 1698 1835 Skotniky,
1724 1742 1768 1814 de
1794 1720 1858 1813 sex
1966 1782 1981 1795 -

303 1871 465 1943 videlicet
500 1870 613 1958 arvis;
649 1871 733 1940 item
770 1868 917 1940 taberna
952 1874 1007 1938 est
1041 1867 1078 1937 in
1114 1866 1235 1938 eadem
1270 1866 1371 1955 villa,
1406 1864 1467 1936 sed
1503 1887 1572 1937 non
1608 1865 1714 1936 habet
1745 1883 1859 1956 agros·

303 1990 441 2062 Primus
468 2012 572 2062 arvus
599 1991 727 2062 dicitur
762 1989 1081 2079 Kzanowicza,
1117 1988 1205 2059 alius
1232 1986 1415 2058 Wielka
1450 1984 1605 2077 Nyva,
1638 1986 1764 2057 tertius
1791 1985 1856 2056 sub

306 2112 405 2204 sylva
438 2113 554 2184 iacens
589 2110 854 2202 Oczirchly,
901 2115 1046 2201 quartus
1082 2109 1227 2179 lanealis
1262 2108 1368 2178 trium
1404 2107 1584 2177 laneorum
1614 2107 1706 2183 inter
1740 2106 1859 2177 laneos

306 2233 558 2324 cmetbonales,
594 2234 735 2322 quintus
769 2253 812 2303 ex
839 2232 1000 2322 opposito
1036 2224 1256 2301 c'methonum
1293 2248 1414 2299 versus
1450 2227 1710 2319 Skotnylry,
1738 2231 1857 2299 sextus

306 2352 472 2446 Gorky.

408 2475 649 2564 Poonanszn,
676 2473 759 2546 villa
777 2474 812 2543 in
831 2473 908 2562 ripa
925 2472 1088 2544 Vislae
1115 2472 1179 2544 sub
1198 2471 1364 2561 parocbia
1382 2470 1546 2542 ecclesiae
1565 2469 1608 2540 de
1626 2468 1683 2541 Slr
1694 2467 1860 2559 otniky

306 2597 393 2686 sita,
419 2596 516 2667 cuius
533 2595 638 2666 iidem
662 2594 829 2665 haeredes
856 2592 1032 2665 Martinus
1059 2599 1095 2664 et
1112 2592 1310 2679 Paulusde
1329 2590 1614 2683 Skothnilry,
1640 2591 1764 2680 Inque
1790 2589 1859 2661 duo

305 2716 361 2788 vel
378 2722 452 2788 tres
479 2720 560 2788 sunt
585 2716 677 2786 lanei
705 2715 948 2805 emethonales,
976 2715 1162 2808 dequibus
1189 2714 1322 2784 decima
1338 2713 1566 2802 manipularis
1594 2711 1742 2784 solvitur
1767 2712 1859 2784 vice-

310 2837 487 2909 centoriae
521 2834 793 2908 Sandomiriensi
829 2842 866 2907 et
894 2836 993 2925 quasi
1029 2836 1135 2906 tertia
1170 2855 1252 2924 pars
1290 2834 1393 2905 villae
1419 2834 1670 2906 vicecantoriae
1706 2832 1864 2904 decimat.

307 2958 442 3031 Visla
469 2959 560 3029 enim
578 2957 706 3028 multos
725 2957 838 3027 dictae
857 2956 961 3027 villae
989 2957 1124 3027 sorbuit
1151 2977 1272 3045 agros,
1300 2961 1336 3027 et
1354 2956 1514 3027 contiuuo
1534 2955 1670 3045 sorbet,
1698 2973 1797 3046 sepes
1823 2957 1861 3023 et

307 3078 436 3151 allodIa
461 3079 680 3151 emethonum
707 3078 921 3167 subvertens,
949 3084 985 3148 et
1003 3076 1132 3149 ducunt
1159 3097 1234 3148 eam
1262 3077 1461 3148 cmethones
1488 3075 1523 3145 in
1542 3075 1704 3146 borreum
1732 3073 1862 3145 avice-

306 3205 448 3271 cantore
474 3199 656 3271 locandum
682 3204 718 3269 et
736 3199 834 3270 valor
861 3199 936 3269 eius
963 3200 1168 3270 aestimatur
1196 3197 1347 3269 adduas
1365 3217 1508 3268 marcas.
1552 3196 1640 3266 Item
1667 3196 1756 3267 duae
1781 3213 1863 3286 par-

309 3326 363 3394 tes
390 3320 493 3393 villae
520 3319 697 3411 praefatae
724 3325 803 3410 post
820 3341 923 3410 agros
950 3320 1186 3409 emethonum‚
1215 3319 1372 3408 quisunt
1398 3319 1491 3388 inter
1517 3318 1610 3407 vias,
1639 3298 1764 3406 quibus
1790 3316 1864 3387 itur

308 3441 351 3515 de
377 3441 596 3514 Zakrzov
621 3442 657 3513 In
684 3440 944 3513 Podlansze
971 3447 1009 3511 et
1034 3440 1337 3529 Moskorzow,
1363 3445 1399 3510 et
1426 3439 1502 3529 agri
1529 3437 1710 3528 praedium
1736 3436 1863 3509 milita·

308 3563 413 3653 mum,
439 3563 475 3634 in
501 3563 624 3635 eadem
655 3563 740 3635 villa
765 3562 1011 3652 consistentes,
1046 3567 1106 3633 aut
1132 3562 1169 3631 iu
1196 3562 1386 3650 suppetias
1408 3560 1588 3631 laneomm
1624 3559 1863 3631 cmethonibus

309 3705 352 3756 ex
378 3684 530 3775 praediis
558 3683 649 3773 dati,
684 3683 823 3755 solvunt
850 3683 1015 3753 decimam
1042 3681 1294 3772 manipularem
1329 3681 1493 3753 ecclesiae
1520 3681 1556 3751 in
1583 3679 1863 3772 Skothniky.

309 3805 396 3876 Item
424 3805 591 3877 decimam
618 3804 836 3895 canapolem,
873 3824 960 3895 quae
997 3823 1060 3892 per
1087 3808 1237 3893 quatuor
1263 3803 1407 3893 ierugas'
1438 3802 1600 3907 solvitur,
1630 3800 1865 3875 vicecantoria
2005 3798 2016 3804 “

173 3916 176 3921 “
309 3925 600 3998 Sandomiriensis
612 3930 664 4029 ,pt
689 3924 856 4016 plebanus
884 3925 927 3995 de
953 3923 1185 4015 Skotniky
1209 3923 1329 3994 taliter
1355 3924 1448 3995 inter
1475 3941 1512 3994 se
1539 3923 1757 4013 partiuntur,
1783 3942 1864 3994 nam

125 4090 130 4099 ·
310 4068 378 4118 uno
406 4068 496 4117 anno
533 4045 576 4118 de
601 4048 679 4117 tota
713 4045 797 4118 villa
831 4046 980 4136 percipit
1017 4045 1111 4116 illam
1147 4045 1348 4118 vicecantor
1383 4043 1692 4133 Sandomiriensis‚
1728 4042 1863 4114 duobus

310 4173 427 4238 autem
455 4167 555 4238 annis
591 4166 739 4258 percipit
765 4186 841 4237 eam
861 4160 864 4165 ’
883 4166 1028 4238 ecclesia
1062 4170 1099 4237 et
1125 4165 1293 4256 plebanus
1325 4163 1368 4237 de
1400 4163 1640 4256 Skotniky.
1680 4164 1769 4235 Item
1794 4183 1864 4235 non

312 4292 366 4359 est
392 4287 510 4378 aliqua
535 4287 683 4359 taberna
708 4288 744 4358 in
771 4287 865 4358 dicta
890 4287 983 4359 villa.
1252 4378 1260 4387 ἡ
1654 4279 1664 4292 “

417 4409 508 4482 Item
542 4409 739 4480 vicecantor
775 4429 837 4481 seu
856 4409 1006 4480 vicarius
1032 4411 1220 4505 perpetuus
1248 4407 1401 4480 cantoris
1426 4405 1534 4479 habet
1558 4406 1757 4497 habereque
1784 4424 1865 4478 con·

316 4530 429 4603 svevit
456 4529 595 4603 domum
623 4530 937 4603 et-habitationem
963 4548 1028 4621 pro
1166 4526 1501 4601 Sandomiriae.

770 4775 1001 4860 Scelestria
1025 4712 1401 4894 'sandomlrtenere

425 5013 553 5108 Quinta
587 5015 876 5091 Sandomiriensis
910 5015 1075 5089 ecclesiae
1110 5016 1262 5108 dignitas
1298 5017 1371 5090 sive
1406 5019 1629 5108 personatus,
1657 5010 1866 5087 scholastria

317 5135 623 5230 SandomiriensiS,
651 5160 753 5231 quam
788 5159 880 5210 nuuc
913 5143 1011 5211 tenet
1036 5137 1214 5210 Iohannes
1241 5137 1406 5210 Stanislai
1432 5137 1475 5209 de
1501 5136 1586 5208 Sch
1599 5135 1866 5228 idlowyecz,

320 5259 364 5332 de
390 5261 497 5331 armis
522 5257 843 5349 Odrowansch,
870 5281 913 5331 ex
939 5259 1166 5350 proventibus
1193 5264 1230 5330 et
1255 5258 1397 5330 decimis
1424 5257 1590 5329 ecclesiae
1607 5247 1816 5347 parochialis
1833 5254 1867 5328 S.

315 5379 476 5453 Mauritii
503 5381 545 5452 de
571 5379 1001 5455 ueniebam-fundata
1027 5384 1131 5470 atque
1158 5378 1280 5451 dotata
1304 5384 1377 5471 est,
1403 5384 1440 5451 et
1461 5377 1652 5469 insignum
1670 5376 1867 5450 huiusmodi
1935 5372 1955 5433 -'
