4050 6054
1673 476 1745 549 147
1774 452 1792 587 J

302 668 390 741 Item
418 668 617 758 praebenda
644 668 802 758 praefata
837 668 934 740 iuxta
961 670 1106 760 antiqua
1133 676 1291 761 regestra
1316 679 1439 746 taxata
1465 684 1519 747 est
1554 675 1598 747 ad
1624 678 1752 770 viginti

200 789 350 880 quinque
378 808 522 860 marcas.

226 971 230 988 Ι
269 1015 514 1097 Praebenda
548 1021 591 1096 et
624 1018 899 1096 canonicatus
931 1015 1233 1109 cracoviensis
1267 1020 1305 1100 in
1340 1020 1475 1109 cboro
1508 1025 1680 1105 sinistro
1818 1106 1821 1111 .

659 1153 870 1257 appellata
903 1156 1288 1260 liaczybonowska.
1400 1193 1401 1196 ¹

301 1391 506 1463 Praebenda
523 1398 559 1462 et
577 1389 799 1463 canonicatus
819 1390 1056 1463 Cracoviensis
1084 1393 1504 1487 Raczybornwska,
1531 1421 1634 1490 quam
1656 1423 1747 1474 nunc

199 1521 295 1586 tenet
322 1513 499 1584 Jnhannes
526 1511 785 1582 Bartlrolcmaei
813 1512 856 1582 de
884 1508 946 1603 Gy
957 1515 1247 1605 wannwicze,
1274 1517 1400 1588 nobilis
1419 1518 1462 1589 de
1481 1518 1581 1590 domo
1608 1521 1746 1614 Runa,

198 1633 398 1706 nonhabet
425 1653 488 1722 pro
517 1632 597 1703 dote
626 1633 776 1721 aliquam
804 1632 940 1721 villam,
969 1655 1030 1704 seu
1056 1633 1213 1725 fundum,
1241 1636 1302 1707 sed
1328 1638 1435 1709 habet
1461 1638 1611 1710 decimas
1638 1643 1746 1713 mani-

197 1754 335 1845 pulares
362 1751 611 1842 infrascriptos,
638 1751 686 1824 Et
713 1753 824 1841 primo
844 1773 884 1823 ac
902 1753 1142 1845 principaliter
1168 1756 1276 1827 babet
1302 1756 1469 1828 decimam
1495 1760 1746 1850 manipularem
1780 1731 1782 1740 ,

197 1876 232 1945 in
259 1873 657 1961 Raciborcwicze,
695 1872 779 1944 villa
802 1872 1078 1962 'praestimoniali
1115 1875 1258 1964 capituli
1285 1872 1525 1950 cracoviensis
1553 1900 1656 1970 super
1682 1881 1745 1953 flu-

197 1996 290 2065 vium
317 1993 469 2064 Dlubn
478 2015 501 2084 y
509 2014 532 2086 ⁴a
559 1993 644 2081 sita,
672 1992 708 2061 in
736 2013 804 2082 qua
831 1999 885 2064 est
911 1993 1058 2066 ecclesia
1084 1994 1310 2085 parochiaIIs,
1339 2001 1375 2067 et
1402 1996 1437 2067 in
1465 2019 1533 2089 qua
1559 1987 1640 2076 sunt
1666 2008 1745 2073 octo

197 2115 288 2185 lanei
316 2113 569 2202 cmethonaleS,
605 2113 688 2183 item
715 2113 881 2184 tabernae
909 2113 1030 2204 duae,
1051 2137 1120 2186 una
1146 2116 1349 2205 capitularis
1376 2118 1445 2188 alia
1471 2119 1626 2210 plebani,
1662 2122 1746 2194 iteni

198 2241 347 2325 quatuor
372 2233 550 2305 hortulani
576 2234 745 2305 habentes
772 2255 876 2324 agras
903 2235 1078 2325 speciales
1106 2235 1149 2306 (16
1176 2237 1301 2326 quibus
1328 2239 1487 2309 omnibus
1513 2239 1661 2312 solvitur
1686 2242 1746 2315 de-

197 2357 285 2428 cima
311 2356 537 2445 manipularis
564 2355 782 2444 praebendae
809 2354 1004 2444 praelatae,
1040 2361 1077 2426 et
1111 2356 1250 2433 ducitur
1279 2379 1343 2448 per
1369 2359 1567 2431 cmetbcnes
1593 2363 1745 2453 propriis

197 2478 355 2549 curribus
383 2477 419 2546 in
445 2478 608 2548 borreum
634 2497 698 2565 pro
726 2476 898 2566 canonico,
927 2483 963 2547 et
981 2476 1120 2548 solvunt
1138 2477 1305 2548 decimam
1324 2479 1446 2568 canapi
1464 2500 1527 2569 per
1545 2480 1632 2552 duas
1650 2482 1745 2554 iunc-

197 2605 294 2669 turas
321 2604 357 2667 et
384 2598 591 2668 aestImatur
610 2597 708 2667 valor
736 2596 887 2667 decimae
906 2597 1085 2686 praelatae
1112 2598 1156 2668 ad
1176 2598 1369 2688 quindecim
1388 2619 1530 2671 marcas.
1556 2600 1624 2671 Est
1642 2601 1746 2674 etiam

196 2720 244 2790 ibi
271 2718 367 2790 curia
393 2718 595 2807 capitularis
623 2717 753 2788 habens
780 2716 946 2807 speciales
974 2738 1095 2807 agros,
1123 2717 1166 2789 de
1194 2719 1319 2808 quibus
1345 2718 1450 2791 datur
1477 2719 1609 2791 decima
1636 2723 1746 2794 mani·

194 2839 325 2930 pularis
352 2838 500 2930 plebano
528 2844 564 2910 et
591 2816 755 2909 ecclesiae
783 2838 818 2908 in
854 2837 1285 2929 Raczyborowicze.
1329 2839 1418 2910 Item
1446 2841 1596 2930 quinque
1623 2842 1745 2915 hortu·

194 2961 316 3050 laniae,
344 2980 489 3051 quarum
517 2964 665 3050 quatuor
684 2964 766 3030 sunt
784 2953 1003 3049 capitulares,
1030 2979 1101 3030 una
1123 2959 1272 3049 plebani,
1300 2959 1361 3031 sed
1388 2980 1457 3031 non
1483 2959 1614 3033 habent
1632 2982 1744 3053 agros,

54 3173 57 3181 Ι
195 3081 306 3152 solum
333 3080 463 3151 hortos.

298 3202 385 3272 Item
403 3201 510 3272 habet
528 3200 674 3272 alteram
692 3199 859 3271 decimam
877 3199 1128 3291 manipularem
1155 3199 1190 3269 in
1218 3199 1488 3270 Thranthuo
1499 3200 1607 3272 wicz
1618 3221 1651 3289 e,
1679 3201 1743 3273 sub

193 3322 359 3413 parocbia
385 3322 548 3393 ecclesiae
576 3321 619 3392 de
645 3306 987 3411 Myedzwyedz‘,
1014 3319 1098 3389 villa
1125 3319 1247 3390 altaris
1274 3318 1392 3390 Sancti
1418 3319 1677 3391 Bartholomaei
1704 3321 1741 3391 in

193 3426 339 3515 ecclesia
365 3441 595 3531 cracoviensi,
622 3462 724 3531 quam
750 3440 909 3530 magistri
935 3440 1138 3510 amistarum
1157 3438 1200 3510 de
1219 3438 1362 3528 collegio
1383 3439 1588 3528 gubernant.
1615 3439 1742 3530 Inque

195 3569 277 3636 sunt
303 3563 420 3635 decem
437 3562 538 3634 -lauei
565 3561 799 3634 emethonales
827 3565 863 3631 et
889 3559 977 3630 duae
1004 3560 1191 3648 tabernae,
1227 3559 1396 3629 habentes
1424 3578 1527 3648 agras
1555 3559 1742 3648 speciales,
1810 3579 1811 3583 ¹

123 3775 129 3788 ι
194 3685 237 3756 (16
264 3695 410 3776 quorum
447 3689 578 3775 septem
614 3689 650 3753 et
686 3682 820 3753 duabus
858 3680 1013 3751 tabernis
1050 3679 1197 3751 solvitur
1232 3677 1365 3750 decima
1391 3676 1617 3767 manipularis
1643 3698 1744 3767 prae-

193 3806 326 3878 bendae
354 3804 531 3896 praelatae
559 3809 594 3875 et
621 3803 759 3874 ducitur
785 3823 847 3892 per
865 3801 996 3873 incolas
1023 3799 1174 3891 propriis
1201 3799 1360 3869 curribus
1388 3797 1423 3869 in
1450 3798 1618 3869 horreum
1641 3804 1662 3867 a
1688 3818 1744 3870 ca-

194 3928 317 3999 nonico
344 3925 548 4016 eligendum,
576 3929 612 3995 et
638 3923 778 3995 solvunt
804 3922 937 3993 incolae
964 3921 1131 3992 decimam
1158 3918 1281 4008 canapi
1307 3939 1371 4009 per
1390 3922 1539 4009 quatuor
1566 3906 1744 3991 iuncturas

192 4057 230 4121 et
256 4049 461 4120 aestimatur
488 4046 585 4118 valor
613 4045 765 4116 decimae
792 4044 836 4115 ad
864 4043 982 4115 decem
1010 4062 1155 4113 marcas.
1187 4038 1256 4133 Est
1281 4039 1386 4111 etiam
1413 4039 1461 4110 ibi
1488 4039 1585 4110 curia
1610 4039 1742 4128 babens

193 4192 296 4262 agros
323 4168 526 4260 praecides,
554 4168 597 4239 de
625 4167 749 4258 quibus
776 4164 909 4237 decima
935 4161 1161 4253 manipularis
1189 4160 1336 4232 solvitur
1359 4160 1524 4233 ecclesiae
1551 4157 1742 4250 parochiali

193 4293 229 4363 iu
256 4265 592 4383 Mpedzwyedz,
619 4288 662 4361 de
690 4288 801 4359 tribus
829 4291 945 4357 autem
980 4284 1089 4355 laneIs
1116 4282 1391 4355 emethonalibus
1424 4281 1571 4356 solutur
1607 4281 1742 4353 decima

194 4413 419 4504 manipularis
447 4410 610 4482 ecclesiae
637 4415 673 4481 et
699 4408 846 4498 plebano
873 4407 922 4498 iu
937 4403 1270 4497 Myedzwyedz.

296 4532 385 4604 Item
411 4532 518 4604 habet
544 4530 685 4603 tertiam
711 4527 962 4617 manipularem
989 4524 1155 4596 decimam
1183 4524 1218 4594 In
1240 4522 1286 4592 W
1294 4522 1406 4616 yrzb
1414 4541 1541 4614 ycza,
1569 4517 1653 4589 villa
1678 4518 1742 4589 sub
1787 4536 1789 4538 ’
1883 4515 1889 4525 ’

66 4606 69 4610 ³
101 4639 104 4645 ⁴
193 4654 359 4746 parocbia
384 4652 549 4725 ecclesiae
577 4650 619 4722 de
645 4648 966 4761 Prandoczyn‚
994 4645 1091 4718 cuius
1113 4646 1237 4718 haeres
1256 4642 1404 4735 Spitbek
1431 4638 1654 4730 Thursky,
1682 4620 1743 4708 nc·
1796 4671 1820 4690 ⁴-

193 4775 273 4848 bilis
300 4775 344 4846 de
371 4773 472 4846 domo
501 4770 769 4844 Griflonum.
805 4769 846 4841 In
873 4772 1049 4860 quaeunt
1077 4772 1225 4857 quatuor
1252 4763 1344 4836 lanei
1371 4758 1624 4848 cmethonales,
1660 4757 1745 4829 item

44 4942 49 4955 .
193 4898 285 4969 lanei
311 4893 505 4988 praediales
533 4915 594 4966 seu
620 4892 747 4982 curiae,
774 4891 858 4962 item
875 4890 1043 4961 tabernae
1071 4894 1107 4959 et
1133 4885 1320 4974 hortulani,
1348 4888 1384 4954 et
1412 4881 1455 4953 de
1483 4878 1641 4952 omnibus
1668 4876 1744 4949 uni-

193 5018 377 5094 versaliter
404 5017 534 5106 absque
561 5014 788 5087 diminutione
815 5012 974 5085 solvitur
989 5009 1122 5082 decima
1148 5004 1375 5098 manipularis
1402 4998 1621 5094 praebendae
1644 5019 1744 5090 prae-

192 5140 295 5231 fatae,
323 5145 358 5211 et
385 5139 523 5211 ducitur
550 5158 612 5227 per
639 5136 770 5207 incolas
796 5133 948 5227 propriis
980 5131 1138 5204 curribus
1164 5130 1200 5200 iu
1227 5129 1391 5200 horreum
1419 5145 1440 5195 a
1467 5121 1631 5195 canonico
1658 5119 1745 5221 deli·

128 5275 129 5279 ’
192 5262 351 5353 gendum,
378 5268 415 5333 et
441 5260 580 5332 solvunt
606 5258 805 5330 cmetbones
831 5260 868 5329 et
893 5235 1136 5328 tabernatcres
1164 5249 1331 5322 decimam
1358 5245 1481 5335 canapi
1507 5264 1570 5335 per
1593 5247 1743 5336 quatuor

192 5385 373 5459 Iuncturas
400 5389 436 5458 et
462 5383 667 5457 aestimatur
693 5378 792 5452 valer
818 5377 971 5452 decimae
997 5370 1176 5466 praefatae
1204 5369 1248 5444 ad
1276 5367 1425 5464 quinque
1452 5385 1596 5441 marcas.
1721 5354 1730 5364 ’
