4050 6054
1639 460 1713 530 275

160 652 395 727 molendinum
422 655 536 744 situm,
564 655 656 746 quod
682 655 727 726 ad
746 655 934 746 capitulum
962 676 1039 726 cum
1066 658 1160 729 omui
1187 659 1261 730 iure
1288 660 1452 751 pertinet,
1478 666 1515 733 et
1531 663 1625 753 quod
1651 686 1715 754 pro

161 792 276 845 annuo
304 794 409 845 censu
436 774 541 846 solvit
568 775 719 864 capitulo
746 796 850 846 unam
877 796 1037 847 marcam.
1276 763 1279 769 ’

266 891 412 983 Rzoom
441 894 605 983 oppidum
624 895 814 985 capitulare
833 896 969 966 noviter
987 894 1030 967 de
1048 895 1189 967 licentia
1207 904 1244 969 et
1261 898 1476 970 authoritate
1495 898 1576 972 Cas
1587 900 1716 975 imiri

160 1013 300 1086 tertii
336 1012 501 1085 Poloniae
529 1016 639 1105 regis,
675 1016 783 1087 locari
819 1020 995 1106 coeptum,
1030 1037 1072 1087 ex
1100 1017 1183 1087 villa
1210 1018 1393 1107 capitulari
1430 1020 1551 1091 eodem
1577 1023 1714 1095 nominc

159 1133 322 1224 Ragow
348 1141 555 1224 nuncupata,
584 1136 620 1205 in
647 1156 715 1225 qua
741 1142 842 1206 erant
868 1157 990 1207 novem
1018 1136 1108 1207 lanei
1135 1136 1228 1227 culti,
1256 1138 1431 1209 solventes
1458 1161 1521 1230 per
1548 1126 1714 1232 quatuor·
1759 1192 1763 1199 -

158 1253 269 1325 decim
304 1259 435 1327 scottos
471 1256 632 1345 capitulo,
659 1262 696 1326 et
721 1257 858 1327 notario
892 1256 1043 1327 medium
1076 1277 1236 1347 grossum
1262 1279 1326 1347 pro
1352 1264 1446 1330 nota
1490 1260 1578 1331 Item
1606 1270 1707 1333 erant

160 1381 233 1446 tres
260 1375 363 1464 horti,
391 1375 523 1465 primus
551 1376 655 1447 solvit
681 1377 831 1448 mediam
857 1397 1018 1466 marcam,
1046 1377 1216 1449 secundus
1243 1379 1350 1448 etiam
1376 1379 1527 1451 mediam
1554 1402 1714 1473 marcam,

160 1500 196 1566 et
223 1496 351 1567 tertius
377 1494 560 1585 fertonem,
588 1496 671 1567 item
698 1496 784 1568 duos
813 1518 960 1588 capones
987 1497 1030 1567 de
1057 1497 1175 1586 laneo,
1202 1498 1349 1588 triginta
1375 1519 1442 1569 ova
1468 1506 1504 1570 et
1532 1500 1711 1573 duodecim

160 1635 284 1688 currus
310 1615 494 1707 lignorum,
522 1637 592 1687 non
619 1617 757 1688 solvunt
784 1618 959 1706 triticum,
994 1638 1105 1708 neque
1131 1639 1290 1708 avenam,
1316 1639 1428 1709 neque
1455 1640 1595 1691 censum
1621 1621 1714 1694 foeni

161 1734 250 1811 alias
266 1756 421 1831 azymae,
448 1736 531 1806 item
551 1737 738 1826 capitulum
757 1735 984 1808 Graooviense
1013 1743 1150 1808 attenta
1177 1737 1418 1810 commoditate
1438 1739 1524 1829 loci,
1551 1741 1713 1830 quoniam
1779 1748 1784 1759 “

163 1861 200 1926 et
216 1855 253 1927 in
272 1860 384 1926 strata
410 1856 547 1945 publica
573 1857 661 1928 situs
688 1863 759 1946 est,
786 1861 822 1928 ct
839 1856 963 1927 dumus
990 1855 1024 1927 N
1034 1857 1074 1926 ir
1100 1857 1192 1927 circa
1218 1857 1314 1927 illum
1334 1857 1509 1949 decurrit,
1536 1861 1714 1932 civitatem

162 1956 278 2048 locare
304 1975 495 2066 constituit,
523 1997 610 2066 quae
628 1983 668 2048 ut
684 1974 818 2047 facilius
845 1977 1028 2067 pervenire
1054 1983 1182 2066 posset,
1209 1976 1403 2048 scoltetiam
1430 1978 1533 2050 villae
1560 1979 1713 2051 eiusdem

159 2101 234 2169 tres
250 2095 435 2169 habentem
452 2096 571 2197 laneos
590 2103 626 2168 et
643 2096 876 2167 molendinum
895 2097 930 2166 in
948 2096 1085 2167 flumine
1113 2096 1213 2187 Nir,
1241 2098 1333 2186 apud
1359 2098 1509 2168 nobilem
1537 2099 1713 2171 Andream

159 2215 204 2289 de
229 2214 530 2305 Pabianicze,
557 2217 741 2307 plebanum
768 2217 804 2288 in
832 2216 1155 2307 Targowiska,
1182 2238 1245 2306 pro
1271 2222 1408 2289 centum
1425 2218 1570 2309 triginta
1588 2220 1712 2292 marcis

159 2336 225 2410 snb
250 2342 374 2409 tenuta
398 2336 545 2409 Joaunis
579 2336 888 2428 Rzeszowsky
925 2337 1069 2426 coemit,
1106 2344 1189 2408 tunc
1216 2337 1371 2415 canonici
1409 2345 1532 2429 expost
1560 2339 1713 2430 episcopi
1778 2408 1785 2419 ,

160 2454 407 2529 cracoviensis.
434 2457 523 2528 Item
550 2458 730 2528 ecclesiam
757 2456 991 2548 parochialem
1018 2458 1082 2528 sub
1109 2457 1211 2528 titulo
1239 2457 1272 2528 S.
1290 2455 1455 2529 Stanislai
1481 2457 1649 2550 Martyris
1676 2466 1713 2530 et

159 2577 332 2669 pontificis
358 2578 503 2668 gloriosi
528 2577 703 2669 fundavit,
731 2579 787 2648 cui
813 2579 849 2648 in
876 2578 993 2650 dotem
1019 2575 1196 2649 Johannes
1224 2575 1563 2669 Grusczinsky,
1600 2580 1713 2651 archi-

159 2697 344 2789 episcopus
370 2695 602 2788 Gncznensis‚
639 2699 681 2770 de
708 2718 876 2769 consensu
904 2698 958 2769 sui
985 2698 1145 2789 capituli,
1173 2698 1209 2767 in
1236 2696 1496 2769 Rakowska
1534 2698 1711 2791 Wolya,

160 2817 346 2891 donatione
371 2825 550 2910 perpetua,
578 2819 706 2908 dequo
726 2840 824 2889 suum
844 2824 879 2889 et
898 2818 1040 2908 capituli
1067 2818 1121 2888 sui
1144 2818 1295 2888 habetur
1313 2817 1541 2908 privilegium,
1560 2819 1712 2910 donavit,

161 2939 350 3031 capitulum
377 2946 493 3013 autem
520 2938 749 3011 Cracoviense
775 2939 872 3010 dedit
900 2938 1011 3010 eidem
1030 2960 1051 3009 a
1070 2959 1106 3009 se
1125 2944 1262 3009 erectae
1288 2960 1352 3029 pro
1381 2938 1462 3009 dote
1490 2937 1575 3009 duos
1594 2940 1711 3012 laneos

158 3079 237 3133 curu
255 3061 368 3150 pratis
386 3060 640 3149 cmethouales;
658 3061 742 3130 item
760 3060 873 3132 locum
891 3080 955 3150 pro
973 3058 1107 3151 piscina
1125 3060 1160 3129 in
1179 3059 1253 3130 loco
1273 3065 1309 3130 et
1327 3064 1482 3130 torrente
1501 3058 1606 3130 Kam
1616 3082 1711 3151 yen,

153 3181 307 3255 liberam
325 3181 369 3251 ab
389 3180 482 3251 omni
500 3181 684 3270 pensione3
711 3181 795 3251 item
822 3179 989 3250 decimam
1016 3179 1264 3269 manipularem
1291 3185 1371 3269 post
1389 3200 1491 3269 agros
1518 3180 1712 3270 pracdialcs

42 3292 56 3301 ”
160 3300 297 3392 praedii
323 3300 525 3391 capitularis
554 3300 589 3370 in
617 3300 797 3390 Ragau,
825 3300 884 3390 qui
911 3298 1085 3388 quondam
1112 3306 1213 3370 crant
1240 3298 1429 3388 scoltetiae,
1459 3299 1568 3370 cultos
1596 3306 1632 3371 ct
1659 3301 1712 3371 in-

161 3420 273 3493 cultos
292 3427 327 3492 et
345 3419 589 3510 extirpandos3
608 3420 650 3491 de
667 3420 744 3491 iure
771 3425 887 3490 autern
914 3418 1066 3489 decimae
1094 3418 1328 3508 manipularis
1356 3418 1447 3508 quod
1474 3418 1594 3489 habuit
1612 3440 1712 3508 prae-

158 3540 294 3635 positus
307 3540 543 3612 Lanciciensis
569 3541 605 3610 in
624 3539 757 3613 duobus
783 3538 894 3609 laneis
921 3538 1209 3626 cmethoualihus‚
1237 3536 1326 3607 datis
1353 3538 1510 3628 plebano,
1537 3542 1574 3607 et
1600 3539 1712 3610 tribus

162 3661 290 3750 laucis,
327 3660 386 3750 qui
413 3666 514 3731 eraut
540 3660 678 3731 scolteti
704 3659 739 3729 in
767 3657 947 3748 praedium
975 3658 1165 3747 capitulare
1193 3657 1379 3746 conversis,
1415 3658 1519 3728 cessit
1546 3657 1712 3746 magister

161 3779 322 3855 Andreas
349 3779 498 3852 Rosza
525 3779 567 3850 dc
595 3779 919 3870 Borzysch0W,
945 3777 1163 3867 praepositus
1182 3775 1425 3865 Lanciciensis,
1453 3780 1489 3846 et
1515 3797 1620 3866 super
1646 3777 1713 3849 hoc

162 3900 260 3973 dedit
275 3900 505 3992 privilegium,
524 3900 774 3991 archiepiscopi
791 3905 827 3970 et
845 3920 906 3970 suc
927 3904 963 3970 ct
980 3897 1122 3989 capituli
1140 3897 1374 3969 Lancicionsis
1394 3895 1516 3986 sigillis
1535 3898 1713 3985 munitum,

130 4022 247 4094 -Item
274 4021 552 4112 archiepiscopus
581 4018 811 4111 Gneznensis,
839 4018 1018 4091 Johanues
1046 4016 1371 4109 Grusczinsky
1398 4016 1615 4109 praedictus,
1653 4020 1714 4092 ad-

158 4142 273 4215 iunxit
298 4141 409 4213 eidem
436 4142 601 4213 ecclesiae
628 4141 663 4212 in
691 4140 873 4231 Ragau,
900 4139 1000 4210 villas
1027 4139 1286 4211 Rakowska
1312 4137 1473 4229 Wolya
1499 4145 1536 4209 et
1562 4138 1711 4212 Kalno

159 4262 386 4335 Minorem
412 4269 448 4335 et
473 4261 622 4333 Kalno
650 4260 882 4350 Maiorem,
910 4281 998 4351 quae
1017 4261 1081 4332 sub
1099 4259 1266 4352 parochia
1283 4259 1448 4331 ecclesiae
1467 4258 1510 4329 de
1529 4258 1711 4352 Tusszyn

160 4384 413 4474 consulebant3
440 4384 523 4455 item
548 4383 696 4454 Dalko
710 4405 740 4453 w
768 4386 804 4453 et
828 4381 1119 4471 Kurowicze‚
1148 4402 1234 4472 quae
1263 4381 1327 4452 sub
1354 4380 1521 4470 parochia
1547 4380 1712 4451 ecclesiae

159 4504 203 4577 de
229 4502 534 4594 Ouarnoczim
573 4505 657 4575 item
685 4503 944 4593 Wiskitno,
978 4503 1062 4574 item
1089 4500 1277 4593 Choyuy
1303 4506 1497 4591 utrunque,
1533 4521 1621 4591 quae
1648 4502 1712 4572 sub

157 4625 324 4715 parochia
358 4624 522 4697 ecclesiae
559 4625 602 4696 de
637 4623 874 4715 Mileszky
910 4623 1164 4713 consistebant,
1201 4622 1276 4694 iure
1312 4618 1502 4712 parochiali
1540 4628 1711 4712 perpetuo

159 4745 327 4818 adiunxit

261 4865 352 4939 Item
378 4865 511 4938 decima
537 4865 763 4956 manipularis
791 4866 907 4937 dictae
934 4864 1042 4935 villae
1070 4866 1106 4937 in
1133 4865 1282 4938 residuis
1310 4863 1468 4937 omnibus
1495 4863 1605 4935 laneis
1631 4883 1711 4955 per·

158 4987 248 5061 tinet
274 4987 320 5061 od
345 4988 623 5079 praeposituram
656 4987 916 5061 Lancicionsem
943 4992 978 5058 et
1005 4986 1103 5059 valor
1138 4988 1341 5058 aestimatur
1377 4985 1450 5057 eius
1483 4984 1528 5054 ad
1553 4986 1713 5090 ,quatuor

159 5128 304 5200 namma,
331 5110 414 5183 item
440 5109 673 5182 molendinum
690 5109 727 5181 in
743 5108 848 5182 fluvio
875 5108 958 5180 Nir
985 5107 1090 5181 solvit
1107 5128 1211 5178 unam
1229 5126 1445 5198 sexagenam,
1472 5105 1507 5177 in
1535 5127 1603 5197 quo
1622 5124 1711 5176 cme-

160 5229 284 5301 thones
311 5230 439 5303 molere
465 5234 647 5321 tenentur,
685 5231 767 5301 item
803 5230 1002 5301 cmethones
1038 5229 1174 5300 ratione
1210 5223 1356 5322 obyedne
1393 5226 1531 5300 solvunt
1562 5224 1710 5297 mediam

160 5370 322 5449 marcam
349 5351 434 5431 item
459 5352 496 5429 iu
521 5351 923 5446 haereditate-praefata
950 5356 1032 5425 sunt
1058 5348 1231 5423 mellificia
1256 5369 1321 5439 pro
1349 5347 1445 5419 curia
1470 5346 1713 5419 Pabianicensi
