4050 6054
233 355 279 425 12

231 557 435 630 aestimatur
460 551 559 622 valor
584 548 629 619 ad
657 553 805 637 quatuor
832 564 974 615 marcas.
1002 541 1051 613 Et
1076 542 1158 613 licet
1184 541 1308 612 haeres
1326 540 1419 611 colat
1444 538 1532 611 dnos
1548 538 1679 613 laneos
1699 560 1802 613 eme-

231 672 398 763 thonales,
416 670 520 744 solvit
536 675 653 741 tamen
672 666 715 737 de
733 665 802 735 illis
821 664 987 734 decimam
1006 662 1256 752 manipularem
1279 681 1344 750 pro
1362 659 1493 732 decano
1512 660 1547 730 in
1562 656 1800 754 penellarum

230 797 318 868 Item
336 794 391 865 est
403 791 452 863 ibi
469 789 566 862 curia
583 789 656 859 sive
675 785 849 872 scultetis,
876 783 1008 855 babens
1027 804 1143 871 agros,
1170 781 1352 872 dequibus
1370 781 1464 870 agris
1482 780 1633 852 solvitur
1650 780 1801 853 decima

231 935 295 1005 pro
312 912 459 1003 plebano
486 909 522 980 in
549 907 903 998 Opporzyszow;
939 908 993 974 est
1019 902 1125 973 etiam
1152 902 1313 990 taberna,
1345 901 1407 973 sed
1433 922 1502 974 non
1528 900 1639 972 babet
1665 922 1800 993 agros,

231 1030 408 1105 hortulani
434 1050 503 1101 non
521 1034 612 1100 sunt.

334 1151 512 1238 lunoni,
537 1149 622 1221 villa
640 1148 705 1218 sub
723 1145 888 1236 parocbia
906 1143 1070 1213 ecclesiae
1089 1142 1132 1212 de
1150 1141 1211 1233 Ly
1222 1162 1391 1231 sagara
1409 1141 1490 1229 sita,
1509 1141 1605 1212 cuius
1622 1145 1800 1233 proprie·

231 1278 286 1346 tas
313 1270 467 1363 pertinet
493 1266 537 1339 ad
565 1264 797 1357 praebendam
824 1263 988 1335 ecclesiae
1016 1261 1163 1331 Sanctae
1191 1259 1325 1331 Mariae
1354 1260 1608 1333 Tarnoriensis
1646 1261 1691 1333 In
1719 1285 1801 1355 qna

231 1371 314 1467 sunt
326 1409 449 1463 norem
467 1388 558 1458 lanei
577 1385 826 1473 emethonales,
854 1382 895 1454 de
915 1383 1039 1473 quibus
1058 1382 1216 1453 omnibus
1236 1383 1383 1453 solvitur
1406 1382 1539 1454 decima
1556 1380 1800 1473 manipularis

230 1535 294 1604 pro
322 1511 452 1582 decano
471 1514 507 1578 et
524 1507 663 1579 ducitur
681 1506 832 1596 propriis
851 1504 1009 1574 eun’ibus
1027 1523 1090 1592 per
1109 1502 1308 1573 cmethones
1336 1503 1371 1573 in
1398 1502 1561 1573 horreum
1580 1502 1624 1574 ab
1650 1522 1698 1575 eo
1726 1505 1800 1577 eli·

231 1632 391 1723 gendum.
405 1630 551 1702 Solrnnt
564 1627 671 1699 etiam
685 1625 851 1698 decimam
866 1624 989 1713 canapi
1002 1644 1065 1713 per
1080 1628 1230 1714 quatuor
1243 1643 1401 1712 gerugas,
1416 1630 1453 1694 et
1467 1623 1673 1695 aestimatur
1688 1625 1801 1698 valor

231 1751 378 1825 eiusad
405 1748 675 1842 quatuordecem
709 1764 854 1845 marcas.
879 1744 946 1817 Est
973 1743 1021 1817 ibi
1048 1744 1209 1830 taberna,
1241 1743 1301 1814 sed
1329 1765 1398 1814 non
1424 1743 1532 1815 babet
1558 1762 1676 1833 agros,
1706 1745 1799 1817 hor·

232 1873 344 1946 tnlani
357 1892 426 1943 non
445 1877 541 1960 sunt,
559 1876 614 1941 est
630 1867 737 1940 etiam
755 1866 852 1938 curia
869 1865 1001 1937 babens
1021 1885 1124 1954 agros
1142 1863 1351 1953 praediales,
1369 1864 1413 1935 de
1432 1865 1556 1954 quibus
1574 1863 1662 1935 nulli
1678 1865 1799 1939 soluit

232 1994 409 2081 decimam,
423 1991 484 2063 sed
503 2011 577 2062 eam
597 1988 781 2061 canonieus
800 2008 864 2077 pro
878 1992 1034 2075 tempore
1049 1983 1226 2073 praelatae
1240 1983 1342 2054 villae
1356 2005 1419 2073 pro
1434 2005 1471 2056 se
1485 1984 1578 2056 tollit
1596 1989 1633 2055 et
1649 1986 1798 2076 recipit

338 2113 597 2199 Ynnrowrczr,
626 2110 710 2181 villa
736 2109 799 2180 sub
827 2105 993 2198 parochia
1019 2105 1184 2176 ecclesiae
1210 2104 1246 2175 in
1272 2103 1417 2175 Jurkou
1437 2105 1517 2194 sita,
1544 2105 1641 2176 ouius
1658 2104 1796 2178 haeres

220 2233 512 2323 'Yeszowsky
543 2231 670 2302 nobilis
689 2229 731 2300 de
750 2228 851 2300 domo
870 2227 1152 2315 Streparum.
1179 2224 1218 2294 ln
1234 2245 1302 2314 qua
1320 2231 1400 2295 sunt
1415 2232 1563 2314 quatuor
1576 2223 1669 2295 lanei
1695 2246 1798 2298 eme-

231 2354 405 2442 thonales,
420 2352 463 2423 de
482 2351 607 2441 quibus
626 2348 784 2421 omnibns
803 2347 951 2417 solvitur
969 2346 1101 2416 decima
1119 2344 1343 2434 manipularis
1362 2365 1425 2435 pro
1444 2344 1574 2417 decano
1592 2343 1799 2471 efficitur
1832 2336 1837 2345 ’

231 2473 384 2566 propriis
411 2470 571 2542 curribus
589 2488 652 2558 per
679 2467 878 2557 cmetlrones
905 2465 942 2535 iu
968 2465 1132 2537 horreum
1150 2485 1172 2534 a
1190 2464 1318 2535 decano
1346 2465 1541 2555 locandum,
1567 2464 1653 2537 dent
1679 2465 1797 2539 etiarn

234 2594 403 2666 decimam
430 2590 553 2679 canapi
580 2608 643 2679 per
672 2591 821 2678 quatuor
840 2586 1018 2656 iuncturas
1041 2591 1077 2656 et
1104 2584 1308 2655 aestimatur
1334 2585 1432 2655 valor
1459 2586 1532 2691 eins
1562 2584 1607 2657 ad
1633 2584 1797 2687 qumque

235 2732 379 2785 marcas.
406 2709 486 2780 Non
513 2714 568 2781 est
594 2709 643 2778 ibi
670 2708 780 2795 curia,
808 2727 918 2798 neque
946 2706 1139 2797 praedium,
1168 2705 1228 2777 sed
1251 2711 1305 2776 est
1331 2705 1478 2775 taberna
1503 2711 1540 2775 et
1565 2704 1795 2797 hortulanus,

235 2853 305 2903 non
331 2831 502 2902 habentes
529 2849 642 2918 agros.

339 2948 609 3036 Rosnnwrozn,
631 2946 714 3018 villa
728 2948 791 3018 sub
806 2946 971 3036 parocbia
993 2942 1157 3016 ecclesiae
1176 2944 1210 3014 in
1229 2943 1251 3014 J
1262 2943 1417 3015 urkow
1441 2945 1521 3034 sita,
1548 2945 1645 3017 cuius
1662 2945 1794 3020 haeres

237 3067 415 3161 praefatus
437 3066 728 3156 Yeszowsky.
754 3067 794 3137 In
805 3089 873 3157 qua
887 3072 968 3138 sumt
982 3073 1055 3137 tres
1068 3065 1160 3136 lanei
1174 3065 1420 3154 cmetlronales,
1439 3066 1481 3137 de
1496 3066 1619 3155 quibus
1628 3067 1793 3141 omnibus

237 3188 385 3260 solvitur
412 3186 545 3257 decima
572 3185 797 3275 manipularis
824 3186 1007 3258 decanatui
1039 3192 1075 3256 ot
1102 3186 1239 3256 ducitur
1266 3206 1328 3274 per
1355 3186 1552 3257 emethones
1570 3187 1607 3257 in
1624 3187 1793 3261 horreum

238 3306 404 3379 adecano
423 3305 617 3394 eligendum
637 3310 673 3375 et
690 3306 829 3376 solvunt
848 3307 1013 3377 decimam
1027 3307 1149 3395 canapi
1167 3326 1229 3395 per
1243 3312 1392 3396 quatuor
1405 3327 1554 3397 gerugas
1572 3313 1608 3378 et
1625 3307 1793 3380 aestimuu·

239 3436 298 3498 tnr
317 3425 415 3496 valor
430 3426 503 3494 eius
518 3424 562 3495 ad
581 3430 730 3514 quatuor
748 3446 891 3497 marcas.
909 3425 976 3496 Est
994 3427 1097 3496 etiam
1116 3427 1151 3496 in
1171 3427 1289 3497 eadem
1308 3426 1392 3497 villa
1409 3446 1558 3518 campan,
1577 3428 1636 3517 qui
1654 3408 1802 3521 Nywy'

240 3543 451 3634 appellatur,
478 3543 520 3613 de
539 3564 607 3632 qno
626 3541 730 3615 datur
743 3543 875 3615 decima
891 3545 1116 3634 manipularis
1135 3566 1197 3635 per
1210 3546 1393 3617 haeredem
1413 3546 1576 3618 ecclesiae
1590 3553 1626 3618 et
1639 3530 1792 3637 plebano

241 3666 277 3735 in
295 3663 318 3735 J
328 3663 492 3734 urkow.
519 3664 597 3735 Non
616 3668 671 3734 est
688 3662 737 3734 ibi
755 3663 865 3752 curia,
884 3684 994 3755 neque
1013 3664 1205 3754 praedium,
1224 3666 1285 3736 sed
1303 3667 1450 3738 taberna
1468 3674 1504 3740 et
1518 3667 1585 3739 duo
1599 3666 1790 3760 hortulani,

242 3783 301 3873 qui
320 3804 387 3854 non
406 3782 537 3853 babent
555 3804 667 3873 agros.

345 3901 544 3992 Sznrmncz,
571 3903 653 3974 nilla
667 3903 731 3974 sub
745 3905 910 3992 parochia
924 3905 1087 3976 ccclesiae
1102 3904 1145 3975 dc
1162 3904 1245 3976 dur
1255 3906 1278 3975 k
1289 3928 1309 3977 o
1320 3928 1350 3978 w
1374 3908 1455 3996 sita,
1479 3910 1574 3980 cuius
1588 3910 1786 3999 proprietas

243 4029 279 4094 et
293 4023 480 4094 dominium
494 4024 647 4112 pertinet
660 4023 704 4092 ad
718 4024 851 4094 nobiles
865 4023 1366 4098 JolrarmemDrocheczsk
1375 4028 1455 4119 yde
1469 4027 1611 4101 domoZ
1620 4031 1790 4121 abana,

243 4149 280 4213 et
306 4141 449 4213 Polka
476 4142 632 4213 dedomo
635 4195 730 4211 .....
757 4142 798 4211 In
825 4162 893 4231 qua
919 4150 973 4213 est
999 4166 1087 4215 unus
1114 4146 1232 4217 laneus
1256 4167 1331 4217 cum
1355 4149 1467 4218 medio
1482 4149 1720 4239 emethonalis,
1744 4149 1790 4222 de

244 4263 368 4354 quibus
383 4261 540 4333 omnibus
555 4260 701 4332 solvitur
719 4261 852 4332 decima
871 4263 1094 4352 manipularis
1109 4265 1290 4337 decanatui
1309 4272 1345 4338 ct
1363 4266 1501 4338 ducitur
1515 4289 1577 4358 per
1591 4270 1791 4343 cmetbones

242 4384 393 4474 propriis
412 4381 569 4453 curribus
596 4382 631 4452 in
658 4382 821 4453 horreum
848 4382 1024 4455 adecano
1043 4385 1223 4457 locandum
1251 4392 1286 4457 et
1312 4388 1451 4459 solvunt
1469 4389 1635 4459 decimam
1666 4392 1791 4480 canapi

243 4525 305 4594 per
328 4508 478 4594 quatuor
504 4522 653 4591 gcrugas
684 4508 720 4573 et
747 4502 950 4575 aestimatur
978 4505 1075 4576 valor
1102 4506 1253 4577 decimae
1281 4507 1325 4577 ad
1353 4516 1500 4596 quatuor
1527 4529 1670 4580 marcas.
1701 4508 1796 4583 Sunt

243 4624 347 4694 etiam
366 4623 415 4694 ibi
434 4621 521 4692 duae
536 4623 651 4694 curiae
670 4622 884 4712 militarium,
902 4624 1070 4697 habentes
1088 4646 1191 4716 agros
1205 4628 1408 4717 praediales.
1434 4631 1521 4701 Item
1541 4637 1690 4720 quatuor
1707 4630 1790 4703 bor·

243 4742 363 4834 tulani,
382 4742 550 4813 habentos
577 4763 680 4833 agros
699 4743 931 4814 emethonales
957 4745 1049 4816 inter
1076 4767 1112 4817 se
1131 4748 1293 4838 partitos,
1321 4750 1362 4819 de
1391 4749 1514 4839 quibus
1532 4751 1680 4841 percipit
1699 4750 1791 4823 deci·

244 4881 335 4933 mam
361 4862 520 4935 decanus.
548 4861 673 4935 Curiae
691 4884 775 4935 vero
794 4863 933 4937 solvunt
952 4864 1118 4938 decimam
1135 4867 1171 4937 in
1198 4866 1221 4939 J
1230 4868 1396 4939 urkow.

347 4982 614 5074 Nrnnomrczn,
641 4983 724 5055 villa
742 4984 806 5057 snb
825 4986 990 5075 parocbia
1008 4985 1170 5057 ecclesiae
1184 4988 1220 5057 in
1242 4986 1265 5059 J
1274 4987 1431 5060 urkow
1454 4989 1535 5078 sita,
1550 4991 1647 5063 cuius
1664 4991 1789 5066 haeres

245 5102 802 5198 StanislausMarschousky
824 5104 951 5179 nobilis
978 5105 1020 5178 dc
1039 5105 1139 5178 domo
1158 5106 1401 5181 Poinkoza.
1428 5109 1467 5179 ln
1487 5111 1791 5200 quasuntdecem

244 5223 335 5297 lanei
361 5223 608 5316 emethonales,
635 5224 678 5297 de
697 5226 821 5318 quibus
848 5226 1006 5300 omnibus
1025 5226 1171 5301 solvitur
1185 5227 1317 5301 decima
1333 5229 1559 5319 manipularis
1576 5252 1640 5326 pro
1659 5230 1790 5307 decano
