4050 6054
1615 490 1688 560 635

140 691 328 761 eommunis
363 689 529 780 pecuniae
565 694 601 759 et
626 691 713 761 duos
749 711 915 780 capones,
951 698 987 762 et
1014 697 1095 762 suut
1130 691 1201 763 itha
1236 713 1352 783 areae,
1393 713 1471 765 eum
1506 697 1618 767 hortis
1654 702 1692 769 et

140 811 308 883 domibus.
352 810 440 882 Item
468 812 503 881 in
532 811 658 901 oppido
685 811 960 902 Oppathoviensi
996 819 1050 884 est
1083 813 1180 882 locus
1216 814 1329 885 dietus
1361 814 1599 908 ,Zmigrod,
1632 819 1692 889 ubi

139 930 310 1023 quondam
335 939 438 1004 setus
465 954 528 1003 arx
556 933 768 1023 habebatur,
795 933 888 1004 circa
915 955 1016 1024 quem
1044 933 1234 1006 decanatus
1262 934 1555 1025 Oppathovieusis
1580 939 1688 1010 hahet

123 1055 260 1158 'hortos
287 1059 324 1124 et
350 1075 457 1144 arcas,
486 1061 521 1125 et
548 1055 723 1144 quaelihet
750 1056 854 1126 solvit
882 1055 1064 1125 decanatui
1090 1076 1154 1145 pro
1178 1077 1293 1128 annuo
1321 1078 1426 1130 censu
1451 1072 1556 1130 unum
1583 1058 1690 1130 serto-

139 1196 216 1246 nem
244 1180 281 1246 et
306 1174 393 1246 duos
421 1196 579 1264 capones.
605 1175 694 1246 Item
721 1176 811 1246 idem
839 1178 1029 1248 decanatus
1055 1178 1164 1248 hahet
1190 1178 1226 1247 in
1254 1176 1512 1269 Oppathow
1539 1180 1689 1271 speciale

139 1295 337 1386 praedium,
365 1297 407 1367 de
436 1297 532 1367 cuius
569 1297 662 1386 agris
691 1297 777 1367 nulli
811 1267 916 1369 solvit
942 1298 1110 1369 decimam
1145 1299 1406 1390 manipularem,
1433 1301 1495 1371 sed
1522 1321 1598 1372 earn
1625 1322 1689 1391 pro

139 1439 177 1488 se
204 1417 298 1489 tollit
324 1424 360 1489 et
386 1419 422 1488 in
449 1418 613 1489 horreum
640 1439 739 1489 suurn
776 1419 916 1489 inducit.
961 1419 1050 1489 Item
1077 1420 1235 1491 cantoria
1261 1419 1552 1510 Oppathovieusis
1582 1423 1690 1494 habet

139 1539 327 1630 praedium,
355 1539 398 1610 de
425 1559 493 1629 quo
521 1540 624 1609 etiarn
651 1560 715 1628 pro
743 1560 780 1609 se
807 1541 901 1610 tollit
928 1540 1114 1629 decimam,
1141 1540 1225 1611 item
1253 1543 1412 1628 cantoria
1437 1542 1543 1614 habet
1570 1542 1689 1614 decem
1718 1516 1725 1527 ,

139 1664 174 1731 et
201 1664 333 1749 septem
360 1661 481 1731 hortos
509 1680 585 1730 cum
613 1659 705 1732 areis
732 1666 768 1730 et
795 1659 963 1749 domibus,
990 1661 1176 1750 exquibus
1203 1661 1297 1732 tollit
1313 1680 1473 1753 censum,
1500 1663 1635 1735 tributa
1652 1670 1689 1735 et

53 1850 56 1856 ,
139 1780 284 1870 labores,
312 1787 349 1852 et
376 1783 531 1871 quinon
559 1782 705 1852 subsunt
740 1780 885 1852 alterius
912 1781 1035 1852 ditioni
1062 1781 1130 1852 nisi
1157 1782 1330 1871 cantoris3
1365 1783 1449 1853 item
1475 1784 1583 1855 habet
1609 1805 1689 1856 can-

138 1903 231 1973 toria
257 1902 293 1972 in
320 1900 576 1991 Oppathow
602 1923 708 1972 unum
734 1902 874 1972 hortum
902 1902 1063 1992 amplum,
1090 1903 1126 1972 in
1146 1924 1212 1992 quo
1240 1903 1447 1975 dealbantur
1473 1905 1578 1994 panni
1596 1904 1689 1995 linei,

138 2023 182 2093 de
209 2044 287 2112 quo·
303 2024 409 2093 habet
443 2044 508 2113 pro
536 2043 640 2093 censu
677 2027 826 2112 quatuor
862 2043 996 2092 mareas
1022 2023 1122 2093 aunis
1154 2023 1320 2112 singulm,
1355 2024 1540 2114 aliquando
1567 2026 1690 2115 magis,

138 2142 323 2233 aliquando
351 2144 478 2231 minus,
513 2143 610 2214 iuxta
637 2143 866 2232 quantitatem
893 2164 1096 2233 pannorum,
1124 2143 1184 2233 odi
1200 2136 1436 2233 'dealbantur3
1471 2146 1556 2216 item
1583 2145 1689 2218 habet

139 2265 296 2334 cantoria
322 2265 358 2333 in
378 2264 530 2352 antiqua
557 2263 699 2334 civitate
727 2264 833 2334 alium
859 2263 999 2335 hortum
1027 2285 1104 2335 cum
1131 2284 1222 2354 area,
1249 2264 1292 2335 de
1319 2285 1388 2354 quo
1415 2265 1482 2336 sibi
1508 2265 1690 2337 solvuntur

137 2404 260 2454 novem
289 2385 391 2455 scotti
419 2390 455 2454 et
482 2384 550 2455 duo
579 2404 736 2473 capones.
870 2414 878 2423 ··

241 2505 329 2575 Item
356 2505 537 2576 scolastria
563 2503 857 2595 Oppathovieusis
882 2525 981 2576 secus
1000 2506 1163 2595 oppidum
1181 2505 1435 2596 Oppathow
1461 2506 1569 2577 habet
1586 2528 1690 2596 agros

137 2625 332 2716 praediatus
351 2626 531 2714 contiguos
558 2624 874 2715 Nyedzalkom
892 2646 955 2716 pro
975 2647 1037 2697 suo
1056 2625 1171 2714 fundo,
1199 2627 1234 2696 in
1253 2627 1378 2715 quibus
1396 2606 1536 2698 colonus
1554 2626 1689 2699 locatus

138 2745 242 2818 solvit
267 2746 334 2817 sibi
361 2746 447 2817 duas
478 2767 612 2816 mareas
640 2753 675 2817 et
702 2746 819 2817 decem
855 2767 1020 2836 capones,
1066 2753 1171 2818 etex
1198 2747 1394 2819 huiusmodi
1426 2748 1521 2837 agris
1556 2747 1691 2821 deuna

136 2866 360 2956 manipularis
375 2867 468 2937 cedit
485 2867 678 2938 decanatui.
705 2867 793 2937 item
810 2866 968 2956 praefata
986 2867 1192 2938 scholastria
1210 2869 1308 2939 iuxta
1324 2871 1475 2939 montem
1493 2868 1690 2959 Zmigrod

136 2987 244 3059 habet
258 3017 267 3028 ⁴·
278 2987 512 3059 molendinum
548 3009 625 3059 cum
652 2989 785 3079 piscina
811 2993 846 3058 et
871 2994 972 3078 prato
1008 2990 1098 3060 bono
1135 2990 1189 3060 sui
1215 2990 1318 3078 iuris,
1356 2987 1447 3078 quod
1472 3011 1547 3079 pro
1575 3010 1689 3061 annuc

136 3128 240 3179 censu
267 3108 372 3181 solvit
386 3108 480 3185 sibl.
495 3109 579 3180 duas
607 3130 809 3201 senagenas,
838 3113 985 3201 quatuor
1012 3131 1160 3199 capones
1179 3117 1216 3181 et
1233 3131 1338 3181 riuum
1367 3109 1511 3181 cuderim
1539 3110 1582 3181 de
1609 3111 1689 3183 albo

137 3250 226 3321 paue
252 3251 316 3320 pro
343 3230 666 3302 lestollativitatis
694 3230 843 3318 Christi3
869 3231 952 3311 item
989 3231 1171 3301 scolastria
1205 3231 1310 3302 habet
1341 3231 1427 3302 duas
1455 3252 1555 3302 areas
1581 3252 1690 3321 prope

137 3351 307 3441 scholam,
336 3356 372 3422 et
398 3351 573 3442 quaelihet
600 3351 706 3422 solvit
732 3351 849 3421 decern
875 3370 1016 3440 grossos
1043 3357 1080 3421 ct
1103 3350 1190 3422 duos
1216 3371 1365 3440 capones
1392 3351 1598 3423 scholastico
1626 3372 1689 3440 pro

137 3493 251 3542 annuo
279 3492 401 3559 censu3
437 3472 519 3541 item
546 3471 752 3543 scholastria
778 3471 885 3541 habet
915 3470 1003 3541 alias
1030 3471 1116 3542 duas
1144 3492 1244 3542 areas
1271 3492 1379 3562 prope
1413 3471 1594 3561 balneum,
1620 3493 1690 3542 una

137 3593 243 3665 solvit
269 3599 348 3664 octo
376 3597 506 3664 scottos
533 3599 569 3663 ct
595 3592 872 3703 duosjgpapones,
900 3591 1012 3665 altera
1038 3612 1144 3662 unum
1171 3590 1340 3662 fertonem
1365 3598 1400 3663 et
1419 3592 1505 3662 duos
1532 3612 1683 3681 capones

137 3713 224 3785 Item
260 3735 359 3785 secus
394 3719 497 3805 prata
534 3714 655 3785 decani
690 3710 992 3803 Oppathovieusis.
1016 3713 1123 3783 hahet
1159 3712 1365 3784 scholastria
1392 3711 1478 3783 duos
1505 3713 1626 3783 hortos
1653 3718 1690 3785 et

136 3836 223 3908 duas
250 3855 368 3925 areas,
396 3842 432 3905 et
459 3835 634 3925 quaelibet
669 3833 773 3905 solvit
798 3855 904 3906 unum
930 3833 1100 3906 fertonem
1128 3839 1164 3904 et
1191 3833 1276 3905 duos
1304 3854 1454 3924 capones
1481 3833 1688 3906 scholastico

137 3978 202 4049 pro
230 3978 343 4029 annuo
373 3978 485 4028 censu.
1534 3957 1538 3967 '

116 4166 120 4171 .
239 4077 327 4150 Item
354 4078 512 4151 custodia
546 4075 837 4167 Oppathovieusis
871 4076 978 4148 habet
1004 4076 1040 4146 in
1067 4076 1194 4167 oppido
1230 4075 1502 4168 Oppathoviensi
1538 4081 1689 4166 quatuor

136 4221 244 4291 areas,
272 4201 308 4271 in
336 4201 468 4289 postico
495 4200 616 4270 domus
643 4219 726 4270 suae
753 4199 847 4286 sitas,
875 4218 1020 4287 quarum
1039 4197 1127 4269 duae
1146 4197 1286 4269 solvunt
1303 4218 1366 4288 per
1384 4220 1489 4269 unum
1508 4197 1688 4287 fertonem,

136 4323 226 4394 aliae
252 4342 315 4413 per
341 4327 418 4392 octo
445 4341 602 4411 grossoS,
631 4326 668 4392 ot
693 4341 812 4391 omnes
840 4326 991 4410 quatuor
1016 4340 1079 4409 per
1106 4325 1255 4409 quatuor
1282 4338 1446 4409 capones,
1473 4319 1557 4389 item
1585 4318 1690 4389 habet

138 4442 296 4515 custodia
322 4441 576 4532 Oppathow
604 4441 783 4514 duodecim
818 4442 984 4512 tabernas
1010 4446 1047 4512 et
1072 4460 1188 4530 areas,
1227 4446 1263 4511 et
1290 4441 1465 4531 quaelihet
1492 4438 1596 4511 solvit
1623 4438 1689 4509 sibi

135 4580 199 4657 pro
226 4585 332 4636 censu
358 4563 506 4635 sedecim
532 4584 691 4653 grossoS,
728 4562 771 4634 de
798 4584 865 4653 quo
893 4583 998 4634 censu
1014 4561 1192 4633 medietas
1220 4562 1312 4634 cedit
1346 4560 1578 4648 vicecustodi3
1606 4560 1689 4631 item

135 4684 244 4777 hbet
278 4683 435 4757 custodia
461 4706 567 4755 unum
593 4685 731 4754 hortum
758 4704 801 4756 ex
829 4684 988 4774 opposito
1024 4682 1144 4754 domus
1179 4681 1357 4755 custodiae
1393 4683 1516 4771 situm,
1552 4681 1594 4753 de
1621 4703 1689 4772 quo

137 4788 320 4907 sdivuntur
347 4807 413 4877 sibi
441 4804 701 4897 quatuordecim
732 4805 846 4895 grossi
873 4812 909 4876 et
935 4808 1084 4894 quatuor
1109 4824 1275 4895 capones,
1313 4804 1348 4874 in
1375 4801 1534 4893 praelato
1561 4802 1689 4892 oppido

137 4927 418 5019 Oppathovieusi.
436 4928 526 4998 Item
543 4926 656 5017 prima
673 4925 871 5016 praebenda
888 4924 1188 5016 Oppathovieusis,
1207 4944 1295 5015 quae
1305 4919 1528 4993 Korwowsbo
1550 4920 1690 5014 dicitur,

137 5048 305 5122 haletin
334 5048 459 5139 oppido
496 5047 752 5137 Oppathow
778 5053 849 5118 tres
876 5048 999 5118 hortos
1025 5051 1063 5117 et
1087 5066 1188 5118 areas
1222 5044 1366 5117 inierim
1401 5044 1565 5115 balneum
1593 5045 1690 5136 sitos,

138 5171 313 5243 custodiae
345 5168 617 5260 Oppathoviensi
652 5168 849 5259 contiguos,
887 5187 1033 5258 quorum
1060 5167 1191 5256 primus
1219 5165 1324 5237 solvit
1349 5186 1413 5256 pro
1441 5185 1556 5237 annuo
1582 5185 1690 5238 ceusu

136 5294 268 5386 primae
295 5290 513 5381 praebendae
540 5290 657 5361 decem
684 5310 824 5378 grossos
852 5293 887 5358 et
913 5286 1000 5383 duos
1027 5308 1194 5378 caponss;
1221 5287 1391 5358 secundus
1410 5339 1551 5357 ......

243 5411 401 5492 Secunda
418 5412 617 5507 praebenda
634 5409 928 5506 Oppathovieusis
944 5408 1051 5487 habet
1068 5409 1105 5486 in
1131 5407 1386 5505 Oppatbou
1413 5407 1564 5500 quinque
1589 5428 1692 5485 areas
1745 5469 1748 5475 .
