<?xml version="1.0" encoding="UTF-8"?>
<!DOCTYPE html PUBLIC "-//W3C//DTD XHTML 1.0 Transitional//EN"
    "http://www.w3.org/TR/xhtml1/DTD/xhtml1-transitional.dtd">
<html xmlns="http://www.w3.org/1999/xhtml" xml:lang="en" lang="en">
 <head>
  <title>
</title>
<meta http-equiv="Content-Type" content="text/html;charset=utf-8" />
  <meta name='ocr-system' content='tesseract 3.04.00' />
  <meta name='ocr-capabilities' content='ocr_page ocr_carea ocr_par ocr_line ocrx_word'/>
</head>
<body>
  <div class='ocr_page' id='page_1' title='image "./joannisdugoszse00dugoog_0560.png"; bbox 0 0 4050 6054; ppageno 0'>
   <div class='ocr_carea' id='block_1_1' title="bbox 1564 456 1740 566">
    <p class='ocr_par' dir='ltr' id='par_1_1' title="bbox 1564 456 1740 566">
     <span class='ocr_line' id='line_1_1' title="bbox 1564 456 1740 566; baseline 0.017 -3"><span class='ocrx_word' id='word_1_1' title='bbox 1564 456 1571 467; x_wconf 80' lang='grc'><strong><em>’</em></strong></span> <span class='ocrx_word' id='word_1_2' title='bbox 1668 495 1740 566; x_wconf 86' lang='lat'>531</span> 
     </span>
    </p>
   </div>
   <div class='ocr_carea' id='block_1_2' title="bbox 191 640 1871 900">
    <p class='ocr_par' dir='ltr' id='par_1_2' title="bbox 191 640 1871 900">
     <span class='ocr_line' id='line_1_2' title="bbox 193 640 1871 776; baseline 0.014 -28"><span class='ocrx_word' id='word_1_3' title='bbox 193 646 230 749; x_wconf 75' lang='lat' dir='ltr'>et</span> <span class='ocrx_word' id='word_1_4' title='bbox 257 699 328 749; x_wconf 89' lang='lat' dir='ltr'>una</span> <span class='ocrx_word' id='word_1_5' title='bbox 353 680 501 752; x_wconf 82' lang='lat' dir='ltr'>taberna</span> <span class='ocrx_word' id='word_1_6' title='bbox 526 681 693 754; x_wconf 82' lang='lat' dir='ltr'>habentes</span> <span class='ocrx_word' id='word_1_7' title='bbox 720 690 833 774; x_wconf 82' lang='lat' dir='ltr'>agros,</span> <span class='ocrx_word' id='word_1_8' title='bbox 862 687 904 757; x_wconf 90' lang='lat' dir='ltr'>de</span> <span class='ocrx_word' id='word_1_9' title='bbox 932 687 1056 776; x_wconf 89' lang='lat' dir='ltr'>quibus</span> <span class='ocrx_word' id='word_1_10' title='bbox 1074 691 1223 763; x_wconf 86' lang='lat' dir='ltr'>solvitur</span> <span class='ocrx_word' id='word_1_11' title='bbox 1241 700 1278 763; x_wconf 90' lang='lat' dir='ltr'>et</span> <span class='ocrx_word' id='word_1_12' title='bbox 1296 694 1500 767; x_wconf 79' lang='lat' dir='ltr'>‘conducitur</span> <span class='ocrx_word' id='word_1_13' title='bbox 1518 696 1650 770; x_wconf 90' lang='lat' dir='ltr'>decima</span> <span class='ocrx_word' id='word_1_14' title='bbox 1669 640 1751 772; x_wconf 34' lang='lat' dir='ltr'>ma:</span> <span class='ocrx_word' id='word_1_15' title='bbox 1864 743 1871 756; x_wconf 92' lang='lat'><strong>·</strong></span> 
     </span>
     <span class='ocr_line' id='line_1_3' title="bbox 191 799 1741 900; baseline 0.015 -31"><span class='ocrx_word' id='word_1_16' title='bbox 191 799 361 890; x_wconf 90' lang='lat' dir='ltr'>nipularis</span> <span class='ocrx_word' id='word_1_17' title='bbox 388 805 424 872; x_wconf 90' lang='lat' dir='ltr'>et</span> <span class='ocrx_word' id='word_1_18' title='bbox 450 804 625 893; x_wconf 86' lang='lat' dir='ltr'>canapalis</span> <span class='ocrx_word' id='word_1_19' title='bbox 652 806 804 896; x_wconf 88' lang='lat' dir='ltr'>capitulo</span> <span class='ocrx_word' id='word_1_20' title='bbox 832 806 1070 900; x_wconf 73' lang='lat' dir='ltr'>Gracomensi,</span> <span class='ocrx_word' id='word_1_21' title='bbox 1097 815 1133 883; x_wconf 90' lang='lat' dir='ltr'>et</span> <span class='ocrx_word' id='word_1_22' title='bbox 1159 813 1256 885; x_wconf 87' lang='lat' dir='ltr'>valor</span> <span class='ocrx_word' id='word_1_23' title='bbox 1283 814 1357 887; x_wconf 92' lang='lat' dir='ltr'>eius</span> <span class='ocrx_word' id='word_1_24' title='bbox 1376 816 1577 889; x_wconf 84' lang='lat' dir='ltr'>aestimatur</span> <span class='ocrx_word' id='word_1_25' title='bbox 1595 818 1640 891; x_wconf 88' lang='lat' dir='ltr'>ad</span> <span class='ocrx_word' id='word_1_26' title='bbox 1663 874 1671 890; x_wconf 87' lang='lat'><strong>.</strong></span> <span class='ocrx_word' id='word_1_27' title='bbox 1698 874 1705 890; x_wconf 94' lang='lat'>.</span> <span class='ocrx_word' id='word_1_28' title='bbox 1733 876 1741 891; x_wconf 85' lang='lat'><em>.</em></span> 
     </span>
    </p>
   </div>
   <div class='ocr_carea' id='block_1_3' title="bbox 445 1246 1373 1369">
    <p class='ocr_par' dir='ltr' id='par_1_3' title="bbox 445 1182 1373 1422">
     <span class='ocr_line' id='line_1_4' title="bbox 445 1246 1373 1369; baseline 0.012 -14"><span class='ocrx_word' id='word_1_29' title='bbox 445 1307 448 1312; x_wconf 90' lang='lat'><em>-</em></span> <span class='ocrx_word' id='word_1_30' title='bbox 564 1246 608 1357; x_wconf 86' lang='lat' dir='ltr'>s.</span> <span class='ocrx_word' id='word_1_31' title='bbox 645 1247 989 1363; x_wconf 79' lang='lat' dir='ltr'>hramnus</span> <span class='ocrx_word' id='word_1_32' title='bbox 1025 1253 1093 1364; x_wconf 80' lang='lat' dir='ltr'>ul</span> <span class='ocrx_word' id='word_1_33' title='bbox 1132 1252 1373 1369; x_wconf 81' lang='lat' dir='ltr'>cusano.</span> 
     </span>
    </p>
   </div>
   <div class='ocr_carea' id='block_1_4' title="bbox 193 1493 1737 1607">
    <p class='ocr_par' dir='ltr' id='par_1_4' title="bbox 193 1493 1737 1607">
     <span class='ocr_line' id='line_1_5' title="bbox 193 1493 1737 1607; baseline 0.012 -33"><span class='ocrx_word' id='word_1_34' title='bbox 193 1497 234 1575; x_wconf 96' lang='lat' dir='ltr'>ln</span> <span class='ocrx_word' id='word_1_35' title='bbox 267 1493 554 1579; x_wconf 72' lang='lat' dir='ltr'>cracoviensi.</span> <span class='ocrx_word' id='word_1_36' title='bbox 591 1498 849 1581; x_wconf 86' lang='lat' dir='ltr'>nobilissima</span> <span class='ocrx_word' id='word_1_37' title='bbox 894 1507 938 1583; x_wconf 86' lang='lat' dir='ltr'>et</span> <span class='ocrx_word' id='word_1_38' title='bbox 968 1502 1130 1583; x_wconf 73' lang='lat' dir='ltr'>famosa</span> <span class='ocrx_word' id='word_1_39' title='bbox 1172 1526 1295 1607; x_wconf 86' lang='lat' dir='ltr'>aree,</span> <span class='ocrx_word' id='word_1_40' title='bbox 1339 1506 1481 1588; x_wconf 82' lang='lat' dir='ltr'>Sancti</span> <span class='ocrx_word' id='word_1_41' title='bbox 1515 1509 1737 1593; x_wconf 70' lang='lat' dir='ltr'>Michaelis</span> 
     </span>
    </p>
   </div>
   <div class='ocr_carea' id='block_1_5' title="bbox 228 1633 1707 1750">
    <p class='ocr_par' dir='ltr' id='par_1_5' title="bbox 228 1633 1707 1750">
     <span class='ocr_line' id='line_1_6' title="bbox 228 1633 1707 1750; baseline 0.011 -37"><span class='ocrx_word' id='word_1_42' title='bbox 228 1633 481 1738; x_wconf 68' lang='lat' dir='ltr'>Archangeli</span> <span class='ocrx_word' id='word_1_43' title='bbox 515 1640 559 1717; x_wconf 86' lang='lat' dir='ltr'>el</span> <span class='ocrx_word' id='word_1_44' title='bbox 592 1638 774 1716; x_wconf 92' lang='lat' dir='ltr'>omnium</span> <span class='ocrx_word' id='word_1_45' title='bbox 808 1639 1057 1721; x_wconf 76' lang='lat' dir='ltr'>coelestium</span> <span class='ocrx_word' id='word_1_46' title='bbox 1091 1647 1136 1722; x_wconf 81' lang='lat' dir='ltr'>el</span> <span class='ocrx_word' id='word_1_47' title='bbox 1167 1646 1433 1747; x_wconf 76' lang='lat' dir='ltr'>superiorum</span> <span class='ocrx_word' id='word_1_48' title='bbox 1466 1646 1707 1750; x_wconf 75' lang='lat' dir='ltr'>Spirlluum,</span> 
     </span>
    </p>
   </div>
   <div class='ocr_carea' id='block_1_6' title="bbox 180 1767 1737 5369">
    <p class='ocr_par' dir='ltr' id='par_1_6' title="bbox 180 1767 1737 5369">
     <span class='ocr_line' id='line_1_7' title="bbox 188 1767 1737 1867; baseline 0.011 -30"><span class='ocrx_word' id='word_1_49' title='bbox 188 1789 251 1859; x_wconf 90' lang='lat' dir='ltr'>per</span> <span class='ocrx_word' id='word_1_50' title='bbox 277 1767 405 1839; x_wconf 89' lang='lat' dir='ltr'>iudicia</span> <span class='ocrx_word' id='word_1_51' title='bbox 430 1769 687 1842; x_wconf 83' lang='lat' dir='ltr'>misericordiae</span> <span class='ocrx_word' id='word_1_52' title='bbox 714 1773 960 1863; x_wconf 91' lang='lat' dir='ltr'>omnipotentis</span> <span class='ocrx_word' id='word_1_53' title='bbox 977 1775 1043 1845; x_wconf 90' lang='lat' dir='ltr'>Dei</span> <span class='ocrx_word' id='word_1_54' title='bbox 1070 1775 1220 1849; x_wconf 91' lang='lat' dir='ltr'>humano</span> <span class='ocrx_word' id='word_1_55' title='bbox 1246 1779 1367 1867; x_wconf 78' lang='lat' dir='ltr'>generi</span> <span class='ocrx_word' id='word_1_56' title='bbox 1393 1780 1438 1850; x_wconf 91' lang='lat' dir='ltr'>ad</span> <span class='ocrx_word' id='word_1_57' title='bbox 1465 1780 1655 1853; x_wconf 89' lang='lat' dir='ltr'>custodiam</span> <span class='ocrx_word' id='word_1_58' title='bbox 1674 1784 1737 1854; x_wconf 86' lang='lat' dir='ltr'>tri-</span> 
     </span>
     <span class='ocr_line' id='line_1_8' title="bbox 188 1889 1736 1988; baseline 0.01 -27"><span class='ocrx_word' id='word_1_59' title='bbox 188 1891 372 1979; x_wconf 87' lang='lat' dir='ltr'>butorum,</span> <span class='ocrx_word' id='word_1_60' title='bbox 408 1889 540 1961; x_wconf 86' lang='lat' dir='ltr'>honor‘e</span> <span class='ocrx_word' id='word_1_61' title='bbox 567 1897 603 1962; x_wconf 88' lang='lat' dir='ltr'>et</span> <span class='ocrx_word' id='word_1_62' title='bbox 628 1891 732 1964; x_wconf 91' lang='lat' dir='ltr'>titulo</span> <span class='ocrx_word' id='word_1_63' title='bbox 759 1892 909 1965; x_wconf 86' lang='lat' dir='ltr'>dicatam</span> <span class='ocrx_word' id='word_1_64' title='bbox 946 1894 1162 1985; x_wconf 81' lang='lat' dir='ltr'>collegiatam</span> <span class='ocrx_word' id='word_1_65' title='bbox 1189 1898 1386 1988; x_wconf 89' lang='lat' dir='ltr'>ecclesiam,</span> <span class='ocrx_word' id='word_1_66' title='bbox 1423 1904 1521 1973; x_wconf 85' lang='lat' dir='ltr'>sexto</span> <span class='ocrx_word' id='word_1_67' title='bbox 1549 1901 1736 1976; x_wconf 89' lang='lat' dir='ltr'>locabimus</span> 
     </span>
     <span class='ocr_line' id='line_1_9' title="bbox 189 2009 1736 2108; baseline 0.01 -29"><span class='ocrx_word' id='word_1_68' title='bbox 189 2011 263 2080; x_wconf 91' lang='lat' dir='ltr'>loco</span> <span class='ocrx_word' id='word_1_69' title='bbox 292 2009 412 2080; x_wconf 91' lang='lat' dir='ltr'>ordine</span> <span class='ocrx_word' id='word_1_70' title='bbox 439 2016 475 2081; x_wconf 90' lang='lat' dir='ltr'>et</span> <span class='ocrx_word' id='word_1_71' title='bbox 502 2032 664 2101; x_wconf 86' lang='lat' dir='ltr'>numer03</span> <span class='ocrx_word' id='word_1_72' title='bbox 701 2019 801 2084; x_wconf 86' lang='lat' dir='ltr'>vetus</span> <span class='ocrx_word' id='word_1_73' title='bbox 818 2021 819 2025; x_wconf 75' lang='grc'>’</span> <span class='ocrx_word' id='word_1_74' title='bbox 836 2013 927 2085; x_wconf 91' lang='lat' dir='ltr'>enim</span> <span class='ocrx_word' id='word_1_75' title='bbox 955 2016 1099 2086; x_wconf 86' lang='lat' dir='ltr'>ccclesia</span> <span class='ocrx_word' id='word_1_76' title='bbox 1126 2021 1180 2088; x_wconf 89' lang='lat' dir='ltr'>est</span> <span class='ocrx_word' id='word_1_77' title='bbox 1206 2022 1242 2088; x_wconf 90' lang='lat' dir='ltr'>et</span> <span class='ocrx_word' id='word_1_78' title='bbox 1268 2019 1302 2089; x_wconf 92' lang='lat' dir='ltr'>in</span> <span class='ocrx_word' id='word_1_79' title='bbox 1331 2016 1520 2108; x_wconf 90' lang='lat' dir='ltr'>primordio</span> <span class='ocrx_word' id='word_1_80' title='bbox 1547 2023 1736 2094; x_wconf 87' lang='lat' dir='ltr'>catholicae</span> 
     </span>
     <span class='ocr_line' id='line_1_10' title="bbox 188 2130 1737 2231; baseline 0.01 -30"><span class='ocrx_word' id='word_1_81' title='bbox 188 2130 277 2220; x_wconf 87' lang='lat' dir='ltr'>fidei,</span> <span class='ocrx_word' id='word_1_82' title='bbox 307 2151 374 2221; x_wconf 88' lang='lat' dir='ltr'>qua</span> <span class='ocrx_word' id='word_1_83' title='bbox 400 2130 523 2202; x_wconf 92' lang='lat' dir='ltr'>Poloni</span> <span class='ocrx_word' id='word_1_84' title='bbox 548 2138 632 2204; x_wconf 90' lang='lat' dir='ltr'>tunc</span> <span class='ocrx_word' id='word_1_85' title='bbox 657 2133 829 2207; x_wconf 82' lang='lat' dir='ltr'>idolatrae</span> <span class='ocrx_word' id='word_1_86' title='bbox 847 2140 885 2206; x_wconf 88' lang='lat' dir='ltr'>et</span> <span class='ocrx_word' id='word_1_87' title='bbox 901 2135 1050 2225; x_wconf 85' lang='lat' dir='ltr'>gentiles</span> <span class='ocrx_word' id='word_1_88' title='bbox 1068 2136 1161 2208; x_wconf 90' lang='lat' dir='ltr'>unda</span> <span class='ocrx_word' id='word_1_89' title='bbox 1183 2158 1284 2209; x_wconf 89' lang='lat' dir='ltr'>sacra</span> <span class='ocrx_word' id='word_1_90' title='bbox 1309 2138 1406 2210; x_wconf 91' lang='lat' dir='ltr'>fuere</span> <span class='ocrx_word' id='word_1_91' title='bbox 1432 2141 1571 2231; x_wconf 89' lang='lat' dir='ltr'>initiati,</span> <span class='ocrx_word' id='word_1_92' title='bbox 1598 2147 1737 2216; x_wconf 87' lang='lat' dir='ltr'>vetusto</span> 
     </span>
     <span class='ocr_line' id='line_1_11' title="bbox 188 2252 1737 2358; baseline 0.008 -36"><span class='ocrx_word' id='word_1_93' title='bbox 188 2256 344 2342; x_wconf 89' lang='lat' dir='ltr'>tempore</span> <span class='ocrx_word' id='word_1_94' title='bbox 370 2272 434 2341; x_wconf 89' lang='lat' dir='ltr'>per</span> <span class='ocrx_word' id='word_1_95' title='bbox 460 2252 656 2324; x_wconf 89' lang='lat' dir='ltr'>Boleslaum</span> <span class='ocrx_word' id='word_1_96' title='bbox 684 2253 868 2358; x_wconf 80' lang='lat' dir='ltr'>Chabry</span> <span class='ocrx_word' id='word_1_97' title='bbox 894 2257 1042 2347; x_wconf 93' lang='lat' dir='ltr'>primum</span> <span class='ocrx_word' id='word_1_98' title='bbox 1071 2258 1279 2329; x_wconf 88' lang='lat' dir='ltr'>catholicum</span> <span class='ocrx_word' id='word_1_99' title='bbox 1305 2259 1471 2331; x_wconf 90' lang='lat' dir='ltr'>Poloniae</span> <span class='ocrx_word' id='word_1_100' title='bbox 1497 2280 1633 2353; x_wconf 86' lang='lat' dir='ltr'>regern,</span> <span class='ocrx_word' id='word_1_101' title='bbox 1660 2262 1737 2334; x_wconf 91' lang='lat' dir='ltr'>fun-</span> 
     </span>
     <span class='ocr_line' id='line_1_12' title="bbox 189 2372 1736 2470; baseline 0.008 -28"><span class='ocrx_word' id='word_1_102' title='bbox 189 2372 284 2462; x_wconf 88' lang='lat' dir='ltr'>data,</span> <span class='ocrx_word' id='word_1_103' title='bbox 320 2379 437 2444; x_wconf 87' lang='lat' dir='ltr'>erecta</span> <span class='ocrx_word' id='word_1_104' title='bbox 464 2378 501 2444; x_wconf 88' lang='lat' dir='ltr'>et</span> <span class='ocrx_word' id='word_1_105' title='bbox 526 2373 649 2445; x_wconf 90' lang='lat' dir='ltr'>dotata</span> <span class='ocrx_word' id='word_1_106' title='bbox 675 2380 748 2466; x_wconf 88' lang='lat' dir='ltr'>est,</span> <span class='ocrx_word' id='word_1_107' title='bbox 783 2375 880 2447; x_wconf 90' lang='lat' dir='ltr'>cuins</span> <span class='ocrx_word' id='word_1_108' title='bbox 907 2376 975 2448; x_wconf 92' lang='lat' dir='ltr'>duo</span> <span class='ocrx_word' id='word_1_109' title='bbox 1002 2378 1240 2448; x_wconf 91' lang='lat' dir='ltr'>tantummodo</span> <span class='ocrx_word' id='word_1_110' title='bbox 1268 2384 1348 2449; x_wconf 93' lang='lat' dir='ltr'>sunt</span> <span class='ocrx_word' id='word_1_111' title='bbox 1375 2382 1540 2470; x_wconf 88' lang='lat' dir='ltr'>praelati,</span> <span class='ocrx_word' id='word_1_112' title='bbox 1575 2381 1736 2455; x_wconf 89' lang='lat' dir='ltr'>videlicet</span> 
     </span>
     <span class='ocr_line' id='line_1_13' title="bbox 187 2493 1735 2586; baseline 0.007 -24"><span class='ocrx_word' id='word_1_113' title='bbox 187 2493 417 2583; x_wconf 71' lang='lat' dir='ltr'>praepositus</span> <span class='ocrx_word' id='word_1_114' title='bbox 446 2499 562 2564; x_wconf 90' lang='lat' dir='ltr'>custos</span> <span class='ocrx_word' id='word_1_115' title='bbox 581 2500 616 2565; x_wconf 92' lang='lat' dir='ltr'>et</span> <span class='ocrx_word' id='word_1_116' title='bbox 634 2501 706 2566; x_wconf 90' lang='lat' dir='ltr'>tres</span> <span class='ocrx_word' id='word_1_117' title='bbox 735 2496 890 2567; x_wconf 85' lang='lat' dir='ltr'>canonici</span> <span class='ocrx_word' id='word_1_118' title='bbox 917 2502 954 2566; x_wconf 90' lang='lat' dir='ltr'>et</span> <span class='ocrx_word' id='word_1_119' title='bbox 980 2517 1049 2566; x_wconf 89' lang='lat' dir='ltr'>una</span> <span class='ocrx_word' id='word_1_120' title='bbox 1067 2496 1282 2586; x_wconf 85' lang='lat' dir='ltr'>clericatum,</span> <span class='ocrx_word' id='word_1_121' title='bbox 1310 2499 1422 2570; x_wconf 92' lang='lat' dir='ltr'>nullos</span> <span class='ocrx_word' id='word_1_122' title='bbox 1448 2500 1617 2572; x_wconf 87' lang='lat' dir='ltr'>habentes</span> <span class='ocrx_word' id='word_1_123' title='bbox 1643 2503 1735 2574; x_wconf 91' lang='lat' dir='ltr'>vica-</span> 
     </span>
     <span class='ocr_line' id='line_1_14' title="bbox 188 2612 1734 2712; baseline 0.005 -28"><span class='ocrx_word' id='word_1_124' title='bbox 188 2612 276 2703; x_wconf 73' lang='lat' dir='ltr'>rioS,</span> <span class='ocrx_word' id='word_1_125' title='bbox 314 2618 375 2684; x_wconf 83' lang='lat' dir='ltr'>ant</span> <span class='ocrx_word' id='word_1_126' title='bbox 410 2614 617 2685; x_wconf 90' lang='lat' dir='ltr'>substitutos</span> <span class='ocrx_word' id='word_1_127' title='bbox 653 2620 840 2706; x_wconf 89' lang='lat' dir='ltr'>perpetuos</span> <span class='ocrx_word' id='word_1_128' title='bbox 876 2616 1015 2705; x_wconf 85' lang='lat' dir='ltr'>saltem,</span> <span class='ocrx_word' id='word_1_129' title='bbox 1051 2617 1112 2687; x_wconf 91' lang='lat' dir='ltr'>sed</span> <span class='ocrx_word' id='word_1_130' title='bbox 1138 2619 1315 2690; x_wconf 88' lang='lat' dir='ltr'>manuales</span> <span class='ocrx_word' id='word_1_131' title='bbox 1346 2620 1640 2711; x_wconf 85' lang='lat' dir='ltr'>temporalesque,</span> <span class='ocrx_word' id='word_1_132' title='bbox 1677 2623 1734 2712; x_wconf 93' lang='lat' dir='ltr'>qui</span> 
     </span>
     <span class='ocr_line' id='line_1_15' title="bbox 187 2728 1736 2829; baseline 0.007 -27"><span class='ocrx_word' id='word_1_133' title='bbox 187 2753 250 2824; x_wconf 91' lang='lat' dir='ltr'>pro</span> <span class='ocrx_word' id='word_1_134' title='bbox 278 2733 377 2803; x_wconf 91' lang='lat' dir='ltr'>annis</span> <span class='ocrx_word' id='word_1_135' title='bbox 405 2728 550 2824; x_wconf 79' lang='lat' dir='ltr'>singulis</span> <span class='ocrx_word' id='word_1_136' title='bbox 576 2756 641 2824; x_wconf 91' lang='lat' dir='ltr'>pro</span> <span class='ocrx_word' id='word_1_137' title='bbox 667 2734 884 2826; x_wconf 90' lang='lat' dir='ltr'>beneplacito</span> <span class='ocrx_word' id='word_1_138' title='bbox 912 2736 1146 2825; x_wconf 88' lang='lat' dir='ltr'>praelatorum</span> <span class='ocrx_word' id='word_1_139' title='bbox 1174 2743 1209 2807; x_wconf 86' lang='lat' dir='ltr'>ct</span> <span class='ocrx_word' id='word_1_140' title='bbox 1236 2739 1478 2829; x_wconf 84' lang='lat' dir='ltr'>canonicorum</span> <span class='ocrx_word' id='word_1_141' title='bbox 1505 2741 1736 2813; x_wconf 91' lang='lat' dir='ltr'>instituuntur</span> 
     </span>
     <span class='ocr_line' id='line_1_16' title="bbox 186 2853 1732 2948; baseline 0.005 -24"><span class='ocrx_word' id='word_1_142' title='bbox 186 2859 223 2924; x_wconf 88' lang='lat' dir='ltr'>et</span> <span class='ocrx_word' id='word_1_143' title='bbox 249 2853 494 2945; x_wconf 83' lang='lat' dir='ltr'>destitumrtur,</span> <span class='ocrx_word' id='word_1_144' title='bbox 522 2860 558 2927; x_wconf 88' lang='lat' dir='ltr'>et</span> <span class='ocrx_word' id='word_1_145' title='bbox 577 2856 635 2945; x_wconf 90' lang='lat' dir='ltr'>qui</span> <span class='ocrx_word' id='word_1_146' title='bbox 662 2876 730 2926; x_wconf 93' lang='lat' dir='ltr'>non</span> <span class='ocrx_word' id='word_1_147' title='bbox 750 2856 854 2927; x_wconf 90' lang='lat' dir='ltr'>boras</span> <span class='ocrx_word' id='word_1_148' title='bbox 882 2856 1064 2927; x_wconf 88' lang='lat' dir='ltr'>canonicas</span> <span class='ocrx_word' id='word_1_149' title='bbox 1091 2856 1245 2948; x_wconf 90' lang='lat' dir='ltr'>implent,</span> <span class='ocrx_word' id='word_1_150' title='bbox 1273 2859 1334 2929; x_wconf 91' lang='lat' dir='ltr'>sed</span> <span class='ocrx_word' id='word_1_151' title='bbox 1360 2860 1574 2932; x_wconf 90' lang='lat' dir='ltr'>solummodo</span> <span class='ocrx_word' id='word_1_152' title='bbox 1593 2862 1732 2933; x_wconf 91' lang='lat' dir='ltr'>missam</span> 
     </span>
     <span class='ocr_line' id='line_1_17' title="bbox 186 2975 1736 3073; baseline 0.005 -27"><span class='ocrx_word' id='word_1_153' title='bbox 186 2994 290 3046; x_wconf 90' lang='lat' dir='ltr'>unam</span> <span class='ocrx_word' id='word_1_154' title='bbox 316 2975 461 3065; x_wconf 85' lang='lat' dir='ltr'>singulis</span> <span class='ocrx_word' id='word_1_155' title='bbox 488 2975 610 3048; x_wconf 91' lang='lat' dir='ltr'>diebus</span> <span class='ocrx_word' id='word_1_156' title='bbox 636 2976 736 3048; x_wconf 90' lang='lat' dir='ltr'>festis</span> <span class='ocrx_word' id='word_1_157' title='bbox 763 2983 799 3048; x_wconf 91' lang='lat' dir='ltr'>et</span> <span class='ocrx_word' id='word_1_158' title='bbox 825 2976 1004 3049; x_wconf 88' lang='lat' dir='ltr'>ferialibus</span> <span class='ocrx_word' id='word_1_159' title='bbox 1032 2984 1169 3067; x_wconf 89' lang='lat' dir='ltr'>canunt,</span> <span class='ocrx_word' id='word_1_160' title='bbox 1198 2999 1300 3068; x_wconf 89' lang='lat' dir='ltr'>quam</span> <span class='ocrx_word' id='word_1_161' title='bbox 1319 2981 1564 3071; x_wconf 82' lang='lat' dir='ltr'>negligentiam</span> <span class='ocrx_word' id='word_1_162' title='bbox 1592 2982 1647 3053; x_wconf 90' lang='lat' dir='ltr'>vel</span> <span class='ocrx_word' id='word_1_163' title='bbox 1674 3003 1736 3073; x_wconf 93' lang='lat' dir='ltr'>po-</span> 
     </span>
     <span class='ocr_line' id='line_1_18' title="bbox 185 3095 1735 3189; baseline 0.004 -22"><span class='ocrx_word' id='word_1_164' title='bbox 185 3095 255 3167; x_wconf 90' lang='lat' dir='ltr'>tius</span> <span class='ocrx_word' id='word_1_165' title='bbox 282 3095 572 3167; x_wconf 88' lang='lat' dir='ltr'>abominationem</span> <span class='ocrx_word' id='word_1_166' title='bbox 591 3098 715 3187; x_wconf 90' lang='lat' dir='ltr'>nescio,</span> <span class='ocrx_word' id='word_1_167' title='bbox 743 3098 835 3188; x_wconf 88' lang='lat' dir='ltr'>quod</span> <span class='ocrx_word' id='word_1_168' title='bbox 854 3099 974 3188; x_wconf 92' lang='lat' dir='ltr'>scelus,</span> <span class='ocrx_word' id='word_1_169' title='bbox 1003 3117 1090 3187; x_wconf 89' lang='lat' dir='ltr'>quae</span> <span class='ocrx_word' id='word_1_170' title='bbox 1108 3098 1283 3189; x_wconf 88' lang='lat' dir='ltr'>iniquitas,</span> <span class='ocrx_word' id='word_1_171' title='bbox 1310 3100 1387 3189; x_wconf 90' lang='lat' dir='ltr'>quis</span> <span class='ocrx_word' id='word_1_172' title='bbox 1410 3101 1538 3173; x_wconf 91' lang='lat' dir='ltr'>abusus</span> <span class='ocrx_word' id='word_1_173' title='bbox 1557 3101 1735 3173; x_wconf 92' lang='lat' dir='ltr'>bominum</span> 
     </span>
     <span class='ocr_line' id='line_1_19' title="bbox 185 3217 1735 3311; baseline 0.004 -24"><span class='ocrx_word' id='word_1_174' title='bbox 185 3238 249 3307; x_wconf 90' lang='lat' dir='ltr'>per</span> <span class='ocrx_word' id='word_1_175' title='bbox 275 3217 467 3309; x_wconf 83' lang='lat' dir='ltr'>neglectum</span> <span class='ocrx_word' id='word_1_176' title='bbox 495 3224 531 3289; x_wconf 92' lang='lat' dir='ltr'>et</span> <span class='ocrx_word' id='word_1_177' title='bbox 558 3219 780 3291; x_wconf 88' lang='lat' dir='ltr'>tolerantiam</span> <span class='ocrx_word' id='word_1_178' title='bbox 807 3219 1020 3307; x_wconf 84' lang='lat' dir='ltr'>introduxit;</span> <span class='ocrx_word' id='word_1_179' title='bbox 1055 3241 1167 3310; x_wconf 89' lang='lat' dir='ltr'>neque</span> <span class='ocrx_word' id='word_1_180' title='bbox 1194 3219 1284 3291; x_wconf 90' lang='lat' dir='ltr'>enim</span> <span class='ocrx_word' id='word_1_181' title='bbox 1313 3220 1500 3291; x_wconf 89' lang='lat' dir='ltr'>verisimile</span> <span class='ocrx_word' id='word_1_182' title='bbox 1527 3228 1598 3311; x_wconf 88' lang='lat' dir='ltr'>est,</span> <span class='ocrx_word' id='word_1_183' title='bbox 1625 3227 1666 3293; x_wconf 89' lang='lat' dir='ltr'>ut</span> <span class='ocrx_word' id='word_1_184' title='bbox 1692 3223 1735 3293; x_wconf 90' lang='lat' dir='ltr'>ad</span> 
     </span>
     <span class='ocr_line' id='line_1_20' title="bbox 186 3337 1735 3430; baseline 0.002 -21"><span class='ocrx_word' id='word_1_185' title='bbox 186 3337 395 3409; x_wconf 88' lang='lat' dir='ltr'>cantandum</span> <span class='ocrx_word' id='word_1_186' title='bbox 421 3358 525 3409; x_wconf 91' lang='lat' dir='ltr'>unam</span> <span class='ocrx_word' id='word_1_187' title='bbox 551 3340 701 3429; x_wconf 88' lang='lat' dir='ltr'>missam,</span> <span class='ocrx_word' id='word_1_188' title='bbox 728 3346 828 3411; x_wconf 88' lang='lat' dir='ltr'>tanta</span> <span class='ocrx_word' id='word_1_189' title='bbox 853 3340 1098 3430; x_wconf 88' lang='lat' dir='ltr'>praepositura</span> <span class='ocrx_word' id='word_1_190' title='bbox 1124 3346 1197 3411; x_wconf 90' lang='lat' dir='ltr'>tam</span> <span class='ocrx_word' id='word_1_191' title='bbox 1223 3345 1396 3429; x_wconf 89' lang='lat' dir='ltr'>ventrosa,</span> <span class='ocrx_word' id='word_1_192' title='bbox 1424 3346 1496 3411; x_wconf 91' lang='lat' dir='ltr'>tam</span> <span class='ocrx_word' id='word_1_193' title='bbox 1523 3342 1670 3412; x_wconf 89' lang='lat' dir='ltr'>celebris</span> <span class='ocrx_word' id='word_1_194' title='bbox 1698 3348 1735 3413; x_wconf 92' lang='lat' dir='ltr'>et</span> 
     </span>
     <span class='ocr_line' id='line_1_21' title="bbox 184 3459 1735 3551; baseline 0.001 -23"><span class='ocrx_word' id='word_1_195' title='bbox 184 3459 340 3549; x_wconf 85' lang='lat' dir='ltr'>iusignia,</span> <span class='ocrx_word' id='word_1_196' title='bbox 368 3463 515 3549; x_wconf 89' lang='lat' dir='ltr'>quatuor</span> <span class='ocrx_word' id='word_1_197' title='bbox 541 3459 644 3550; x_wconf 86' lang='lat' dir='ltr'>villis,</span> <span class='ocrx_word' id='word_1_198' title='bbox 669 3459 822 3551; x_wconf 92' lang='lat' dir='ltr'>praediis</span> <span class='ocrx_word' id='word_1_199' title='bbox 849 3465 885 3531; x_wconf 89' lang='lat' dir='ltr'>et</span> <span class='ocrx_word' id='word_1_200' title='bbox 903 3460 1042 3531; x_wconf 86' lang='lat' dir='ltr'>decimis</span> <span class='ocrx_word' id='word_1_201' title='bbox 1071 3460 1192 3531; x_wconf 88' lang='lat' dir='ltr'>dotata</span> <span class='ocrx_word' id='word_1_202' title='bbox 1210 3464 1246 3530; x_wconf 92' lang='lat' dir='ltr'>et</span> <span class='ocrx_word' id='word_1_203' title='bbox 1264 3459 1480 3531; x_wconf 81' lang='lat' dir='ltr'>omnifariam</span> <span class='ocrx_word' id='word_1_204' title='bbox 1495 3482 1623 3550; x_wconf 81' lang='lat' dir='ltr'>crassa3</span> <span class='ocrx_word' id='word_1_205' title='bbox 1651 3462 1735 3532; x_wconf 90' lang='lat' dir='ltr'>item</span> 
     </span>
     <span class='ocr_line' id='line_1_22' title="bbox 186 3578 1734 3671; baseline 0 -19"><span class='ocrx_word' id='word_1_206' title='bbox 186 3586 222 3653; x_wconf 88' lang='lat' dir='ltr'>et</span> <span class='ocrx_word' id='word_1_207' title='bbox 249 3580 509 3652; x_wconf 78' lang='lat' dir='ltr'>custodiarum</span> <span class='ocrx_word' id='word_1_208' title='bbox 537 3580 649 3652; x_wconf 89' lang='lat' dir='ltr'>tribus</span> <span class='ocrx_word' id='word_1_209' title='bbox 676 3580 883 3671; x_wconf 88' lang='lat' dir='ltr'>praebendis</span> <span class='ocrx_word' id='word_1_210' title='bbox 910 3587 946 3652; x_wconf 92' lang='lat' dir='ltr'>et</span> <span class='ocrx_word' id='word_1_211' title='bbox 973 3580 1188 3670; x_wconf 89' lang='lat' dir='ltr'>clericatura,</span> <span class='ocrx_word' id='word_1_212' title='bbox 1214 3578 1339 3651; x_wconf 81' lang='lat' dir='ltr'>fundos</span> <span class='ocrx_word' id='word_1_213' title='bbox 1366 3586 1402 3651; x_wconf 89' lang='lat' dir='ltr'>et</span> <span class='ocrx_word' id='word_1_214' title='bbox 1429 3582 1577 3652; x_wconf 89' lang='lat' dir='ltr'>decimas</span> <span class='ocrx_word' id='word_1_215' title='bbox 1603 3582 1734 3653; x_wconf 90' lang='lat' dir='ltr'>haben-</span> 
     </span>
     <span class='ocr_line' id='line_1_23' title="bbox 182 3694 1735 3792; baseline 0.001 -20"><span class='ocrx_word' id='word_1_216' title='bbox 182 3694 297 3792; x_wconf 85' lang='lat' dir='ltr'>¹tibus,</span> <span class='ocrx_word' id='word_1_217' title='bbox 333 3700 534 3774; x_wconf 92' lang='lat' dir='ltr'>debuissent</span> <span class='ocrx_word' id='word_1_218' title='bbox 558 3700 714 3792; x_wconf 87' lang='lat' dir='ltr'>fundari,</span> <span class='ocrx_word' id='word_1_219' title='bbox 742 3707 778 3773; x_wconf 92' lang='lat' dir='ltr'>et</span> <span class='ocrx_word' id='word_1_220' title='bbox 803 3707 859 3772; x_wconf 86' lang='lat' dir='ltr'>tot</span> <span class='ocrx_word' id='word_1_221' title='bbox 885 3701 1123 3773; x_wconf 91' lang='lat' dir='ltr'>sacerdotibus</span> <span class='ocrx_word' id='word_1_222' title='bbox 1151 3705 1186 3771; x_wconf 90' lang='lat' dir='ltr'>et</span> <span class='ocrx_word' id='word_1_223' title='bbox 1211 3700 1380 3772; x_wconf 91' lang='lat' dir='ltr'>ministris</span> <span class='ocrx_word' id='word_1_224' title='bbox 1407 3701 1472 3771; x_wconf 85' lang='lat' dir='ltr'>Dei</span> <span class='ocrx_word' id='word_1_225' title='bbox 1499 3702 1639 3773; x_wconf 91' lang='lat' dir='ltr'>nonnisi</span> <span class='ocrx_word' id='word_1_226' title='bbox 1664 3723 1735 3773; x_wconf 88' lang='lat' dir='ltr'>una</span> 
     </span>
     <span class='ocr_line' id='line_1_24' title="bbox 185 3820 1734 3914; baseline -0.001 -20"><span class='ocrx_word' id='word_1_227' title='bbox 185 3823 291 3895; x_wconf 87' lang='lat' dir='ltr'>missa</span> <span class='ocrx_word' id='word_1_228' title='bbox 317 3842 445 3893; x_wconf 87' lang='lat' dir='ltr'>canora</span> <span class='ocrx_word' id='word_1_229' title='bbox 467 3828 504 3894; x_wconf 87' lang='lat' dir='ltr'>et</span> <span class='ocrx_word' id='word_1_230' title='bbox 522 3823 655 3914; x_wconf 88' lang='lat' dir='ltr'>aliquot</span> <span class='ocrx_word' id='word_1_231' title='bbox 679 3823 791 3894; x_wconf 87' lang='lat' dir='ltr'>lectae</span> <span class='ocrx_word' id='word_1_232' title='bbox 809 3823 845 3894; x_wconf 90' lang='lat' dir='ltr'>in</span> <span class='ocrx_word' id='word_1_233' title='bbox 864 3822 921 3893; x_wconf 87' lang='lat' dir='ltr'>die</span> <span class='ocrx_word' id='word_1_234' title='bbox 938 3820 1028 3893; x_wconf 82' lang='lat' dir='ltr'>festo</span> <span class='ocrx_word' id='word_1_235' title='bbox 1055 3843 1118 3912; x_wconf 93' lang='lat' dir='ltr'>pro</span> <span class='ocrx_word' id='word_1_236' title='bbox 1146 3841 1251 3893; x_wconf 91' lang='lat' dir='ltr'>onere</span> <span class='ocrx_word' id='word_1_237' title='bbox 1278 3825 1333 3892; x_wconf 93' lang='lat' dir='ltr'>tot</span> <span class='ocrx_word' id='word_1_238' title='bbox 1360 3821 1564 3892; x_wconf 89' lang='lat' dir='ltr'>introituum</span> <span class='ocrx_word' id='word_1_239' title='bbox 1593 3822 1734 3912; x_wconf 89' lang='lat' dir='ltr'>imponi;</span> 
     </span>
     <span class='ocr_line' id='line_1_25' title="bbox 185 3940 1734 4036; baseline -0.001 -20"><span class='ocrx_word' id='word_1_240' title='bbox 185 3945 288 4016; x_wconf 92' lang='lat' dir='ltr'>aliam</span> <span class='ocrx_word' id='word_1_241' title='bbox 316 3965 401 4025; x_wconf 68' lang='lat' dir='ltr'>reor,</span> <span class='ocrx_word' id='word_1_242' title='bbox 420 3944 554 4035; x_wconf 89' lang='lat' dir='ltr'>primus</span> <span class='ocrx_word' id='word_1_243' title='bbox 580 3943 740 4015; x_wconf 88' lang='lat' dir='ltr'>conditor</span> <span class='ocrx_word' id='word_1_244' title='bbox 766 3949 802 4015; x_wconf 88' lang='lat' dir='ltr'>et</span> <span class='ocrx_word' id='word_1_245' title='bbox 827 3940 991 4015; x_wconf 85' lang='lat' dir='ltr'>fundator</span> <span class='ocrx_word' id='word_1_246' title='bbox 1022 3942 1188 4036; x_wconf 89' lang='lat' dir='ltr'>praefatis</span> <span class='ocrx_word' id='word_1_247' title='bbox 1216 3942 1392 4032; x_wconf 88' lang='lat' dir='ltr'>praelatis,</span> <span class='ocrx_word' id='word_1_248' title='bbox 1412 3943 1593 4017; x_wconf 79' lang='lat' dir='ltr'>canonicis</span> <span class='ocrx_word' id='word_1_249' title='bbox 1612 3949 1648 4013; x_wconf 89' lang='lat' dir='ltr'>et</span> <span class='ocrx_word' id='word_1_250' title='bbox 1666 3943 1734 4014; x_wconf 91' lang='lat' dir='ltr'>cle·</span> 
     </span>
     <span class='ocr_line' id='line_1_26' title="bbox 185 4063 1731 4155; baseline -0.002 -17"><span class='ocrx_word' id='word_1_251' title='bbox 185 4067 258 4138; x_wconf 91' lang='lat' dir='ltr'>rico</span> <span class='ocrx_word' id='word_1_252' title='bbox 285 4065 450 4137; x_wconf 87' lang='lat' dir='ltr'>ecclesiae</span> <span class='ocrx_word' id='word_1_253' title='bbox 477 4064 509 4136; x_wconf 88' lang='lat' dir='ltr'>S.</span> <span class='ocrx_word' id='word_1_254' title='bbox 529 4065 680 4136; x_wconf 85' lang='lat' dir='ltr'>Michael</span> <span class='ocrx_word' id='word_1_255' title='bbox 707 4065 818 4155; x_wconf 88' lang='lat' dir='ltr'>legem</span> <span class='ocrx_word' id='word_1_256' title='bbox 846 4069 1028 4155; x_wconf 86' lang='lat' dir='ltr'>statuerat,</span> <span class='ocrx_word' id='word_1_257' title='bbox 1056 4063 1151 4135; x_wconf 87' lang='lat' dir='ltr'>aliud</span> <span class='ocrx_word' id='word_1_258' title='bbox 1177 4084 1264 4135; x_wconf 93' lang='lat' dir='ltr'>onus</span> <span class='ocrx_word' id='word_1_259' title='bbox 1292 4063 1539 4154; x_wconf 84' lang='lat' dir='ltr'>explendarum</span> <span class='ocrx_word' id='word_1_260' title='bbox 1566 4064 1731 4136; x_wconf 88' lang='lat' dir='ltr'>horarum</span> 
     </span>
     <span class='ocr_line' id='line_1_27' title="bbox 186 4184 1733 4275; baseline -0.004 -15"><span class='ocrx_word' id='word_1_261' title='bbox 186 4187 428 4260; x_wconf 88' lang='lat' dir='ltr'>canonicarum</span> <span class='ocrx_word' id='word_1_262' title='bbox 454 4192 490 4259; x_wconf 90' lang='lat' dir='ltr'>ct</span> <span class='ocrx_word' id='word_1_263' title='bbox 517 4186 712 4258; x_wconf 81' lang='lat' dir='ltr'>divinarum</span> <span class='ocrx_word' id='word_1_264' title='bbox 747 4207 865 4258; x_wconf 88' lang='lat' dir='ltr'>rerum</span> <span class='ocrx_word' id='word_1_265' title='bbox 901 4206 988 4258; x_wconf 89' lang='lat' dir='ltr'>onus</span> <span class='ocrx_word' id='word_1_266' title='bbox 1016 4185 1228 4275; x_wconf 85' lang='lat' dir='ltr'>sanciverat,</span> <span class='ocrx_word' id='word_1_267' title='bbox 1265 4184 1370 4255; x_wconf 90' lang='lat' dir='ltr'>alium</span> <span class='ocrx_word' id='word_1_268' title='bbox 1398 4184 1571 4274; x_wconf 84' lang='lat' dir='ltr'>ordinem,</span> <span class='ocrx_word' id='word_1_269' title='bbox 1607 4184 1733 4255; x_wconf 91' lang='lat' dir='ltr'>seriem</span> 
     </span>
     <span class='ocr_line' id='line_1_28' title="bbox 185 4303 1733 4400; baseline -0.005 -19"><span class='ocrx_word' id='word_1_270' title='bbox 185 4314 221 4381; x_wconf 88' lang='lat' dir='ltr'>et</span> <span class='ocrx_word' id='word_1_271' title='bbox 247 4329 467 4400; x_wconf 83' lang='lat' dir='ltr'>progressum</span> <span class='ocrx_word' id='word_1_272' title='bbox 494 4312 677 4398; x_wconf 88' lang='lat' dir='ltr'>posuerat,</span> <span class='ocrx_word' id='word_1_273' title='bbox 713 4326 824 4398; x_wconf 90' lang='lat' dir='ltr'>neque</span> <span class='ocrx_word' id='word_1_274' title='bbox 852 4306 944 4377; x_wconf 91' lang='lat' dir='ltr'>enim</span> <span class='ocrx_word' id='word_1_275' title='bbox 971 4305 1152 4377; x_wconf 90' lang='lat' dir='ltr'>canonicos</span> <span class='ocrx_word' id='word_1_276' title='bbox 1179 4305 1258 4376; x_wconf 91' lang='lat' dir='ltr'>illos</span> <span class='ocrx_word' id='word_1_277' title='bbox 1285 4304 1506 4395; x_wconf 86' lang='lat' dir='ltr'>appellasset,</span> <span class='ocrx_word' id='word_1_278' title='bbox 1532 4303 1601 4374; x_wconf 89' lang='lat' dir='ltr'>nisi</span> <span class='ocrx_word' id='word_1_279' title='bbox 1627 4303 1733 4374; x_wconf 88' lang='lat' dir='ltr'>horas</span> 
     </span>
     <span class='ocr_line' id='line_1_29' title="bbox 180 4423 1733 4517; baseline -0.006 -15"><span class='ocrx_word' id='word_1_280' title='bbox 180 4430 367 4503; x_wconf 87' lang='lat' dir='ltr'>canonicas</span> <span class='ocrx_word' id='word_1_281' title='bbox 394 4429 537 4500; x_wconf 90' lang='lat' dir='ltr'>diurnas</span> <span class='ocrx_word' id='word_1_282' title='bbox 556 4434 592 4500; x_wconf 87' lang='lat' dir='ltr'>et</span> <span class='ocrx_word' id='word_1_283' title='bbox 609 4433 798 4500; x_wconf 86' lang='lat' dir='ltr'>nocturnas</span> <span class='ocrx_word' id='word_1_284' title='bbox 825 4429 904 4500; x_wconf 91' lang='lat' dir='ltr'>illos</span> <span class='ocrx_word' id='word_1_285' title='bbox 931 4448 1008 4499; x_wconf 91' lang='lat' dir='ltr'>cnm</span> <span class='ocrx_word' id='word_1_286' title='bbox 1034 4426 1200 4517; x_wconf 90' lang='lat' dir='ltr'>praelatis</span> <span class='ocrx_word' id='word_1_287' title='bbox 1220 4425 1400 4497; x_wconf 76' lang='lat' dir='ltr'>cholerico</span> <span class='ocrx_word' id='word_1_288' title='bbox 1427 4424 1627 4515; x_wconf 86' lang='lat' dir='ltr'>expleturos</span> <span class='ocrx_word' id='word_1_289' title='bbox 1646 4423 1733 4495; x_wconf 91' lang='lat' dir='ltr'>obli-</span> 
     </span>
     <span class='ocr_line' id='line_1_30' title="bbox 184 4543 1735 4643; baseline -0.006 -19"><span class='ocrx_word' id='word_1_290' title='bbox 184 4552 325 4643; x_wconf 84' lang='lat' dir='ltr'>gatione</span> <span class='ocrx_word' id='word_1_291' title='bbox 352 4555 521 4642; x_wconf 90' lang='lat' dir='ltr'>perpetua</span> <span class='ocrx_word' id='word_1_292' title='bbox 546 4550 729 4622; x_wconf 88' lang='lat' dir='ltr'>sanxisset.</span> <span class='ocrx_word' id='word_1_293' title='bbox 766 4549 834 4621; x_wconf 88' lang='lat' dir='ltr'>Sed</span> <span class='ocrx_word' id='word_1_294' title='bbox 860 4549 946 4620; x_wconf 88' lang='lat' dir='ltr'>haec</span> <span class='ocrx_word' id='word_1_295' title='bbox 973 4549 1089 4620; x_wconf 88' lang='lat' dir='ltr'>omnia</span> <span class='ocrx_word' id='word_1_296' title='bbox 1114 4545 1317 4637; x_wconf 88' lang='lat' dir='ltr'>pontificum</span> <span class='ocrx_word' id='word_1_297' title='bbox 1344 4543 1625 4617; x_wconf 71' lang='lat' dir='ltr'>cracoviensium</span> <span class='ocrx_word' id='word_1_298' title='bbox 1652 4564 1735 4634; x_wconf 87' lang='lat' dir='ltr'>neg-</span> 
     </span>
     <span class='ocr_line' id='line_1_31' title="bbox 184 4656 1734 4763; baseline -0.006 -19"><span class='ocrx_word' id='word_1_299' title='bbox 184 4674 277 4746; x_wconf 88' lang='lat' dir='ltr'>lectu</span> <span class='ocrx_word' id='word_1_300' title='bbox 303 4672 399 4745; x_wconf 86' lang='lat' dir='ltr'>fuere</span> <span class='ocrx_word' id='word_1_301' title='bbox 426 4694 448 4743; x_wconf 91' lang='lat' dir='ltr'>a</span> <span class='ocrx_word' id='word_1_302' title='bbox 474 4672 649 4763; x_wconf 87' lang='lat' dir='ltr'>praelatis,</span> <span class='ocrx_word' id='word_1_303' title='bbox 676 4656 851 4743; x_wconf 85' lang='lat' dir='ltr'>canonicis</span> <span class='ocrx_word' id='word_1_304' title='bbox 878 4674 914 4740; x_wconf 90' lang='lat' dir='ltr'>et</span> <span class='ocrx_word' id='word_1_305' title='bbox 941 4668 1065 4740; x_wconf 88' lang='lat' dir='ltr'>clerico</span> <span class='ocrx_word' id='word_1_306' title='bbox 1094 4667 1269 4760; x_wconf 86' lang='lat' dir='ltr'>praefatae</span> <span class='ocrx_word' id='word_1_307' title='bbox 1297 4666 1463 4738; x_wconf 87' lang='lat' dir='ltr'>ccclesiae</span> <span class='ocrx_word' id='word_1_308' title='bbox 1490 4664 1523 4737; x_wconf 86' lang='lat' dir='ltr'>S.</span> <span class='ocrx_word' id='word_1_309' title='bbox 1541 4664 1734 4755; x_wconf 88' lang='lat' dir='ltr'>Michaelis,</span> 
     </span>
     <span class='ocr_line' id='line_1_32' title="bbox 184 4786 1735 4881; baseline -0.006 -16"><span class='ocrx_word' id='word_1_310' title='bbox 184 4795 299 4867; x_wconf 89' lang='lat' dir='ltr'>lanam</span> <span class='ocrx_word' id='word_1_311' title='bbox 325 4792 562 4865; x_wconf 89' lang='lat' dir='ltr'>tantummodo</span> <span class='ocrx_word' id='word_1_312' title='bbox 590 4791 656 4863; x_wconf 92' lang='lat' dir='ltr'>sibi</span> <span class='ocrx_word' id='word_1_313' title='bbox 683 4791 950 4881; x_wconf 85' lang='lat' dir='ltr'>vendicantium,</span> <span class='ocrx_word' id='word_1_314' title='bbox 978 4794 1014 4862; x_wconf 91' lang='lat' dir='ltr'>et</span> <span class='ocrx_word' id='word_1_315' title='bbox 1042 4811 1129 4861; x_wconf 90' lang='lat' dir='ltr'>onus</span> <span class='ocrx_word' id='word_1_316' title='bbox 1156 4789 1223 4862; x_wconf 92' lang='lat' dir='ltr'>sibi</span> <span class='ocrx_word' id='word_1_317' title='bbox 1248 4788 1448 4879; x_wconf 89' lang='lat' dir='ltr'>impositum</span> <span class='ocrx_word' id='word_1_318' title='bbox 1474 4786 1735 4876; x_wconf 82' lang='lat' dir='ltr'>fastidientium,</span> 
     </span>
     <span class='ocr_line' id='line_1_33' title="bbox 186 4906 1736 5005; baseline -0.007 -18"><span class='ocrx_word' id='word_1_319' title='bbox 186 4915 350 4987; x_wconf 90' lang='lat' dir='ltr'>diuturna</span> <span class='ocrx_word' id='word_1_320' title='bbox 376 4914 589 5005; x_wconf 85' lang='lat' dir='ltr'>negligentia</span> <span class='ocrx_word' id='word_1_321' title='bbox 606 4912 737 4985; x_wconf 88' lang='lat' dir='ltr'>abolita</span> <span class='ocrx_word' id='word_1_322' title='bbox 754 4918 791 4984; x_wconf 81' lang='lat' dir='ltr'>et</span> <span class='ocrx_word' id='word_1_323' title='bbox 808 4931 1003 5003; x_wconf 88' lang='lat' dir='ltr'>suppressa.</span> <span class='ocrx_word' id='word_1_324' title='bbox 1029 4909 1067 4982; x_wconf 90' lang='lat' dir='ltr'>Si</span> <span class='ocrx_word' id='word_1_325' title='bbox 1084 4931 1173 5001; x_wconf 90' lang='lat' dir='ltr'>quae</span> <span class='ocrx_word' id='word_1_326' title='bbox 1200 4915 1314 4982; x_wconf 90' lang='lat' dir='ltr'>autem</span> <span class='ocrx_word' id='word_1_327' title='bbox 1341 4908 1538 4980; x_wconf 90' lang='lat' dir='ltr'>huiusmodi</span> <span class='ocrx_word' id='word_1_328' title='bbox 1563 4906 1736 4978; x_wconf 85' lang='lat' dir='ltr'>hundatio·</span> 
     </span>
     <span class='ocr_line' id='line_1_34' title="bbox 185 5028 1734 5126; baseline -0.008 -18"><span class='ocrx_word' id='word_1_329' title='bbox 185 5037 239 5109; x_wconf 92' lang='lat' dir='ltr'>nis</span> <span class='ocrx_word' id='word_1_330' title='bbox 264 5033 361 5106; x_wconf 87' lang='lat' dir='ltr'>fuere</span> <span class='ocrx_word' id='word_1_331' title='bbox 379 5034 570 5126; x_wconf 87' lang='lat' dir='ltr'>privilegia,</span> <span class='ocrx_word' id='word_1_332' title='bbox 597 5055 639 5104; x_wconf 87' lang='lat' dir='ltr'>ea</span> <span class='ocrx_word' id='word_1_333' title='bbox 656 5055 719 5124; x_wconf 93' lang='lat' dir='ltr'>per</span> <span class='ocrx_word' id='word_1_334' title='bbox 737 5033 936 5124; x_wconf 84' lang='lat' dir='ltr'>frequentes</span> <span class='ocrx_word' id='word_1_335' title='bbox 954 5033 1053 5124; x_wconf 85' lang='lat' dir='ltr'>ignes</span> <span class='ocrx_word' id='word_1_336' title='bbox 1071 5037 1107 5103; x_wconf 90' lang='lat' dir='ltr'>et</span> <span class='ocrx_word' id='word_1_337' title='bbox 1124 5031 1293 5120; x_wconf 88' lang='lat' dir='ltr'>incendia,</span> <span class='ocrx_word' id='word_1_338' title='bbox 1321 5031 1379 5121; x_wconf 91' lang='lat' dir='ltr'>qui</span> <span class='ocrx_word' id='word_1_339' title='bbox 1397 5029 1561 5100; x_wconf 91' lang='lat' dir='ltr'>Poloniae</span> <span class='ocrx_word' id='word_1_340' title='bbox 1588 5028 1734 5117; x_wconf 86' lang='lat' dir='ltr'>regnum</span> 
     </span>
     <span class='ocr_line' id='line_1_35' title="bbox 185 5150 1735 5248; baseline -0.006 -20"><span class='ocrx_word' id='word_1_341' title='bbox 185 5153 323 5229; x_wconf 87' lang='lat' dir='ltr'>assidue</span> <span class='ocrx_word' id='word_1_342' title='bbox 350 5161 494 5248; x_wconf 90' lang='lat' dir='ltr'>propter</span> <span class='ocrx_word' id='word_1_343' title='bbox 519 5154 720 5228; x_wconf 87' lang='lat' dir='ltr'>habitacula</span> <span class='ocrx_word' id='word_1_344' title='bbox 746 5154 865 5227; x_wconf 88' lang='lat' dir='ltr'>divina</span> <span class='ocrx_word' id='word_1_345' title='bbox 891 5159 926 5226; x_wconf 87' lang='lat' dir='ltr'>et</span> <span class='ocrx_word' id='word_1_346' title='bbox 952 5155 1103 5226; x_wconf 85' lang='lat' dir='ltr'>humana</span> <span class='ocrx_word' id='word_1_347' title='bbox 1137 5153 1254 5242; x_wconf 91' lang='lat' dir='ltr'>lignea</span> <span class='ocrx_word' id='word_1_348' title='bbox 1280 5150 1467 5240; x_wconf 82' lang='lat' dir='ltr'>devorant,</span> <span class='ocrx_word' id='word_1_349' title='bbox 1508 5152 1629 5220; x_wconf 84' lang='lat' dir='ltr'>extant</span> <span class='ocrx_word' id='word_1_350' title='bbox 1654 5168 1735 5219; x_wconf 84' lang='lat' dir='ltr'>con·</span> 
     </span>
     <span class='ocr_line' id='line_1_36' title="bbox 184 5267 1733 5369; baseline -0.006 -19"><span class='ocrx_word' id='word_1_351' title='bbox 184 5283 332 5369; x_wconf 87' lang='lat' dir='ltr'>sumpta.</span> <span class='ocrx_word' id='word_1_352' title='bbox 359 5276 527 5367; x_wconf 79' lang='lat' dir='ltr'>Quoniam</span> <span class='ocrx_word' id='word_1_353' title='bbox 554 5283 591 5349; x_wconf 89' lang='lat' dir='ltr'>et</span> <span class='ocrx_word' id='word_1_354' title='bbox 617 5278 692 5367; x_wconf 88' lang='lat' dir='ltr'>ipsa</span> <span class='ocrx_word' id='word_1_355' title='bbox 719 5275 864 5348; x_wconf 89' lang='lat' dir='ltr'>ecclesia</span> <span class='ocrx_word' id='word_1_356' title='bbox 890 5275 922 5347; x_wconf 91' lang='lat' dir='ltr'>S.</span> <span class='ocrx_word' id='word_1_357' title='bbox 941 5273 1124 5347; x_wconf 88' lang='lat' dir='ltr'>Michaelis</span> <span class='ocrx_word' id='word_1_358' title='bbox 1151 5271 1271 5344; x_wconf 91' lang='lat' dir='ltr'>multis</span> <span class='ocrx_word' id='word_1_359' title='bbox 1299 5270 1452 5343; x_wconf 89' lang='lat' dir='ltr'>centenis</span> <span class='ocrx_word' id='word_1_360' title='bbox 1480 5291 1649 5341; x_wconf 90' lang='lat' dir='ltr'>annorum</span> <span class='ocrx_word' id='word_1_361' title='bbox 1667 5267 1733 5340; x_wconf 78' lang='lat' dir='ltr'>aut</span> 
     </span>
    </p>
   </div>
   <div class='ocr_carea' id='block_1_7' title="bbox 186 5393 1735 5507">
    <p class='ocr_par' dir='ltr' id='par_1_7' title="bbox 186 5393 1735 5507">
     <span class='ocr_line' id='line_1_37' title="bbox 186 5393 1735 5507; baseline -0.003 -37"><span class='ocrx_word' id='word_1_362' title='bbox 186 5398 312 5505; x_wconf 79' lang='lat' dir='ltr'>lignea,</span> <span class='ocrx_word' id='word_1_363' title='bbox 339 5398 400 5471; x_wconf 87' lang='lat' dir='ltr'>sed</span> <span class='ocrx_word' id='word_1_364' title='bbox 428 5397 686 5490; x_wconf 73' lang='lat' dir='ltr'>casimirus</span> <span class='ocrx_word' id='word_1_365' title='bbox 713 5396 951 5487; x_wconf 81' lang='lat' dir='ltr'>Secundus</span> <span class='ocrx_word' id='word_1_366' title='bbox 978 5394 1143 5493; x_wconf 86' lang='lat' dir='ltr'>Poloniae</span> <span class='ocrx_word' id='word_1_367' title='bbox 1169 5414 1250 5507; x_wconf 66' lang='lat' dir='ltr'>rep,</span> <span class='ocrx_word' id='word_1_368' title='bbox 1272 5393 1336 5506; x_wconf 72' lang='lat' dir='ltr'>qui</span> <span class='ocrx_word' id='word_1_369' title='bbox 1363 5393 1561 5466; x_wconf 86' lang='lat' dir='ltr'>universum</span> <span class='ocrx_word' id='word_1_370' title='bbox 1588 5412 1735 5502; x_wconf 74' lang='lat' dir='ltr'>regnum</span> 
     </span>
    </p>
   </div>
   <div class='ocr_carea' id='block_1_8' title="bbox 0 0 2030 6054">
    <p class='ocr_par' dir='ltr' id='par_1_8' title="bbox 0 0 2030 6054">
     <span class='ocr_line' id='line_1_38' title="bbox 0 0 2030 6054; baseline 0 0"><span class='ocrx_word' id='word_1_371' title='bbox 0 0 2030 6054; x_wconf 95' lang='lat' dir='ltr'> </span> 
     </span>
    </p>
   </div>
  </div>
 </body>
</html>
