4050 6054
1702 472 1779 544 439

227 666 492 759 praepositurae
517 666 732 760 Kelozieusi,
759 672 841 741 item
868 671 1085 771 hortulaniae
1113 672 1201 743 duae
1228 673 1397 745 habentes
1426 694 1547 764 agros,
1585 676 1628 747 de
1655 678 1781 766 quibus

227 787 376 861 solvitur
401 786 541 861 decima
559 790 783 881 manipularis
801 793 1062 881 praepositurae
1089 791 1298 884 Kelozieusi,
1325 795 1408 865 item
1434 794 1613 884 praedium
1639 797 1689 868 ibi
1705 798 1782 868 uni-

227 926 307 981 cum
332 908 541 1000 coenobiale,
568 909 611 981 de
629 910 726 981 ouius
753 911 847 1000 agris
874 911 1023 983 solvitur
1048 913 1154 983 etiam
1180 912 1312 984 decima
1337 914 1563 1004 manipularis
1589 936 1653 1005 pro
1680 936 1780 1006 prae-

227 1028 354 1121 posito,
380 1048 525 1120 eamque
550 1032 769 1121 praepositus
787 1030 999 1103 Kelozieusis
1025 1032 1175 1123 percipit
1201 1038 1237 1104 et
1261 1034 1296 1103 iu
1323 1034 1488 1105 horreum
1514 1055 1614 1106 suum
1640 1034 1780 1125 inducit,

228 1153 267 1220 et
290 1149 369 1240 agri
394 1149 591 1240 praediales
618 1150 663 1221 ad
680 1156 752 1223 tros
779 1150 898 1223 laneos
925 1152 1161 1224 aestimantur.

330 1268 540 1360 Buznszru,
574 1270 659 1342 villa
684 1271 749 1342 sub
767 1272 934 1368 parochia
951 1272 1115 1344 ecclesiae
1134 1272 1176 1344 de
1203 1271 1552 1346 Swathomarza
1578 1275 1664 1366 sita,
1692 1295 1779 1366 quae

227 1387 273 1461 ad
296 1390 548 1481 proprietatem
581 1396 619 1463 et
646 1389 834 1463 dominium
868 1393 1022 1484 episcopi
1057 1390 1296 1466 Gracovieusis
1331 1395 1502 1484 pertinet,
1538 1396 1574 1466 iu
1601 1416 1670 1485 qua
1696 1403 1779 1466 suut

230 1506 390 1606 undecim
416 1510 508 1583 lanei
534 1512 786 1603 cmethouaIes,
822 1514 907 1583 item
942 1518 997 1585 est
1016 1512 1091 1584 'una
1116 1512 1264 1584 taberna
1298 1512 1430 1585 habeus
1457 1534 1578 1604 agros,
1615 1515 1699 1586 item
1726 1523 1780 1586 est

226 1648 335 1711 mrum
359 1630 540 1720 praedium
566 1633 778 1722 episcopale,
804 1633 898 1704 iuter
924 1639 960 1704 et
987 1652 1125 1723 campos
1152 1631 1373 1723 distinctum,
1400 1655 1443 1705 ex
1471 1635 1595 1725 quibus
1622 1636 1780 1707 omuibus

227 1747 375 1823 solvitur
399 1750 621 1841 integraliter
646 1752 779 1824 decima
805 1752 1030 1843 manipularis
1055 1753 1251 1843 praeposito
1278 1752 1478 1845 Kieloieusi,
1517 1760 1555 1825 et
1570 1774 1635 1845 per
1651 1755 1781 1826 incolas

228 1867 380 1961 propriis
407 1870 566 1942 curribus
593 1871 730 1944 ducitur
756 1873 791 1943 in
817 1873 981 1944 horreum
1007 1873 1246 1961 apraepoaito
1273 1873 1469 1964 locandum,
1496 1879 1532 1945 et
1549 1874 1648 1946 valor
1674 1877 1779 1946 aesti-

229 1986 345 2062 matur
369 1989 445 2062 eius
471 1989 516 2060 ad
534 1991 795 2082 quatuordeeim
812 2011 955 2063 marcas.
997 1990 1086 2085 Item
1108 2012 1178 2063 uon
1196 1998 1277 2064 sunt
1295 1994 1344 2065 ibi
1361 1994 1590 2084 hortulaniae,
1608 1995 1691 2065 item
1708 2016 1778 2066 nou

228 2114 285 2181 eet
308 2109 552 2183 molendinum.
1567 2170 1570 2175 .

331 2227 591 2320 Janowrrur,
625 2230 710 2301 villa
744 2231 807 2302 sub
834 2232 1001 2322 parochia
1035 2231 1200 2303 ecclesiae
1227 2231 1270 2303 de
1297 2226 1673 2331 Ssswyathamarza
1699 2235 1775 2325 sita,

227 2347 326 2421 cuius
351 2350 547 2439 proprietas
573 2353 610 2421 et
628 2348 815 2421 dominium
842 2351 887 2422 ad
916 2352 1152 2442 praepositum
1178 2357 1215 2425 et
1236 2350 1364 2423 fratres
1390 2353 1594 2424 monasterii
1620 2353 1777 2425 Mleeho-

174 2510 185 2525 ι
227 2469 357 2543 riensis
382 2470 548 2560 pertinet,
584 2471 620 2539 iu
647 2489 716 2560 qua
742 2476 823 2542 suut
850 2476 983 2562 septem
1009 2471 1101 2543 lanei
1128 2470 1379 2561 emethonaleS,
1407 2471 1450 2543 de
1477 2472 1602 2562 quibus
1629 2472 1777 2545 solvitur

228 2586 365 2661 decium
389 2589 614 2680 manipularis
638 2597 675 2661 et
691 2611 755 2679 per
774 2597 920 2681 quatuor
937 2592 1076 2680 ierugas
1095 2591 1270 2681 canapalis
1292 2592 1554 2682 praepositurae
1572 2592 1777 2683 Kelozieusi,

228 2713 456 2818 ret-,tenentur
472 2730 549 2781 eam
575 2711 773 2783 emethoues
791 2711 943 2802 propriis
961 2710 1119 2782 curribus
1137 2709 1262 2781 ducere
1288 2711 1324 2781 in
1343 2711 1506 2783 horreum
1532 2732 1554 2782 a
1579 2713 1779 2802 praeposito

199 2928 202 2934 Ι
228 2827 430 2920 locandum,
456 2836 494 2903 et
510 2830 609 2902 valor
635 2832 709 2902 eius
735 2832 938 2902 aestimatur
965 2831 1009 2902 ad
1033 2836 1111 2901 octo
1138 2851 1282 2902 marcas.
1324 2830 1414 2903 Item
1440 2832 1606 2904 tabernae
1632 2837 1714 2904 suut
1731 2832 1780 2904 ibi

228 2945 319 3021 duae
345 2949 511 3022 habentes
539 2970 660 3040 agros,
687 2956 723 3023 et
741 2950 825 3021 dant
843 2951 1009 3022 decimam
1034 2950 1286 3040 manipularem
1303 2951 1566 3042 praepositurae
1583 2951 1780 3023 Kelozieusi

230 3067 266 3141 in
279 3064 504 3165 pouitltwom,
532 3071 614 3142 item
641 3071 860 3142 hortulaniae
888 3076 968 3141 suut
993 3071 1043 3141 ibi
1069 3070 1175 3141 etIam
1201 3071 1291 3142 duae
1317 3071 1486 3143 habentes
1512 3092 1630 3162 agros,
1658 3077 1694 3142 et
1712 3070 1780 3142 sol-

230 3195 317 3261 vunt
334 3188 502 3261 decimam
519 3192 768 3281 manipularem
786 3191 1048 3281 praepositurae
1066 3188 1294 3280 Kielcziensi3
1320 3192 1407 3261 item
1424 3191 1606 3282 praedium
1624 3196 1678 3262 est
1703 3191 1779 3262 uui·

230 3294 307 3381 cum
332 3310 369 3381 in
394 3308 552 3400 praedam
577 3311 661 3382 villa
692 3311 909 3401 coenobiale,
946 3310 989 3382 de
1015 3311 1111 3381 cuius
1138 3311 1233 3400 agris
1265 3310 1399 3381 decima
1424 3311 1649 3399 manipularis
1676 3311 1780 3382 etiam

230 3428 378 3503 mutor
402 3431 600 3521 praeposito
632 3430 838 3502 Kielczieusi
865 3437 902 3502 et
928 3431 964 3501 in
990 3451 1090 3503 suum
1116 3431 1280 3501 horreum
1306 3428 1489 3501 inducitur.
1532 3430 1623 3501 Item
1649 3431 1779 3502 molen-

230 3536 350 3623 dinum
376 3572 457 3633 uou-
472 3558 536 3622 est.

332 3670 568 3760 Damuaowo,
594 3671 678 3742 villa
704 3673 768 3744 sub
795 3672 960 3762 parochia
986 3671 1151 3742 ecclesiae
1177 3670 1220 3741 de
1247 3669 1439 3742 Paulow
1465 3670 1544 3759 sita,
1571 3670 1668 3741 cuius
1695 3670 1778 3742 hae-

231 3789 333 3863 redea
367 3812 431 3882 pro
468 3812 538 3863 uua
572 3797 672 3882 parte
699 3792 939 3863 Praudota
964 3791 1255 3881 Konyuszlry,
1281 3791 1407 3863 nobilis
1435 3789 1477 3861 de
1504 3790 1610 3860 armis
1636 3789 1778 3879 Baua,

229 3912 314 3983 item
330 3912 520 4003 proultera
537 3919 636 4002 parto
654 3912 809 4002 Raphael
829 3911 1132 4002 Ghlewysozy,
1150 3911 1277 3983 nobilis
1296 3910 1339 3982 de
1357 3910 1458 3982 domo
1477 3907 1778 4000 Odrowausch,

232 4031 268 4105 iu
288 4016 365 4124 'qua
398 4039 481 4103 suut
516 4031 632 4103 decem
664 4022 759 4104 ‘lanei
786 4033 1037 4121 emethonales,
1065 4032 1108 4103 de
1135 4031 1260 4124 quibus
1287 4032 1445 4103 omnibus
1471 4030 1617 4102 solvitur
1645 4031 1780 4102 decima

234 4152 459 4244 manipularis
485 4159 521 4223 et
547 4173 610 4243 per
638 4159 787 4243 quatuor
813 4154 951 4243 ierugas
979 4152 1154 4243 canapalis
1182 4157 1218 4223 et
1235 4172 1298 4241 per
1316 4151 1515 4222 cmethoues
1533 4151 1684 4241 propriis
1703 4172 1780 4222 eur-

231 4272 330 4345 ribus
364 4271 504 4344 ducitur
530 4274 564 4343 in
592 4275 756 4345 horreum
784 4295 806 4344 a
831 4274 1030 4364 praeposito
1057 4271 1257 4361 locandum,
1285 4277 1322 4343 et
1348 4271 1447 4343 valor
1474 4272 1547 4342 eius
1575 4272 1779 4342 aestimatur

232 4392 277 4465 ed
301 4392 420 4465 decem
446 4413 589 4465 marcas.
615 4394 702 4465 Item
729 4395 817 4466 duae
843 4394 1019 4482 tabernae,
1045 4393 1214 4464 hahentes
1241 4413 1355 4482 agroS,
1382 4392 1466 4463 item
1482 4391 1682 4463 hortulania
1699 4412 1778 4480 uua,

231 4512 364 4586 habeus
391 4533 504 4604 agros,
531 4519 567 4585 et
593 4513 636 4583 de
664 4515 822 4585 omuibus
841 4513 988 4584 solvitur
1005 4513 1137 4584 decima
1154 4513 1416 4603 praepositurae
1434 4511 1672 4602 Kieiczyeusi3
1696 4511 1778 4581 item

231 4633 376 4725 praedia
400 4633 574 4724 militaria,
602 4633 644 4705 de
672 4653 816 4724 quorum
843 4655 912 4705 uuo
940 4632 1101 4704 videlicet
1117 4631 1370 4704 Praudotae
1397 4631 1500 4703 datur
1520 4631 1652 4702 decima
1669 4630 1779 4701 maui-

174 4774 180 4788 '
233 4752 366 4845 palaris
401 4728 565 4826 ecclesiae
599 4753 791 4844 parochiali
826 4753 868 4824 de
900 4752 1259 4843 Schidlowyecz,
1291 4751 1333 4823 de
1368 4753 1478 4824 altero
1508 4772 1593 4823 voro
1619 4750 1780 4843 videlicet

232 4872 429 4965 Raphaelis,
456 4874 621 4945 ecclesiae
647 4872 837 4964 parochiali
864 4873 899 4943 iu
927 4872 1238 4962 Ohlewyszka.

344 4993 759 5084 Wrnnrnuouowrcza,
785 4993 870 5065 villa
904 4994 968 5065 sub
1003 4992 1169 5082 parochia
1194 4991 1357 5063 ecclesiae
1385 4991 1428 5063 de
1454 4989 1676 5062 Chibicze
1703 4990 1778 5081 sita,

232 5115 331 5189 cuius
363 5114 532 5186 haeredes
558 5115 751 5204 Jauussius,
786 5116 917 5185 habeus
954 5113 1132 5203 praedium
1164 5112 1313 5182 militare
1340 5116 1377 5181 et
1402 5110 1488 5182 duos
1515 5110 1713 5188 emethoues
1741 5111 1777 5180 iu

231 5236 355 5309 mediis
372 5236 496 5325 laneis,
515 5236 597 5307 item
615 5234 820 5307 Msczislaus
838 5235 951 5304 dietus
970 5232 1088 5321 wilk,
1108 5232 1208 5301 ambo
1227 5231 1360 5303 nobiles
1379 5229 1422 5301 de
1440 5230 1540 5302 domo
1558 5229 1778 5302 Radwauo·

231 5375 328 5449 uye,
354 5361 390 5426 et
415 5356 516 5428 ambo
542 5356 684 5428 nobiles.
710 5355 799 5426 Item
826 5355 926 5425 ambo
954 5352 1152 5425 emethoues
1179 5350 1318 5422 solvunt
1344 5351 1514 5427 decimam,
1528 5350 1776 5442 manipularem
