4050 6054
235 493 282 568 22

235 703 360 793 quibus
378 702 525 773 solvitur
543 701 676 772 decima
692 702 917 792 manipularis
939 707 976 772 et
1003 721 1066 791 per
1084 707 1234 792 quatuor
1251 702 1389 790 ierugas
1407 702 1583 790 canapalis
1600 705 1785 792 praeposi-

233 828 334 893 turae
352 821 588 910 Cracoviensi3
606 828 643 892 et
660 821 789 893 ducumt
802 842 878 892 eam
892 822 1090 893 cmethones
1104 822 1140 892 in
1153 821 1317 892 borreum
1331 841 1353 892 a
1365 820 1564 912 praeposito
1597 821 1785 894 locandum

233 944 270 1012 et
286 943 385 1013 valor
402 941 477 1014 eius
495 941 700 1013 aestImatur
717 941 762 1012 ad
779 941 959 1013 duodecim
976 960 1119 1012 marcas.
1155 940 1242 1012 Item
1260 944 1358 1027 nota,
1385 939 1477 1030 quod
1494 939 1659 1012 eeclesiae
1676 960 1783 1031 prae-

233 1060 326 1133 latae
344 1062 379 1132 in
398 1061 686 1134 Moskorzow
703 1080 767 1152 ρετ
785 1058 1062 1132 Clementem
1081 1062 1306 1133 castellanum
1318 1059 1555 1149 Vislioensem,
1569 1059 1718 1133 nobilem
1736 1061 1784 1133 de

121 1197 124 1202 ·
234 1179 335 1252 domo
378 1178 572 1269 Pilawa,
608 1181 717 1251 latere
753 1184 850 1251 cocto
868 1184 1040 1268 muratae,
1075 1179 1238 1251 Nicolaus
1274 1179 1468 1250 Tramba
1501 1179 1799 1284 archiepIscopus

234 1296 461 1389 Gneznensis,
479 1298 523 1370 de
540 1318 708 1371 consensu
722 1299 864 1388 capituli
878 1299 1021 1370 donavit
1037 1305 1206 1389 perpetuo
1224 1298 1374 1370 decimas
1391 1298 1624 1390 manipulares
1640 1316 1783 1372 mensae

234 1436 333 1506 suae,
358 1417 520 1489 videlicet
545 1417 582 1489 in
609 1415 891 1506 Ozikarzow,
917 1416 1160 1506 Mihanow,
1187 1416 1424 1507 Grabowa,
1450 1417 1674 1508 Rudniluy,
1699 1414 1784 1489 Ka·

234 1537 375 1625 hawa,
401 1535 655 1628 Loehinya:
694 1536 784 1609 banc
810 1535 1044 1626 donationem,
1070 1538 1137 1610 etsi
1164 1558 1247 1609 suus
1274 1557 1450 1609 successor
1476 1537 1694 1608 immediatus
1718 1536 1784 1608 Al·

234 1659 355 1729 bertus
380 1655 405 1728 J
413 1656 720 1748 astrzabyecz
746 1661 932 1730 conaretur
959 1659 1057 1749 quasi
1075 1678 1250 1730 enormem
1268 1656 1478 1746 rescindere,
1509 1656 1707 1728 nullatenus
1724 1664 1782 1729 ta-

234 1797 313 1850 men
327 1776 451 1866 valuit,
469 1776 551 1848 licet
564 1775 753 1848 studiosam
767 1782 804 1849 et
817 1777 1004 1850 violentam
1021 1798 1162 1870 operam
1180 1777 1406 1866 adhibuisset,
1420 1775 1565 1867 singuhs
1578 1777 1784 1866 proceribus

234 1895 399 1968 Poloniae
430 1896 573 1968 moleste
599 1894 636 1966 id
660 1894 852 1969 ferentibus
881 1902 918 1969 et
935 1897 1217 1986 vociferantibus,
1243 1917 1287 1969 ne
1313 1916 1454 1968 suorum
1476 1896 1783 1986 praedeeessorum

235 2015 437 2088 donationes
451 2017 696 2104 corrumperet
723 2014 811 2087 Item
837 2016 1070 2105 hortulaniae,
1097 2017 1180 2087 item
1206 2017 1388 2105 tabernae,
1415 2016 1498 2088 item
1524 2015 1704 2106 praedium
1729 2017 1783 2088 ibi

233 2135 372 2208 unicum
398 2135 563 2225 militare,
591 2133 683 2225 quod
708 2134 815 2207 solvit
840 2134 1007 2207 decimam
1032 2135 1281 2228 manipularem
1308 2136 1472 2209 ecclesiae
1497 2140 1536 2207 et
1560 2136 1708 2226 plebano
1744 2136 1782 2208 in

234 2253 533 2327 Moslrorzow.

338 2372 535 2463 Pauczow,
553 2372 637 2444 villa
654 2372 718 2442 sub
732 2372 898 2462 parochia
911 2373 1075 2446 ecclesiae
1089 2374 1132 2445 de
1146 2373 1313 2446 Kossow
1327 2375 1409 2464 sita,
1422 2375 1519 2446 cuius
1533 2373 1731 2447 haereditas
1745 2381 1785 2446 et

235 2493 432 2584 proprietas
458 2493 503 2564 ad
529 2491 708 2563 ecelesiam
730 2496 767 2563 et
784 2492 1022 2593 plebanumIn
1048 2493 1240 2566 Koszow
1257 2494 1418 2584 pertinet
1444 2494 1485 2565 In
1504 2514 1573 2585 qua
1589 2497 1672 2564 sunt
1688 2494 1783 2565 lanei

236 2613 483 2702 cmethonales,
510 2611 553 2683 de
580 2610 704 2703 quibus
731 2612 880 2684 solvitur
904 2613 1037 2684 decima
1061 2613 1287 2704 manipularis
1318 2618 1355 2685 et
1381 2633 1445 2705 per
1462 2619 1613 2704 quatuor
1639 2613 1782 2702 ierugas

236 2732 410 2823 canapalis
441 2733 704 2824 praepositurae
730 2730 964 2822 Oracoriensi3
995 2738 1032 2805 et
1057 2734 1188 2806 ducunt
1205 2754 1281 2805 eam
1299 2734 1497 2806 cmethones
1523 2733 1560 2804 in
1577 2732 1741 2831 horreum
1758 2752 1784 2805 a
1849 2747 1854 2754 ·

235 2852 434 2944 praeposito
452 2850 643 2925 locandum.
670 2852 757 2924 Item
775 2853 934 2943 taberna,
952 2853 1037 2924 item
1054 2852 1245 2942 hortulani,
1264 2854 1347 2925 item
1365 2852 1554 2944 praedium.

338 2971 548 3062 Parnasso,
566 2971 649 3044 villa
662 2973 894 3064 parochialem
908 2973 1086 3045 ecclesiam
1100 2973 1135 3043 in
1150 2992 1188 3044 se
1201 2972 1346 3062 habens,
1360 2974 1457 3044 cuius
1471 2971 1639 3044 haeredes
1647 2970 1784 3044 dohan·
1865 3040 1875 3053 ,

235 3112 298 3164 nes
323 3093 407 3166 item
433 3090 723 3182 Prandotha,
750 3093 883 3165 nobiles
902 3092 1069 3165 dearmis
1096 3092 1379 3183 Srzenyewa
1418 3093 1459 3163 In
1487 3112 1556 3182 qua
1581 3095 1664 3164 sunt
1688 3091 1783 3164 lanei

236 3213 481 3303 cmethonales,
507 3213 551 3284 de
578 3213 702 3304 quibus
733 3212 880 3285 solvitur
910 3211 1043 3283 decima
1073 3211 1298 3302 manipularis
1328 3217 1366 3284 et
1394 3231 1457 3303 ρετ
1477 3212 1783 3303 quatuor‘ierugas

236 3335 410 3425 canapalis
432 3334 694 3425 praepositurae
711 3331 946 3421 Oracoviemi3
972 3337 1009 3404 et
1027 3331 1157 3403 ducunt
1183 3352 1259 3402 eam
1278 3332 1476 3404 cmethones
1502 3331 1654 3422 propriis
1671 3330 1783 3403 curri·

234 3453 299 3526 bus
327 3455 363 3527 in
389 3456 552 3528 horreum
570 3476 593 3527 a
609 3453 808 3545 praeposito
834 3452 1026 3524 locandum.
1052 3453 1140 3524 Item
1175 3453 1335 3542 taberna,
1362 3453 1446 3524 item
1477 3451 1670 3542 hortulani,
1696 3451 1782 3524 itam

236 3575 414 3664 praedium
435 3576 484 3648 m
502 3576 639 3647 unicum
657 3575 822 3666 norae,
854 3576 897 3648 ue
924 3597 992 3667 quo
1019 3575 1167 3647 solatur
1198 3575 1330 3675 aesna
1360 3574 1586 3666 manipularis
1616 3554 1782 3646 dalaiae

235 3694 425 3786 parochiali
452 3696 578 3768 ibidem
601 3696 637 3766 in
663 3693 903 3768 Praelanlr.

338 3815 473 3907 Psasr,
491 3816 574 3888 villa
591 3815 656 3887 sub
674 3817 839 3907 paroohIa
857 3816 1022 3888 acclesiae
1040 3815 1084 3886 de
1101 3815 1377 3887 Dzerzsluow
1403 3816 1481 3904 sita,
1499 3814 1596 3885 cuius
1613 3812 1782 3887 haeredes
1842 3836 1846 3844 ·

236 3936 395 4009 Andreas
421 3942 458 4011 et
482 3936 690 4027 Stanislaus,
713 3936 850 4010 nobiles
878 3938 920 4009 de
947 3935 1053 4008 armis
1080 3935 1379 4025 Accipitrum.
1418 3935 1459 4005 In
1487 3955 1557 4024 qua
1582 3938 1665 4006 sunt
1689 3933 1782 4006 lanei

236 4058 477 4147 cmethonales,
504 4058 547 4128 de
579 4058 704 4148 quibus
729 4057 877 4129 solvitur
903 4058 1036 4129 decima
1061 4054 1286 4147 manipularis
1317 4060 1353 4127 et
1378 4074 1442 4146 ρετ
1469 4059 1619 4144 quatuor
1644 4056 1783 4145 ierugas

237 4177 412 4268 canapalis
428 4177 692 4267 praepositurae
709 4176 946 4266 Gracoviensi3
972 4181 1010 4248 et
1035 4176 1166 4248 ducunt
1183 4196 1258 4247 eam
1278 4176 1476 4247 cmethones
1503 4174 1654 4265 propriIs
1671 4170 1782 4248 curri·

234 4298 300 4370 bus
317 4298 353 4368 iu
371 4297 535 4369 horreum
562 4317 585 4368 a
609 4297 809 4388 praeposito
832 4296 1023 4370 locandum.
1063 4297 1150 4368 Item
1177 4297 1339 4386 taberna,
1367 4295 1451 4367 item
1477 4294 1670 4384 hortulani,
1698 4295 1781 4367 itam

236 4417 416 4509 praedium
442 4416 491 4490 ibi
522 4417 673 4489 militare
700 4417 852 4506 unicum,
883 4417 975 4508 quod
1001 4417 1107 4489 solvit
1138 4417 1304 4488 decimam
1334 4415 1585 4506 manipularem
1616 4414 1782 4489 eeclesiae

236 4538 427 4630 parochiali
456 4538 493 4609 in
519 4538 806 4611 Dzerzskow.

338 4659 523 4749 Prnzrur,
558 4658 642 4729 villa
677 4657 741 4730 sub
776 4657 941 4749 parochia
975 4638 1140 4729 ecclesIae
1167 4656 1210 4728 de
1246 4655 1537 4728 Moskorzow
1571 4653 1653 4743 sita,
1684 4655 1782 4728 cuias

236 4780 435 4853 haereditas
461 4784 499 4852 et
515 4778 712 4870 proprietas
730 4778 908 4869 pertinent
932 4777 977 4848 ad
996 4776 1236 4848 scholastriam
1254 4777 1290 4847 in
1317 4775 1615 4848 Moskorzow.
1654 4774 1695 4845 In
1714 4796 1784 4866 qua

237 4906 318 4974 sunt
343 4901 435 4974 lanei
461 4899 695 4972 cmethonales
721 4898 789 4972 duo
808 4905 845 4971 et
869 4920 984 4996 aymo,
1012 4897 1198 4989 dequibus
1225 4896 1372 4968 solvitur
1399 4896 1532 4968 decima
1557 4894 1782 4986 manipularis

149 5038 159 5053 ·
237 5028 273 5094 et
298 5043 362 5113 per
379 5027 530 5114 quatuor
555 5022 694 5113 ierugas
725 5019 901 5111 canapalis
931 5018 1194 5111 praepositurae
1220 5015 1456 5106 GracovIensi3
1487 5021 1524 5089 et
1550 5015 1682 5088 ducunt
1705 5034 1782 5088 carn

237 5143 435 5216 cmethones
460 5143 497 5213 in
522 5142 686 5215 horreum
712 5140 863 5233 propriis
891 5139 1049 5213 curribus
1076 5159 1097 5210 a
1123 5138 1323 5231 praeposito
1340 5136 1524 5210 locandum
1560 5137 1657 5209 cuins
1683 5120 1782 5209 valor

236 5263 442 5335 aestimatur
458 5261 503 5335 ad
521 5261 608 5335 duas
623 5280 768 5335 marcas.
793 5261 884 5334 Item
899 5260 1059 5349 taberna,
1080 5259 1165 5332 item
1182 5258 1374 5349 hortulani,
1391 5258 1478 5330 item
1494 5257 1682 5348 praedium.

340 5378 530 5483 Quorum,
555 5381 639 5458 villa
665 5381 730 5463 sab
757 5380 923 5482 parocbia
948 5379 1112 5463 ecclesiae
1147 5377 1191 5451 de
1212 5377 1402 5455 Koszow
1427 5379 1505 5472 sito,
1535 5376 1633 5452 cuius
1658 5376 1783 5451 haeres
