<?xml version="1.0" encoding="UTF-8"?>
<!DOCTYPE html PUBLIC "-//W3C//DTD XHTML 1.0 Transitional//EN"
    "http://www.w3.org/TR/xhtml1/DTD/xhtml1-transitional.dtd">
<html xmlns="http://www.w3.org/1999/xhtml" xml:lang="en" lang="en">
 <head>
  <title>
</title>
<meta http-equiv="Content-Type" content="text/html;charset=utf-8" />
  <meta name='ocr-system' content='tesseract 3.04.00' />
  <meta name='ocr-capabilities' content='ocr_page ocr_carea ocr_par ocr_line ocrx_word'/>
</head>
<body>
  <div class='ocr_page' id='page_1' title='image "./joannisdugoszse00dugoog_0091.png"; bbox 0 0 4080 6068; ppageno 0'>
   <div class='ocr_carea' id='block_1_1' title="bbox 360 550 408 626">
    <p class='ocr_par' dir='ltr' id='par_1_1' title="bbox 360 550 408 626">
     <span class='ocr_line' id='line_1_1' title="bbox 360 550 408 626; baseline -0.042 0"><span class='ocrx_word' id='word_1_1' title='bbox 360 550 408 626; x_wconf 78' lang='lat' dir='ltr'>sl</span> 
     </span>
    </p>
   </div>
   <div class='ocr_carea' id='block_1_2' title="bbox 251 753 1998 2651">
    <p class='ocr_par' dir='ltr' id='par_1_2' title="bbox 265 753 1997 1812">
     <span class='ocr_line' id='line_1_2' title="bbox 357 753 1909 847; baseline -0.004 -16"><span class='ocrx_word' id='word_1_2' title='bbox 357 760 480 832; x_wconf 89' lang='lat' dir='ltr'>ducere</span> <span class='ocrx_word' id='word_1_3' title='bbox 508 759 542 829; x_wconf 92' lang='lat' dir='ltr'>iu</span> <span class='ocrx_word' id='word_1_4' title='bbox 570 759 731 828; x_wconf 90' lang='lat' dir='ltr'>horreum</span> <span class='ocrx_word' id='word_1_5' title='bbox 758 776 779 827; x_wconf 90' lang='lat' dir='ltr'>a</span> <span class='ocrx_word' id='word_1_6' title='bbox 806 757 970 829; x_wconf 85' lang='lat' dir='ltr'>canonico</span> <span class='ocrx_word' id='word_1_7' title='bbox 998 755 1284 847; x_wconf 81' lang='lat' dir='ltr'>constituendum,</span> <span class='ocrx_word' id='word_1_8' title='bbox 1313 763 1348 828; x_wconf 90' lang='lat' dir='ltr'>et</span> <span class='ocrx_word' id='word_1_9' title='bbox 1366 754 1503 827; x_wconf 86' lang='lat' dir='ltr'>solvunt</span> <span class='ocrx_word' id='word_1_10' title='bbox 1522 753 1687 828; x_wconf 82' lang='lat' dir='ltr'>decimam</span> <span class='ocrx_word' id='word_1_11' title='bbox 1706 753 1827 846; x_wconf 89' lang='lat' dir='ltr'>canapi</span> <span class='ocrx_word' id='word_1_12' title='bbox 1844 773 1909 845; x_wconf 89' lang='lat' dir='ltr'>per</span> 
     </span>
     <span class='ocr_line' id='line_1_3' title="bbox 356 875 1961 970; baseline -0.005 -20"><span class='ocrx_word' id='word_1_13' title='bbox 356 887 502 970; x_wconf 88' lang='lat' dir='ltr'>quatuor</span> <span class='ocrx_word' id='word_1_14' title='bbox 528 879 705 950; x_wconf 89' lang='lat' dir='ltr'>iuncturas</span> <span class='ocrx_word' id='word_1_15' title='bbox 733 885 768 948; x_wconf 95' lang='lat' dir='ltr'>et</span> <span class='ocrx_word' id='word_1_16' title='bbox 794 879 998 949; x_wconf 89' lang='lat' dir='ltr'>aestimatur</span> <span class='ocrx_word' id='word_1_17' title='bbox 1023 878 1121 949; x_wconf 83' lang='lat' dir='ltr'>valor</span> <span class='ocrx_word' id='word_1_18' title='bbox 1148 876 1300 950; x_wconf 85' lang='lat' dir='ltr'>decimae</span> <span class='ocrx_word' id='word_1_19' title='bbox 1326 876 1370 947; x_wconf 91' lang='lat' dir='ltr'>ad</span> <span class='ocrx_word' id='word_1_20' title='bbox 1397 877 1514 948; x_wconf 89' lang='lat' dir='ltr'>decem</span> <span class='ocrx_word' id='word_1_21' title='bbox 1542 896 1683 948; x_wconf 87' lang='lat' dir='ltr'>marcas.</span> <span class='ocrx_word' id='word_1_22' title='bbox 1718 875 1805 946; x_wconf 87' lang='lat' dir='ltr'>Item</span> <span class='ocrx_word' id='word_1_23' title='bbox 1824 880 1907 947; x_wconf 89' lang='lat' dir='ltr'>sunt</span> <span class='ocrx_word' id='word_1_24' title='bbox 1958 937 1961 942; x_wconf 86' lang='lat'>.</span> 
     </span>
     <span class='ocr_line' id='line_1_4' title="bbox 356 995 1908 1089; baseline -0.003 -18"><span class='ocrx_word' id='word_1_25' title='bbox 356 1000 404 1072; x_wconf 92' lang='lat' dir='ltr'>ibi</span> <span class='ocrx_word' id='word_1_26' title='bbox 431 999 518 1071; x_wconf 78' lang='lat' dir='ltr'>durae</span> <span class='ocrx_word' id='word_1_27' title='bbox 545 1001 707 1070; x_wconf 86' lang='lat' dir='ltr'>tabernae</span> <span class='ocrx_word' id='word_1_28' title='bbox 730 999 896 1070; x_wconf 84' lang='lat' dir='ltr'>habentes</span> <span class='ocrx_word' id='word_1_29' title='bbox 915 1019 1018 1089; x_wconf 84' lang='lat' dir='ltr'>agros</span> <span class='ocrx_word' id='word_1_30' title='bbox 1038 999 1211 1089; x_wconf 90' lang='lat' dir='ltr'>speciales,</span> <span class='ocrx_word' id='word_1_31' title='bbox 1230 998 1273 1069; x_wconf 93' lang='lat' dir='ltr'>de</span> <span class='ocrx_word' id='word_1_32' title='bbox 1292 998 1415 1089; x_wconf 88' lang='lat' dir='ltr'>quibus</span> <span class='ocrx_word' id='word_1_33' title='bbox 1435 999 1592 1069; x_wconf 88' lang='lat' dir='ltr'>omuibus</span> <span class='ocrx_word' id='word_1_34' title='bbox 1611 997 1757 1069; x_wconf 87' lang='lat' dir='ltr'>solvitur</span> <span class='ocrx_word' id='word_1_35' title='bbox 1774 995 1908 1069; x_wconf 88' lang='lat' dir='ltr'>decima</span> 
     </span>
     <span class='ocr_line' id='line_1_5' title="bbox 356 1096 1907 1215; baseline -0.002 -24"><span class='ocrx_word' id='word_1_36' title='bbox 356 1120 578 1210; x_wconf 86' lang='lat' dir='ltr'>manipularis</span> <span class='ocrx_word' id='word_1_37' title='bbox 606 1139 669 1210; x_wconf 88' lang='lat' dir='ltr'>pro</span> <span class='ocrx_word' id='word_1_38' title='bbox 696 1117 851 1211; x_wconf 81' lang='lat' dir='ltr'>praefata</span> <span class='ocrx_word' id='word_1_39' title='bbox 877 1118 1073 1211; x_wconf 89' lang='lat' dir='ltr'>praebenda</span> <span class='ocrx_word' id='word_1_40' title='bbox 1098 1120 1134 1189; x_wconf 92' lang='lat' dir='ltr'>in</span> <span class='ocrx_word' id='word_1_41' title='bbox 1150 1116 1364 1215; x_wconf 75' lang='lat' dir='ltr'>ponitdwam.</span> <span class='ocrx_word' id='word_1_42' title='bbox 1391 1119 1477 1189; x_wconf 86' lang='lat' dir='ltr'>Item</span> <span class='ocrx_word' id='word_1_43' title='bbox 1495 1096 1672 1191; x_wconf 84' lang='lat' dir='ltr'>hortulani</span> <span class='ocrx_word' id='word_1_44' title='bbox 1690 1116 1739 1189; x_wconf 92' lang='lat' dir='ltr'>ibi</span> <span class='ocrx_word' id='word_1_45' title='bbox 1757 1138 1826 1208; x_wconf 86' lang='lat' dir='ltr'>sex,</span> <span class='ocrx_word' id='word_1_46' title='bbox 1844 1114 1907 1188; x_wconf 90' lang='lat' dir='ltr'>sed</span> 
     </span>
     <span class='ocr_line' id='line_1_6' title="bbox 356 1236 1907 1330; baseline -0.003 -19"><span class='ocrx_word' id='word_1_47' title='bbox 356 1261 424 1312; x_wconf 89' lang='lat' dir='ltr'>non</span> <span class='ocrx_word' id='word_1_48' title='bbox 451 1240 580 1312; x_wconf 89' lang='lat' dir='ltr'>habent</span> <span class='ocrx_word' id='word_1_49' title='bbox 616 1260 736 1329; x_wconf 85' lang='lat' dir='ltr'>agros,</span> <span class='ocrx_word' id='word_1_50' title='bbox 763 1240 846 1310; x_wconf 89' lang='lat' dir='ltr'>item</span> <span class='ocrx_word' id='word_1_51' title='bbox 874 1261 916 1310; x_wconf 86' lang='lat' dir='ltr'>ex</span> <span class='ocrx_word' id='word_1_52' title='bbox 943 1241 1083 1330; x_wconf 91' lang='lat' dir='ltr'>antiquo</span> <span class='ocrx_word' id='word_1_53' title='bbox 1110 1238 1176 1310; x_wconf 84' lang='lat' dir='ltr'>fuit</span> <span class='ocrx_word' id='word_1_54' title='bbox 1204 1239 1251 1309; x_wconf 94' lang='lat' dir='ltr'>ibi</span> <span class='ocrx_word' id='word_1_55' title='bbox 1277 1237 1514 1310; x_wconf 86' lang='lat' dir='ltr'>tantummodo</span> <span class='ocrx_word' id='word_1_56' title='bbox 1541 1258 1610 1309; x_wconf 89' lang='lat' dir='ltr'>una</span> <span class='ocrx_word' id='word_1_57' title='bbox 1635 1239 1748 1328; x_wconf 88' lang='lat' dir='ltr'>curia,</span> <span class='ocrx_word' id='word_1_58' title='bbox 1774 1236 1907 1309; x_wconf 89' lang='lat' dir='ltr'>habens</span> 
     </span>
     <span class='ocr_line' id='line_1_7' title="bbox 265 1354 1908 1452; baseline -0.002 -20"><span class='ocrx_word' id='word_1_59' title='bbox 265 1356 268 1361; x_wconf 77' lang='grc'>’</span> <span class='ocrx_word' id='word_1_60' title='bbox 355 1381 458 1452; x_wconf 77' lang='lat' dir='ltr'>agros</span> <span class='ocrx_word' id='word_1_61' title='bbox 484 1359 685 1450; x_wconf 90' lang='lat' dir='ltr'>praediales,</span> <span class='ocrx_word' id='word_1_62' title='bbox 713 1358 756 1430; x_wconf 88' lang='lat' dir='ltr'>de</span> <span class='ocrx_word' id='word_1_63' title='bbox 783 1360 907 1450; x_wconf 89' lang='lat' dir='ltr'>quibus</span> <span class='ocrx_word' id='word_1_64' title='bbox 935 1360 1083 1431; x_wconf 85' lang='lat' dir='ltr'>solvitur</span> <span class='ocrx_word' id='word_1_65' title='bbox 1101 1359 1233 1431; x_wconf 85' lang='lat' dir='ltr'>decima</span> <span class='ocrx_word' id='word_1_66' title='bbox 1255 1358 1477 1449; x_wconf 81' lang='lat' dir='ltr'>manipularis</span> <span class='ocrx_word' id='word_1_67' title='bbox 1494 1379 1558 1450; x_wconf 89' lang='lat' dir='ltr'>pro</span> <span class='ocrx_word' id='word_1_68' title='bbox 1577 1357 1772 1449; x_wconf 91' lang='lat' dir='ltr'>praebenda</span> <span class='ocrx_word' id='word_1_69' title='bbox 1789 1354 1908 1430; x_wconf 81' lang='lat' dir='ltr'>Sancti</span> 
     </span>
     <span class='ocr_line' id='line_1_8' title="bbox 355 1467 1907 1570; baseline -0.003 -16"><span class='ocrx_word' id='word_1_70' title='bbox 355 1478 501 1554; x_wconf 86' lang='lat' dir='ltr'>Martini</span> <span class='ocrx_word' id='word_1_71' title='bbox 528 1482 563 1550; x_wconf 92' lang='lat' dir='ltr'>in</span> <span class='ocrx_word' id='word_1_72' title='bbox 591 1479 826 1551; x_wconf 80' lang='lat' dir='ltr'>cracovia.</span> <span class='ocrx_word' id='word_1_73' title='bbox 855 1479 1030 1551; x_wconf 78' lang='lat' dir='ltr'>Hactenus</span> <span class='ocrx_word' id='word_1_74' title='bbox 1057 1479 1293 1570; x_wconf 89' lang='lat' dir='ltr'>multiphcatis</span> <span class='ocrx_word' id='word_1_75' title='bbox 1308 1467 1526 1551; x_wconf 78' lang='lat' dir='ltr'>&#39;haeredibus</span> <span class='ocrx_word' id='word_1_76' title='bbox 1552 1485 1588 1550; x_wconf 91' lang='lat' dir='ltr'>et</span> <span class='ocrx_word' id='word_1_77' title='bbox 1615 1477 1720 1550; x_wconf 90' lang='lat' dir='ltr'>curiis</span> <span class='ocrx_word' id='word_1_78' title='bbox 1738 1477 1907 1565; x_wconf 79' lang='lat' dir='ltr'>abstracti</span> 
     </span>
     <span class='ocr_line' id='line_1_9' title="bbox 356 1594 1997 1691; baseline -0.001 -18"><span class='ocrx_word' id='word_1_79' title='bbox 356 1608 437 1673; x_wconf 89' lang='lat' dir='ltr'>sunt</span> <span class='ocrx_word' id='word_1_80' title='bbox 462 1601 538 1691; x_wconf 83' lang='lat' dir='ltr'>agri</span> <span class='ocrx_word' id='word_1_81' title='bbox 566 1599 799 1672; x_wconf 89' lang='lat' dir='ltr'>cmethonales</span> <span class='ocrx_word' id='word_1_82' title='bbox 826 1607 862 1672; x_wconf 90' lang='lat' dir='ltr'>et</span> <span class='ocrx_word' id='word_1_83' title='bbox 888 1600 1045 1691; x_wconf 86' lang='lat' dir='ltr'>occupati</span> <span class='ocrx_word' id='word_1_84' title='bbox 1071 1621 1134 1691; x_wconf 92' lang='lat' dir='ltr'>per</span> <span class='ocrx_word' id='word_1_85' title='bbox 1160 1600 1311 1689; x_wconf 89' lang='lat' dir='ltr'>nobiles,</span> <span class='ocrx_word' id='word_1_86' title='bbox 1335 1606 1371 1671; x_wconf 92' lang='lat' dir='ltr'>et</span> <span class='ocrx_word' id='word_1_87' title='bbox 1398 1599 1530 1671; x_wconf 91' lang='lat' dir='ltr'>decima</span> <span class='ocrx_word' id='word_1_88' title='bbox 1555 1594 1731 1673; x_wconf 82' lang='lat' dir='ltr'>abstradta</span> <span class='ocrx_word' id='word_1_89' title='bbox 1757 1619 1777 1669; x_wconf 89' lang='lat' dir='ltr'>a</span> <span class='ocrx_word' id='word_1_90' title='bbox 1804 1616 1906 1671; x_wconf 74' lang='lat' dir='ltr'>mno-</span> <span class='ocrx_word' id='word_1_91' title='bbox 1988 1622 1997 1635; x_wconf 92' lang='lat'><strong>·</strong></span> 
     </span>
     <span class='ocr_line' id='line_1_10' title="bbox 356 1719 1821 1812; baseline -0.003 -18"><span class='ocrx_word' id='word_1_92' title='bbox 356 1722 470 1794; x_wconf 90' lang='lat' dir='ltr'>nicatu</span> <span class='ocrx_word' id='word_1_93' title='bbox 498 1720 717 1793; x_wconf 82' lang='lat' dir='ltr'>Craccriensi</span> <span class='ocrx_word' id='word_1_94' title='bbox 744 1725 780 1791; x_wconf 91' lang='lat' dir='ltr'>et</span> <span class='ocrx_word' id='word_1_95' title='bbox 805 1721 1020 1811; x_wconf 86' lang='lat' dir='ltr'>praebendae</span> <span class='ocrx_word' id='word_1_96' title='bbox 1047 1721 1163 1793; x_wconf 90' lang='lat' dir='ltr'>Sancti</span> <span class='ocrx_word' id='word_1_97' title='bbox 1189 1719 1334 1791; x_wconf 90' lang='lat' dir='ltr'>Martini</span> <span class='ocrx_word' id='word_1_98' title='bbox 1360 1740 1423 1811; x_wconf 91' lang='lat' dir='ltr'>per</span> <span class='ocrx_word' id='word_1_99' title='bbox 1448 1720 1609 1792; x_wconf 91' lang='lat' dir='ltr'>iniuriam</span> <span class='ocrx_word' id='word_1_100' title='bbox 1635 1719 1821 1812; x_wconf 62' lang='lat' dir='ltr'>apphcata„</span> 
     </span>
    </p>

    <p class='ocr_par' dir='ltr' id='par_1_3' title="bbox 251 1826 1998 2651">
     <span class='ocr_line' id='line_1_11' title="bbox 458 1826 1974 1933; baseline 0.001 -21"><span class='ocrx_word' id='word_1_101' title='bbox 458 1842 546 1912; x_wconf 93' lang='lat' dir='ltr'>Item</span> <span class='ocrx_word' id='word_1_102' title='bbox 581 1841 777 1931; x_wconf 88' lang='lat' dir='ltr'>praebenda</span> <span class='ocrx_word' id='word_1_103' title='bbox 811 1841 966 1933; x_wconf 89' lang='lat' dir='ltr'>praefata</span> <span class='ocrx_word' id='word_1_104' title='bbox 999 1842 1107 1913; x_wconf 87' lang='lat' dir='ltr'>habet</span> <span class='ocrx_word' id='word_1_105' title='bbox 1141 1862 1265 1914; x_wconf 89' lang='lat' dir='ltr'>nonam</span> <span class='ocrx_word' id='word_1_106' title='bbox 1292 1840 1540 1931; x_wconf 87' lang='lat' dir='ltr'>manipularem</span> <span class='ocrx_word' id='word_1_107' title='bbox 1568 1841 1734 1912; x_wconf 88' lang='lat' dir='ltr'>decimam</span> <span class='ocrx_word' id='word_1_108' title='bbox 1761 1842 1797 1925; x_wconf 84' lang='lat' dir='ltr'>in</span> <span class='ocrx_word' id='word_1_109' title='bbox 1822 1826 1928 1913; x_wconf 40' lang='lat' dir='ltr'>villa*</span> <span class='ocrx_word' id='word_1_110' title='bbox 1967 1832 1974 1836; x_wconf 72' lang='grc'><strong>’</strong></span> 
     </span>
     <span class='ocr_line' id='line_1_12' title="bbox 355 1958 1906 2059; baseline -0.001 -26"><span class='ocrx_word' id='word_1_111' title='bbox 355 1960 676 2052; x_wconf 87' lang='lat' dir='ltr'>Olschenycza</span> <span class='ocrx_word' id='word_1_112' title='bbox 703 1963 766 2034; x_wconf 92' lang='lat' dir='ltr'>snb</span> <span class='ocrx_word' id='word_1_113' title='bbox 794 1962 912 2034; x_wconf 89' lang='lat' dir='ltr'>eadem</span> <span class='ocrx_word' id='word_1_114' title='bbox 939 1964 1103 2054; x_wconf 84' lang='lat' dir='ltr'>parochia</span> <span class='ocrx_word' id='word_1_115' title='bbox 1128 1960 1382 2053; x_wconf 83' lang='lat' dir='ltr'>Zwierzynensi</span> <span class='ocrx_word' id='word_1_116' title='bbox 1408 1962 1485 2050; x_wconf 89' lang='lat' dir='ltr'>sita,</span> <span class='ocrx_word' id='word_1_117' title='bbox 1512 1962 1609 2032; x_wconf 88' lang='lat' dir='ltr'>cuius</span> <span class='ocrx_word' id='word_1_118' title='bbox 1636 1958 1906 2059; x_wconf 75' lang='lat' dir='ltr'>haereditasad</span> 
     </span>
     <span class='ocr_line' id='line_1_13' title="bbox 354 2080 1969 2175; baseline 0 -21"><span class='ocrx_word' id='word_1_119' title='bbox 354 2084 600 2155; x_wconf 85' lang='lat' dir='ltr'>monasterium</span> <span class='ocrx_word' id='word_1_120' title='bbox 626 2082 888 2175; x_wconf 86' lang='lat' dir='ltr'>Zwicrzyuense</span> <span class='ocrx_word' id='word_1_121' title='bbox 914 2084 1072 2174; x_wconf 88' lang='lat' dir='ltr'>pertinet.</span> <span class='ocrx_word' id='word_1_122' title='bbox 1112 2081 1153 2153; x_wconf 91' lang='lat' dir='ltr'>In</span> <span class='ocrx_word' id='word_1_123' title='bbox 1180 2103 1248 2173; x_wconf 91' lang='lat' dir='ltr'>qua</span> <span class='ocrx_word' id='word_1_124' title='bbox 1273 2080 1355 2154; x_wconf 90' lang='lat' dir='ltr'>villa</span> <span class='ocrx_word' id='word_1_125' title='bbox 1382 2087 1463 2152; x_wconf 90' lang='lat' dir='ltr'>sunt</span> <span class='ocrx_word' id='word_1_126' title='bbox 1489 2083 1575 2153; x_wconf 89' lang='lat' dir='ltr'>certi</span> <span class='ocrx_word' id='word_1_127' title='bbox 1601 2084 1730 2173; x_wconf 92' lang='lat' dir='ltr'>campi,</span> <span class='ocrx_word' id='word_1_128' title='bbox 1758 2083 1817 2172; x_wconf 91' lang='lat' dir='ltr'>qui</span> <span class='ocrx_word' id='word_1_129' title='bbox 1842 2098 1904 2155; x_wconf 84' lang='lat' dir='ltr'>ro·</span> <span class='ocrx_word' id='word_1_130' title='bbox 1966 2152 1969 2163; x_wconf 88' lang='grc'>,</span> 
     </span>
     <span class='ocr_line' id='line_1_14' title="bbox 355 2199 1904 2294; baseline -0.002 -18"><span class='ocrx_word' id='word_1_131' title='bbox 355 2208 478 2275; x_wconf 89' lang='lat' dir='ltr'>cantur</span> <span class='ocrx_word' id='word_1_132' title='bbox 503 2201 798 2294; x_wconf 80' lang='lat' dir='ltr'>Zagmancze,</span> <span class='ocrx_word' id='word_1_133' title='bbox 826 2204 918 2274; x_wconf 91' lang='lat' dir='ltr'>inter</span> <span class='ocrx_word' id='word_1_134' title='bbox 942 2200 1043 2275; x_wconf 85' lang='lat' dir='ltr'>villas</span> <span class='ocrx_word' id='word_1_135' title='bbox 1070 2201 1221 2273; x_wconf 80' lang='lat' dir='ltr'>chelm</span> <span class='ocrx_word' id='word_1_136' title='bbox 1249 2206 1284 2273; x_wconf 93' lang='lat' dir='ltr'>et</span> <span class='ocrx_word' id='word_1_137' title='bbox 1310 2201 1521 2292; x_wconf 83' lang='lat' dir='ltr'>praedictam</span> <span class='ocrx_word' id='word_1_138' title='bbox 1547 2199 1904 2292; x_wconf 80' lang='lat' dir='ltr'>Olschenyczam</span> 
     </span>
     <span class='ocr_line' id='line_1_15' title="bbox 355 2319 1998 2414; baseline 0 -20"><span class='ocrx_word' id='word_1_139' title='bbox 355 2324 422 2414; x_wconf 87' lang='lat' dir='ltr'>siti,</span> <span class='ocrx_word' id='word_1_140' title='bbox 449 2323 493 2394; x_wconf 92' lang='lat' dir='ltr'>de</span> <span class='ocrx_word' id='word_1_141' title='bbox 520 2322 644 2413; x_wconf 89' lang='lat' dir='ltr'>quibus</span> <span class='ocrx_word' id='word_1_142' title='bbox 670 2322 800 2413; x_wconf 89' lang='lat' dir='ltr'>campis</span> <span class='ocrx_word' id='word_1_143' title='bbox 827 2322 1010 2393; x_wconf 90' lang='lat' dir='ltr'>canonicus</span> <span class='ocrx_word' id='word_1_144' title='bbox 1037 2343 1100 2412; x_wconf 88' lang='lat' dir='ltr'>pra</span> <span class='ocrx_word' id='word_1_145' title='bbox 1127 2326 1281 2413; x_wconf 87' lang='lat' dir='ltr'>tempore</span> <span class='ocrx_word' id='word_1_146' title='bbox 1298 2321 1447 2413; x_wconf 81' lang='lat' dir='ltr'>percipit</span> <span class='ocrx_word' id='word_1_147' title='bbox 1464 2319 1630 2403; x_wconf 86' lang='lat' dir='ltr'>decimam</span> <span class='ocrx_word' id='word_1_148' title='bbox 1647 2320 1905 2412; x_wconf 85' lang='lat' dir='ltr'>manipularem,</span> <span class='ocrx_word' id='word_1_149' title='bbox 1994 2344 1998 2351; x_wconf 90' lang='lat'><em>·</em></span> 
     </span>
     <span class='ocr_line' id='line_1_16' title="bbox 356 2439 1904 2543; baseline -0.001 -29"><span class='ocrx_word' id='word_1_150' title='bbox 356 2448 393 2514; x_wconf 92' lang='lat' dir='ltr'>et</span> <span class='ocrx_word' id='word_1_151' title='bbox 419 2444 549 2515; x_wconf 91' lang='lat' dir='ltr'>ducunt</span> <span class='ocrx_word' id='word_1_152' title='bbox 575 2463 650 2513; x_wconf 90' lang='lat' dir='ltr'>eam</span> <span class='ocrx_word' id='word_1_153' title='bbox 678 2443 713 2512; x_wconf 90' lang='lat' dir='ltr'>iu</span> <span class='ocrx_word' id='word_1_154' title='bbox 739 2441 903 2512; x_wconf 89' lang='lat' dir='ltr'>horreum</span> <span class='ocrx_word' id='word_1_155' title='bbox 930 2448 966 2512; x_wconf 91' lang='lat' dir='ltr'>et</span> <span class='ocrx_word' id='word_1_156' title='bbox 991 2444 1195 2513; x_wconf 85' lang='lat' dir='ltr'>aestimatur</span> <span class='ocrx_word' id='word_1_157' title='bbox 1221 2443 1319 2514; x_wconf 84' lang='lat' dir='ltr'>valor</span> <span class='ocrx_word' id='word_1_158' title='bbox 1343 2441 1417 2513; x_wconf 88' lang='lat' dir='ltr'>eius</span> <span class='ocrx_word' id='word_1_159' title='bbox 1444 2440 1488 2513; x_wconf 90' lang='lat' dir='ltr'>ad</span> <span class='ocrx_word' id='word_1_160' title='bbox 1506 2462 1609 2514; x_wconf 92' lang='lat' dir='ltr'>unam</span> <span class='ocrx_word' id='word_1_161' title='bbox 1634 2461 1793 2512; x_wconf 88' lang='lat' dir='ltr'>marcam.</span> <span class='ocrx_word' id='word_1_162' title='bbox 1815 2439 1904 2543; x_wconf 81' lang='lat' dir='ltr'>Item</span> 
     </span>
     <span class='ocr_line' id='line_1_17' title="bbox 251 2558 1905 2651; baseline 0 -18"><span class='ocrx_word' id='word_1_163' title='bbox 251 2617 255 2623; x_wconf 75' lang='lat'>,</span> <span class='ocrx_word' id='word_1_164' title='bbox 354 2564 498 2634; x_wconf 90' lang='lat' dir='ltr'>suntin</span> <span class='ocrx_word' id='word_1_165' title='bbox 525 2561 643 2632; x_wconf 92' lang='lat' dir='ltr'>eadem</span> <span class='ocrx_word' id='word_1_166' title='bbox 669 2560 752 2632; x_wconf 88' lang='lat' dir='ltr'>villa</span> <span class='ocrx_word' id='word_1_167' title='bbox 786 2561 911 2651; x_wconf 80' lang='lat' dir='ltr'>viginti</span> <span class='ocrx_word' id='word_1_168' title='bbox 946 2566 1095 2651; x_wconf 86' lang='lat' dir='ltr'>quatuor</span> <span class='ocrx_word' id='word_1_169' title='bbox 1122 2561 1355 2635; x_wconf 86' lang='lat' dir='ltr'>cmethonales</span> <span class='ocrx_word' id='word_1_170' title='bbox 1381 2560 1491 2651; x_wconf 86' lang='lat' dir='ltr'>lanei,</span> <span class='ocrx_word' id='word_1_171' title='bbox 1518 2563 1600 2633; x_wconf 89' lang='lat' dir='ltr'>item</span> <span class='ocrx_word' id='word_1_172' title='bbox 1627 2564 1723 2634; x_wconf 82' lang='lat' dir='ltr'>curIa</span> <span class='ocrx_word' id='word_1_173' title='bbox 1748 2558 1905 2635; x_wconf 86' lang='lat' dir='ltr'>coenabii</span> 
     </span>
    </p>
   </div>
   <div class='ocr_carea' id='block_1_3' title="bbox 254 2680 1905 2773">
    <p class='ocr_par' dir='ltr' id='par_1_4' title="bbox 254 2680 1905 2773">
     <span class='ocr_line' id='line_1_18' title="bbox 254 2680 1905 2773; baseline 0.001 -21"><span class='ocrx_word' id='word_1_174' title='bbox 254 2713 258 2722; x_wconf 95' lang='lat'>·</span> <span class='ocrx_word' id='word_1_175' title='bbox 354 2681 484 2754; x_wconf 90' lang='lat' dir='ltr'>habens</span> <span class='ocrx_word' id='word_1_176' title='bbox 511 2681 597 2753; x_wconf 90' lang='lat' dir='ltr'>duos</span> <span class='ocrx_word' id='word_1_177' title='bbox 625 2681 761 2770; x_wconf 89' lang='lat' dir='ltr'>laneos,</span> <span class='ocrx_word' id='word_1_178' title='bbox 789 2681 848 2771; x_wconf 93' lang='lat' dir='ltr'>qui</span> <span class='ocrx_word' id='word_1_179' title='bbox 876 2681 1047 2771; x_wconf 88' lang='lat' dir='ltr'>quondam</span> <span class='ocrx_word' id='word_1_180' title='bbox 1081 2688 1180 2753; x_wconf 89' lang='lat' dir='ltr'>eraut</span> <span class='ocrx_word' id='word_1_181' title='bbox 1216 2680 1372 2773; x_wconf 86' lang='lat' dir='ltr'>sculteti,</span> <span class='ocrx_word' id='word_1_182' title='bbox 1400 2686 1436 2754; x_wconf 91' lang='lat' dir='ltr'>et</span> <span class='ocrx_word' id='word_1_183' title='bbox 1462 2681 1586 2753; x_wconf 90' lang='lat' dir='ltr'>de-his</span> <span class='ocrx_word' id='word_1_184' title='bbox 1613 2682 1770 2754; x_wconf 88' lang='lat' dir='ltr'>omnibus</span> <span class='ocrx_word' id='word_1_185' title='bbox 1796 2680 1905 2753; x_wconf 86' lang='lat' dir='ltr'>laneis</span> 
     </span>
    </p>
   </div>
   <div class='ocr_carea' id='block_1_4' title="bbox 352 2800 1909 3013">
    <p class='ocr_par' dir='ltr' id='par_1_5' title="bbox 352 2800 1909 3013">
     <span class='ocr_line' id='line_1_19' title="bbox 354 2800 1904 2897; baseline -0.001 -25"><span class='ocrx_word' id='word_1_186' title='bbox 354 2800 446 2872; x_wconf 89' lang='lat' dir='ltr'>tollit</span> <span class='ocrx_word' id='word_1_187' title='bbox 481 2800 648 2872; x_wconf 89' lang='lat' dir='ltr'>decimam</span> <span class='ocrx_word' id='word_1_188' title='bbox 682 2801 928 2897; x_wconf 81' lang='lat' dir='ltr'>manipularem</span> <span class='ocrx_word' id='word_1_189' title='bbox 965 2802 1167 2875; x_wconf 88' lang='lat' dir='ltr'>coenobium</span> <span class='ocrx_word' id='word_1_190' title='bbox 1202 2806 1239 2874; x_wconf 89' lang='lat' dir='ltr'>et</span> <span class='ocrx_word' id='word_1_191' title='bbox 1275 2804 1310 2873; x_wconf 92' lang='lat' dir='ltr'>in</span> <span class='ocrx_word' id='word_1_192' title='bbox 1329 2821 1428 2873; x_wconf 90' lang='lat' dir='ltr'>suum</span> <span class='ocrx_word' id='word_1_193' title='bbox 1453 2801 1616 2875; x_wconf 88' lang='lat' dir='ltr'>borreum</span> <span class='ocrx_word' id='word_1_194' title='bbox 1643 2801 1736 2873; x_wconf 86' lang='lat' dir='ltr'>iham</span> <span class='ocrx_word' id='word_1_195' title='bbox 1763 2801 1904 2874; x_wconf 88' lang='lat' dir='ltr'>inducit.</span> 
     </span>
     <span class='ocr_line' id='line_1_20' title="bbox 352 2914 1909 3013; baseline -0.001 -19"><span class='ocrx_word' id='word_1_196' title='bbox 352 2921 442 2994; x_wconf 91' lang='lat' dir='ltr'>Item</span> <span class='ocrx_word' id='word_1_197' title='bbox 469 2928 522 2993; x_wconf 89' lang='lat' dir='ltr'>est</span> <span class='ocrx_word' id='word_1_198' title='bbox 547 2922 692 2993; x_wconf 92' lang='lat' dir='ltr'>taberna</span> <span class='ocrx_word' id='word_1_199' title='bbox 718 2942 786 2992; x_wconf 92' lang='lat' dir='ltr'>una</span> <span class='ocrx_word' id='word_1_200' title='bbox 804 2929 839 2992; x_wconf 92' lang='lat' dir='ltr'>et</span> <span class='ocrx_word' id='word_1_201' title='bbox 858 2928 1005 3013; x_wconf 78' lang='lat' dir='ltr'>quatuor</span> <span class='ocrx_word' id='word_1_202' title='bbox 1031 2921 1257 3012; x_wconf 86' lang='lat' dir='ltr'>hortulaniae,</span> <span class='ocrx_word' id='word_1_203' title='bbox 1276 2923 1444 2995; x_wconf 89' lang='lat' dir='ltr'>habentes</span> <span class='ocrx_word' id='word_1_204' title='bbox 1461 2942 1573 3013; x_wconf 82' lang='lat' dir='ltr'>egros,</span> <span class='ocrx_word' id='word_1_205' title='bbox 1596 2922 1639 2994; x_wconf 91' lang='lat' dir='ltr'>de</span> <span class='ocrx_word' id='word_1_206' title='bbox 1657 2922 1781 3012; x_wconf 90' lang='lat' dir='ltr'>quibus</span> <span class='ocrx_word' id='word_1_207' title='bbox 1798 2914 1909 2994; x_wconf 80' lang='lat' dir='ltr'>etiam</span> 
     </span>
    </p>
   </div>
   <div class='ocr_carea' id='block_1_5' title="bbox 352 3040 2039 3134">
    <p class='ocr_par' dir='ltr' id='par_1_6' title="bbox 352 3040 2039 3134">
     <span class='ocr_line' id='line_1_21' title="bbox 352 3040 2039 3134; baseline 0.001 -22"><span class='ocrx_word' id='word_1_208' title='bbox 352 3043 597 3114; x_wconf 83' lang='lat' dir='ltr'>monasterium</span> <span class='ocrx_word' id='word_1_209' title='bbox 615 3043 763 3134; x_wconf 89' lang='lat' dir='ltr'>percipit</span> <span class='ocrx_word' id='word_1_210' title='bbox 778 3043 953 3134; x_wconf 88' lang='lat' dir='ltr'>decimam,</span> <span class='ocrx_word' id='word_1_211' title='bbox 982 3050 1035 3116; x_wconf 92' lang='lat' dir='ltr'>est</span> <span class='ocrx_word' id='word_1_212' title='bbox 1053 3046 1156 3116; x_wconf 89' lang='lat' dir='ltr'>etiam</span> <span class='ocrx_word' id='word_1_213' title='bbox 1174 3044 1222 3115; x_wconf 92' lang='lat' dir='ltr'>ibi</span> <span class='ocrx_word' id='word_1_214' title='bbox 1240 3040 1481 3134; x_wconf 85' lang='lat' dir='ltr'>molendinum,</span> <span class='ocrx_word' id='word_1_215' title='bbox 1500 3042 1561 3114; x_wconf 90' lang='lat' dir='ltr'>sed</span> <span class='ocrx_word' id='word_1_216' title='bbox 1579 3063 1648 3115; x_wconf 87' lang='lat' dir='ltr'>non</span> <span class='ocrx_word' id='word_1_217' title='bbox 1666 3042 1771 3114; x_wconf 89' lang='lat' dir='ltr'>habet</span> <span class='ocrx_word' id='word_1_218' title='bbox 1789 3060 1902 3134; x_wconf 80' lang='lat' dir='ltr'>agros.</span> <span class='ocrx_word' id='word_1_219' title='bbox 2035 3098 2039 3105; x_wconf 54' lang='grc'><strong><em>»</em></strong></span> 
     </span>
    </p>
   </div>
   <div class='ocr_carea' id='block_1_6' title="bbox 351 3161 1903 3632">
    <p class='ocr_par' dir='ltr' id='par_1_7' title="bbox 351 3161 1903 3632">
     <span class='ocr_line' id='line_1_22' title="bbox 457 3161 1903 3256; baseline 0.001 -23"><span class='ocrx_word' id='word_1_220' title='bbox 457 3163 545 3234; x_wconf 90' lang='lat' dir='ltr'>ltem</span> <span class='ocrx_word' id='word_1_221' title='bbox 571 3164 768 3254; x_wconf 89' lang='lat' dir='ltr'>praebenda</span> <span class='ocrx_word' id='word_1_222' title='bbox 794 3163 948 3254; x_wconf 86' lang='lat' dir='ltr'>praefata</span> <span class='ocrx_word' id='word_1_223' title='bbox 974 3166 1080 3238; x_wconf 91' lang='lat' dir='ltr'>habet</span> <span class='ocrx_word' id='word_1_224' title='bbox 1114 3163 1360 3254; x_wconf 91' lang='lat' dir='ltr'>manipularem</span> <span class='ocrx_word' id='word_1_225' title='bbox 1391 3163 1558 3234; x_wconf 90' lang='lat' dir='ltr'>decimam</span> <span class='ocrx_word' id='word_1_226' title='bbox 1583 3165 1620 3234; x_wconf 92' lang='lat' dir='ltr'>in</span> <span class='ocrx_word' id='word_1_227' title='bbox 1647 3163 1729 3235; x_wconf 89' lang='lat' dir='ltr'>villa</span> <span class='ocrx_word' id='word_1_228' title='bbox 1763 3161 1903 3256; x_wconf 55' lang='grc' dir='ltr'>Ροῑηζα</span> 
     </span>
     <span class='ocr_line' id='line_1_23' title="bbox 354 3283 1903 3376; baseline 0.001 -22"><span class='ocrx_word' id='word_1_229' title='bbox 354 3283 441 3374; x_wconf 86' lang='lat' dir='ltr'>adr,</span> <span class='ocrx_word' id='word_1_230' title='bbox 468 3285 504 3355; x_wconf 93' lang='lat' dir='ltr'>in</span> <span class='ocrx_word' id='word_1_231' title='bbox 531 3303 599 3375; x_wconf 90' lang='lat' dir='ltr'>qna</span> <span class='ocrx_word' id='word_1_232' title='bbox 625 3290 679 3356; x_wconf 90' lang='lat' dir='ltr'>est</span> <span class='ocrx_word' id='word_1_233' title='bbox 704 3286 869 3376; x_wconf 86' lang='lat' dir='ltr'>parochia</span> <span class='ocrx_word' id='word_1_234' title='bbox 895 3291 931 3356; x_wconf 90' lang='lat' dir='ltr'>et</span> <span class='ocrx_word' id='word_1_235' title='bbox 959 3285 1103 3357; x_wconf 89' lang='lat' dir='ltr'>eeclesia</span> <span class='ocrx_word' id='word_1_236' title='bbox 1129 3284 1172 3356; x_wconf 92' lang='lat' dir='ltr'>de</span> <span class='ocrx_word' id='word_1_237' title='bbox 1198 3283 1428 3376; x_wconf 80' lang='lat' dir='ltr'>Pobyodr,</span> <span class='ocrx_word' id='word_1_238' title='bbox 1456 3286 1492 3355; x_wconf 92' lang='lat' dir='ltr'>in</span> <span class='ocrx_word' id='word_1_239' title='bbox 1519 3304 1587 3375; x_wconf 89' lang='lat' dir='ltr'>qua</span> <span class='ocrx_word' id='word_1_240' title='bbox 1612 3285 1697 3356; x_wconf 83' lang='lat' dir='ltr'>villa</span> <span class='ocrx_word' id='word_1_241' title='bbox 1722 3292 1804 3356; x_wconf 89' lang='lat' dir='ltr'>sunt</span> <span class='ocrx_word' id='word_1_242' title='bbox 1829 3291 1903 3356; x_wconf 86' lang='lat' dir='ltr'>tres</span> 
     </span>
     <span class='ocr_line' id='line_1_24' title="bbox 353 3403 1902 3496; baseline 0.001 -22"><span class='ocrx_word' id='word_1_243' title='bbox 353 3403 443 3477; x_wconf 88' lang='lat' dir='ltr'>lanei</span> <span class='ocrx_word' id='word_1_244' title='bbox 470 3405 711 3494; x_wconf 87' lang='lat' dir='ltr'>cmethonales,</span> <span class='ocrx_word' id='word_1_245' title='bbox 739 3410 886 3495; x_wconf 87' lang='lat' dir='ltr'>quatuor</span> <span class='ocrx_word' id='word_1_246' title='bbox 911 3405 1145 3496; x_wconf 89' lang='lat' dir='ltr'>hortulaniae,</span> <span class='ocrx_word' id='word_1_247' title='bbox 1172 3404 1215 3476; x_wconf 92' lang='lat' dir='ltr'>de</span> <span class='ocrx_word' id='word_1_248' title='bbox 1242 3406 1366 3495; x_wconf 90' lang='lat' dir='ltr'>quibus</span> <span class='ocrx_word' id='word_1_249' title='bbox 1394 3404 1481 3476; x_wconf 80' lang='lat' dir='ltr'>solvi</span> <span class='ocrx_word' id='word_1_250' title='bbox 1508 3405 1611 3476; x_wconf 90' lang='lat' dir='ltr'>debet</span> <span class='ocrx_word' id='word_1_251' title='bbox 1637 3405 1769 3476; x_wconf 90' lang='lat' dir='ltr'>decima</span> <span class='ocrx_word' id='word_1_252' title='bbox 1794 3407 1902 3476; x_wconf 91' lang='lat' dir='ltr'>maui-</span> 
     </span>
     <span class='ocr_line' id='line_1_25' title="bbox 351 3523 1901 3632; baseline 0.002 -37"><span class='ocrx_word' id='word_1_253' title='bbox 351 3523 482 3615; x_wconf 88' lang='lat' dir='ltr'>pularis</span> <span class='ocrx_word' id='word_1_254' title='bbox 508 3525 722 3632; x_wconf 85' lang='lat' dir='ltr'>praebendae</span> <span class='ocrx_word' id='word_1_255' title='bbox 748 3525 923 3616; x_wconf 89' lang='lat' dir='ltr'>praefatae</span> <span class='ocrx_word' id='word_1_256' title='bbox 952 3532 988 3598; x_wconf 91' lang='lat' dir='ltr'>et</span> <span class='ocrx_word' id='word_1_257' title='bbox 1013 3547 1075 3617; x_wconf 92' lang='lat' dir='ltr'>per</span> <span class='ocrx_word' id='word_1_258' title='bbox 1102 3527 1300 3597; x_wconf 90' lang='lat' dir='ltr'>cmethones</span> <span class='ocrx_word' id='word_1_259' title='bbox 1331 3525 1482 3617; x_wconf 91' lang='lat' dir='ltr'>propriis</span> <span class='ocrx_word' id='word_1_260' title='bbox 1516 3526 1675 3597; x_wconf 89' lang='lat' dir='ltr'>cmribus</span> <span class='ocrx_word' id='word_1_261' title='bbox 1701 3526 1840 3598; x_wconf 88' lang='lat' dir='ltr'>ducitur</span> <span class='ocrx_word' id='word_1_262' title='bbox 1865 3525 1901 3598; x_wconf 89' lang='lat' dir='ltr'>iu</span> 
     </span>
    </p>
   </div>
   <div class='ocr_carea' id='block_1_7' title="bbox 213 3646 1901 3738">
    <p class='ocr_par' dir='ltr' id='par_1_8' title="bbox 213 3646 1901 3738">
     <span class='ocr_line' id='line_1_26' title="bbox 213 3646 1901 3738; baseline 0.002 -21"><span class='ocrx_word' id='word_1_263' title='bbox 213 3696 228 3725; x_wconf 83' lang='grc'><strong><em>,</em></strong></span> <span class='ocrx_word' id='word_1_264' title='bbox 353 3646 513 3718; x_wconf 89' lang='lat' dir='ltr'>horreum</span> <span class='ocrx_word' id='word_1_265' title='bbox 541 3667 562 3716; x_wconf 90' lang='lat' dir='ltr'>a</span> <span class='ocrx_word' id='word_1_266' title='bbox 589 3647 752 3718; x_wconf 89' lang='lat' dir='ltr'>canonico</span> <span class='ocrx_word' id='word_1_267' title='bbox 780 3647 983 3737; x_wconf 84' lang='lat' dir='ltr'>ehgcndum,</span> <span class='ocrx_word' id='word_1_268' title='bbox 1010 3653 1045 3717; x_wconf 93' lang='lat' dir='ltr'>et</span> <span class='ocrx_word' id='word_1_269' title='bbox 1072 3647 1210 3719; x_wconf 80' lang='lat' dir='ltr'>solvunt</span> <span class='ocrx_word' id='word_1_270' title='bbox 1232 3646 1397 3718; x_wconf 91' lang='lat' dir='ltr'>decimam</span> <span class='ocrx_word' id='word_1_271' title='bbox 1427 3647 1547 3737; x_wconf 90' lang='lat' dir='ltr'>canapi</span> <span class='ocrx_word' id='word_1_272' title='bbox 1565 3665 1628 3738; x_wconf 90' lang='lat' dir='ltr'>per</span> <span class='ocrx_word' id='word_1_273' title='bbox 1645 3653 1793 3738; x_wconf 87' lang='lat' dir='ltr'>quatuor</span> <span class='ocrx_word' id='word_1_274' title='bbox 1810 3648 1901 3720; x_wconf 87' lang='lat' dir='ltr'>iern-</span> 
     </span>
    </p>
   </div>
   <div class='ocr_carea' id='block_1_8' title="bbox 348 3765 1901 5549">
    <p class='ocr_par' dir='ltr' id='par_1_9' title="bbox 351 3765 1901 4101">
     <span class='ocr_line' id='line_1_27' title="bbox 351 3765 1901 3856; baseline 0.001 -19"><span class='ocrx_word' id='word_1_275' title='bbox 351 3787 413 3856; x_wconf 82' lang='lat' dir='ltr'>gas</span> <span class='ocrx_word' id='word_1_276' title='bbox 440 3772 476 3839; x_wconf 93' lang='lat' dir='ltr'>et</span> <span class='ocrx_word' id='word_1_277' title='bbox 502 3768 705 3839; x_wconf 90' lang='lat' dir='ltr'>aestimatur</span> <span class='ocrx_word' id='word_1_278' title='bbox 731 3768 805 3839; x_wconf 90' lang='lat' dir='ltr'>eius</span> <span class='ocrx_word' id='word_1_279' title='bbox 831 3767 929 3839; x_wconf 88' lang='lat' dir='ltr'>valor</span> <span class='ocrx_word' id='word_1_280' title='bbox 955 3767 1000 3838; x_wconf 91' lang='lat' dir='ltr'>ad</span> <span class='ocrx_word' id='word_1_281' title='bbox 1025 3776 1098 3839; x_wconf 89' lang='lat' dir='ltr'>tres</span> <span class='ocrx_word' id='word_1_282' title='bbox 1124 3787 1266 3839; x_wconf 88' lang='lat' dir='ltr'>mareas.</span> <span class='ocrx_word' id='word_1_283' title='bbox 1293 3766 1380 3838; x_wconf 91' lang='lat' dir='ltr'>Item</span> <span class='ocrx_word' id='word_1_284' title='bbox 1406 3768 1456 3840; x_wconf 93' lang='lat' dir='ltr'>ihi</span> <span class='ocrx_word' id='word_1_285' title='bbox 1482 3774 1537 3839; x_wconf 90' lang='lat' dir='ltr'>est</span> <span class='ocrx_word' id='word_1_286' title='bbox 1564 3774 1633 3838; x_wconf 85' lang='lat' dir='ltr'>uba</span> <span class='ocrx_word' id='word_1_287' title='bbox 1661 3768 1758 3840; x_wconf 88' lang='lat' dir='ltr'>curia</span> <span class='ocrx_word' id='word_1_288' title='bbox 1774 3765 1901 3840; x_wconf 87' lang='lat' dir='ltr'>nobilis</span> 
     </span>
     <span class='ocr_line' id='line_1_28' title="bbox 351 3884 1900 3982; baseline 0.001 -25"><span class='ocrx_word' id='word_1_289' title='bbox 351 3884 493 3959; x_wconf 83' lang='lat' dir='ltr'>ilenrici</span> <span class='ocrx_word' id='word_1_290' title='bbox 520 3887 816 3979; x_wconf 86' lang='lat' dir='ltr'>Russaczshy</span> <span class='ocrx_word' id='word_1_291' title='bbox 843 3888 1005 3960; x_wconf 91' lang='lat' dir='ltr'>dedomo</span> <span class='ocrx_word' id='word_1_292' title='bbox 1024 3887 1249 3979; x_wconf 81' lang='lat' dir='ltr'>Plomyen,</span> <span class='ocrx_word' id='word_1_293' title='bbox 1275 3887 1407 3961; x_wconf 89' lang='lat' dir='ltr'>habens</span> <span class='ocrx_word' id='word_1_294' title='bbox 1426 3888 1614 3980; x_wconf 91' lang='lat' dir='ltr'>praedium,</span> <span class='ocrx_word' id='word_1_295' title='bbox 1632 3888 1674 3960; x_wconf 92' lang='lat' dir='ltr'>de</span> <span class='ocrx_word' id='word_1_296' title='bbox 1693 3890 1789 3961; x_wconf 92' lang='lat' dir='ltr'>cuius</span> <span class='ocrx_word' id='word_1_297' title='bbox 1807 3887 1900 3982; x_wconf 82' lang='lat' dir='ltr'>agris</span> 
     </span>
     <span class='ocr_line' id='line_1_29' title="bbox 352 4006 1641 4101; baseline 0.004 -27"><span class='ocrx_word' id='word_1_298' title='bbox 352 4006 499 4079; x_wconf 87' lang='lat' dir='ltr'>solvitur</span> <span class='ocrx_word' id='word_1_299' title='bbox 526 4007 657 4078; x_wconf 92' lang='lat' dir='ltr'>decima</span> <span class='ocrx_word' id='word_1_300' title='bbox 680 4009 905 4098; x_wconf 78' lang='lat' dir='ltr'>&#39;manipularis</span> <span class='ocrx_word' id='word_1_301' title='bbox 933 4009 1078 4100; x_wconf 84' lang='lat' dir='ltr'>plebano</span> <span class='ocrx_word' id='word_1_302' title='bbox 1106 4016 1142 4081; x_wconf 90' lang='lat' dir='ltr'>et</span> <span class='ocrx_word' id='word_1_303' title='bbox 1169 4008 1332 4081; x_wconf 87' lang='lat' dir='ltr'>ecclesiae</span> <span class='ocrx_word' id='word_1_304' title='bbox 1359 4009 1395 4081; x_wconf 92' lang='lat' dir='ltr'>in</span> <span class='ocrx_word' id='word_1_305' title='bbox 1422 4009 1641 4101; x_wconf 87' lang='lat' dir='ltr'>Pahyadr.</span> 
     </span>
    </p>

    <p class='ocr_par' dir='ltr' id='par_1_10' title="bbox 348 4127 1900 5184">
     <span class='ocr_line' id='line_1_30' title="bbox 455 4127 1900 4221; baseline 0.002 -24"><span class='ocrx_word' id='word_1_306' title='bbox 455 4127 542 4198; x_wconf 84' lang='lat' dir='ltr'>Item</span> <span class='ocrx_word' id='word_1_307' title='bbox 569 4127 764 4217; x_wconf 87' lang='lat' dir='ltr'>praebenda</span> <span class='ocrx_word' id='word_1_308' title='bbox 789 4128 943 4218; x_wconf 87' lang='lat' dir='ltr'>praefata</span> <span class='ocrx_word' id='word_1_309' title='bbox 959 4129 1065 4201; x_wconf 88' lang='lat' dir='ltr'>habet</span> <span class='ocrx_word' id='word_1_310' title='bbox 1083 4130 1250 4202; x_wconf 93' lang='lat' dir='ltr'>decimam</span> <span class='ocrx_word' id='word_1_311' title='bbox 1267 4130 1514 4221; x_wconf 88' lang='lat' dir='ltr'>manipularem</span> <span class='ocrx_word' id='word_1_312' title='bbox 1533 4130 1747 4202; x_wconf 90' lang='lat' dir='ltr'>undecimam</span> <span class='ocrx_word' id='word_1_313' title='bbox 1765 4131 1800 4201; x_wconf 91' lang='lat' dir='ltr'>in</span> <span class='ocrx_word' id='word_1_314' title='bbox 1819 4128 1900 4203; x_wconf 86' lang='lat' dir='ltr'>villa</span> 
     </span>
     <span class='ocr_line' id='line_1_31' title="bbox 351 4247 1899 4341; baseline 0.003 -24"><span class='ocrx_word' id='word_1_315' title='bbox 351 4247 375 4318; x_wconf 87' lang='lat' dir='ltr'>J</span> <span class='ocrx_word' id='word_1_316' title='bbox 384 4249 668 4319; x_wconf 84' lang='lat' dir='ltr'>aszkowicze</span> <span class='ocrx_word' id='word_1_317' title='bbox 696 4250 758 4321; x_wconf 90' lang='lat' dir='ltr'>sub</span> <span class='ocrx_word' id='word_1_318' title='bbox 786 4251 952 4340; x_wconf 87' lang='lat' dir='ltr'>parochia</span> <span class='ocrx_word' id='word_1_319' title='bbox 978 4251 1141 4322; x_wconf 89' lang='lat' dir='ltr'>ecclesiae</span> <span class='ocrx_word' id='word_1_320' title='bbox 1169 4251 1211 4323; x_wconf 92' lang='lat' dir='ltr'>de</span> <span class='ocrx_word' id='word_1_321' title='bbox 1238 4250 1462 4341; x_wconf 73' lang='lat' dir='ltr'>Pobyodn</span> <span class='ocrx_word' id='word_1_322' title='bbox 1490 4252 1612 4341; x_wconf 89' lang='lat' dir='ltr'>inqua</span> <span class='ocrx_word' id='word_1_323' title='bbox 1632 4250 1899 4323; x_wconf 84' lang='lat' dir='ltr'>villasnnttre·</span> 
     </span>
     <span class='ocr_line' id='line_1_32' title="bbox 352 4367 1900 4462; baseline 0.003 -24"><span class='ocrx_word' id='word_1_324' title='bbox 352 4367 460 4439; x_wconf 88' lang='lat' dir='ltr'>decim</span> <span class='ocrx_word' id='word_1_325' title='bbox 488 4369 577 4440; x_wconf 91' lang='lat' dir='ltr'>lanei</span> <span class='ocrx_word' id='word_1_326' title='bbox 605 4371 845 4459; x_wconf 74' lang='lat' dir='ltr'>cmethonales</span> <span class='ocrx_word' id='word_1_327' title='bbox 865 4371 906 4442; x_wconf 91' lang='lat' dir='ltr'>de</span> <span class='ocrx_word' id='word_1_328' title='bbox 926 4371 1049 4462; x_wconf 88' lang='lat' dir='ltr'>quibus</span> <span class='ocrx_word' id='word_1_329' title='bbox 1070 4372 1157 4445; x_wconf 82' lang='lat' dir='ltr'>solvi</span> <span class='ocrx_word' id='word_1_330' title='bbox 1176 4372 1278 4444; x_wconf 87' lang='lat' dir='ltr'>debet</span> <span class='ocrx_word' id='word_1_331' title='bbox 1295 4371 1427 4442; x_wconf 90' lang='lat' dir='ltr'>decima</span> <span class='ocrx_word' id='word_1_332' title='bbox 1444 4371 1667 4462; x_wconf 88' lang='lat' dir='ltr'>manipularis</span> <span class='ocrx_word' id='word_1_333' title='bbox 1685 4370 1900 4462; x_wconf 85' lang='lat' dir='ltr'>praebendae</span> 
     </span>
     <span class='ocr_line' id='line_1_33' title="bbox 350 4487 1899 4582; baseline 0.003 -23"><span class='ocrx_word' id='word_1_334' title='bbox 350 4487 534 4581; x_wconf 84' lang='lat' dir='ltr'>praefatae,</span> <span class='ocrx_word' id='word_1_335' title='bbox 554 4497 589 4560; x_wconf 92' lang='lat' dir='ltr'>et</span> <span class='ocrx_word' id='word_1_336' title='bbox 615 4511 677 4581; x_wconf 90' lang='lat' dir='ltr'>per</span> <span class='ocrx_word' id='word_1_337' title='bbox 705 4493 902 4563; x_wconf 89' lang='lat' dir='ltr'>cmethones</span> <span class='ocrx_word' id='word_1_338' title='bbox 929 4494 1078 4582; x_wconf 89' lang='lat' dir='ltr'>propriis</span> <span class='ocrx_word' id='word_1_339' title='bbox 1106 4494 1264 4564; x_wconf 89' lang='lat' dir='ltr'>curribus</span> <span class='ocrx_word' id='word_1_340' title='bbox 1291 4492 1429 4563; x_wconf 90' lang='lat' dir='ltr'>ducitur</span> <span class='ocrx_word' id='word_1_341' title='bbox 1455 4493 1491 4563; x_wconf 91' lang='lat' dir='ltr'>in</span> <span class='ocrx_word' id='word_1_342' title='bbox 1517 4493 1679 4565; x_wconf 84' lang='lat' dir='ltr'>horreum</span> <span class='ocrx_word' id='word_1_343' title='bbox 1697 4513 1719 4563; x_wconf 92' lang='lat' dir='ltr'>a</span> <span class='ocrx_word' id='word_1_344' title='bbox 1736 4493 1899 4564; x_wconf 83' lang='lat' dir='ltr'>canonico</span> 
     </span>
     <span class='ocr_line' id='line_1_34' title="bbox 351 4609 1900 4704; baseline 0.001 -24"><span class='ocrx_word' id='word_1_345' title='bbox 351 4609 553 4701; x_wconf 82' lang='lat' dir='ltr'>eligendum,</span> <span class='ocrx_word' id='word_1_346' title='bbox 574 4616 609 4682; x_wconf 92' lang='lat' dir='ltr'>et</span> <span class='ocrx_word' id='word_1_347' title='bbox 628 4612 765 4684; x_wconf 84' lang='lat' dir='ltr'>solvunt</span> <span class='ocrx_word' id='word_1_348' title='bbox 783 4613 948 4683; x_wconf 91' lang='lat' dir='ltr'>decimam</span> <span class='ocrx_word' id='word_1_349' title='bbox 967 4614 1088 4704; x_wconf 88' lang='lat' dir='ltr'>canapi</span> <span class='ocrx_word' id='word_1_350' title='bbox 1106 4635 1168 4704; x_wconf 92' lang='lat' dir='ltr'>per</span> <span class='ocrx_word' id='word_1_351' title='bbox 1187 4620 1334 4704; x_wconf 82' lang='lat' dir='ltr'>quatuor</span> <span class='ocrx_word' id='word_1_352' title='bbox 1362 4614 1498 4704; x_wconf 82' lang='lat' dir='ltr'>ierugas</span> <span class='ocrx_word' id='word_1_353' title='bbox 1526 4620 1562 4684; x_wconf 91' lang='lat' dir='ltr'>et</span> <span class='ocrx_word' id='word_1_354' title='bbox 1583 4613 1786 4686; x_wconf 90' lang='lat' dir='ltr'>aestimatur</span> <span class='ocrx_word' id='word_1_355' title='bbox 1803 4611 1900 4683; x_wconf 84' lang='lat' dir='ltr'>valer</span> 
     </span>
     <span class='ocr_line' id='line_1_35' title="bbox 349 4730 1899 4825; baseline 0.001 -23"><span class='ocrx_word' id='word_1_356' title='bbox 349 4732 423 4802; x_wconf 89' lang='lat' dir='ltr'>eius</span> <span class='ocrx_word' id='word_1_357' title='bbox 450 4730 493 4802; x_wconf 94' lang='lat' dir='ltr'>ad</span> <span class='ocrx_word' id='word_1_358' title='bbox 521 4736 597 4803; x_wconf 88' lang='lat' dir='ltr'>octa</span> <span class='ocrx_word' id='word_1_359' title='bbox 626 4753 766 4803; x_wconf 88' lang='lat' dir='ltr'>marcas.</span> <span class='ocrx_word' id='word_1_360' title='bbox 793 4731 880 4802; x_wconf 92' lang='lat' dir='ltr'>Item</span> <span class='ocrx_word' id='word_1_361' title='bbox 908 4734 1029 4804; x_wconf 91' lang='lat' dir='ltr'>haeres</span> <span class='ocrx_word' id='word_1_362' title='bbox 1047 4734 1149 4805; x_wconf 84' lang='lat' dir='ltr'>villae</span> <span class='ocrx_word' id='word_1_363' title='bbox 1166 4734 1340 4825; x_wconf 87' lang='lat' dir='ltr'>praefatae</span> <span class='ocrx_word' id='word_1_364' title='bbox 1359 4733 1559 4806; x_wconf 88' lang='lat' dir='ltr'>Lennardus</span> <span class='ocrx_word' id='word_1_365' title='bbox 1586 4734 1608 4806; x_wconf 89' lang='lat' dir='ltr'>J</span> <span class='ocrx_word' id='word_1_366' title='bbox 1618 4732 1899 4823; x_wconf 80' lang='lat' dir='ltr'>aszlrowsky,</span> 
     </span>
     <span class='ocr_line' id='line_1_36' title="bbox 349 4851 1899 4946; baseline 0.002 -24"><span class='ocrx_word' id='word_1_367' title='bbox 349 4851 475 4924; x_wconf 87' lang='lat' dir='ltr'>nabilis</span> <span class='ocrx_word' id='word_1_368' title='bbox 502 4852 543 4922; x_wconf 93' lang='lat' dir='ltr'>de</span> <span class='ocrx_word' id='word_1_369' title='bbox 563 4853 663 4924; x_wconf 89' lang='lat' dir='ltr'>domo</span> <span class='ocrx_word' id='word_1_370' title='bbox 690 4851 910 4944; x_wconf 73' lang='lat' dir='ltr'>Plompen.</span> <span class='ocrx_word' id='word_1_371' title='bbox 937 4854 1025 4925; x_wconf 91' lang='lat' dir='ltr'>Item</span> <span class='ocrx_word' id='word_1_372' title='bbox 1052 4855 1171 4926; x_wconf 91' lang='lat' dir='ltr'>eadem</span> <span class='ocrx_word' id='word_1_373' title='bbox 1198 4855 1279 4927; x_wconf 87' lang='lat' dir='ltr'>villa</span> <span class='ocrx_word' id='word_1_374' title='bbox 1305 4875 1410 4925; x_wconf 90' lang='lat' dir='ltr'>unum</span> <span class='ocrx_word' id='word_1_375' title='bbox 1437 4855 1605 4927; x_wconf 87' lang='lat' dir='ltr'>duntaxat</span> <span class='ocrx_word' id='word_1_376' title='bbox 1631 4854 1809 4946; x_wconf 89' lang='lat' dir='ltr'>praedium</span> <span class='ocrx_word' id='word_1_377' title='bbox 1835 4853 1899 4925; x_wconf 89' lang='lat' dir='ltr'>mi·</span> 
     </span>
     <span class='ocr_line' id='line_1_37' title="bbox 348 4969 1897 5076; baseline 0.003 -34"><span class='ocrx_word' id='word_1_378' title='bbox 348 4969 450 5043; x_wconf 87' lang='lat' dir='ltr'>litare</span> <span class='ocrx_word' id='word_1_379' title='bbox 476 4972 600 5064; x_wconf 89' lang='lat' dir='ltr'>habet,</span> <span class='ocrx_word' id='word_1_380' title='bbox 618 4974 710 5063; x_wconf 87' lang='lat' dir='ltr'>quod</span> <span class='ocrx_word' id='word_1_381' title='bbox 737 4974 841 5046; x_wconf 86' lang='lat' dir='ltr'>solvit</span> <span class='ocrx_word' id='word_1_382' title='bbox 867 4974 1033 5046; x_wconf 88' lang='lat' dir='ltr'>decimam</span> <span class='ocrx_word' id='word_1_383' title='bbox 1060 4974 1307 5066; x_wconf 91' lang='lat' dir='ltr'>manipularem</span> <span class='ocrx_word' id='word_1_384' title='bbox 1334 4975 1480 5065; x_wconf 87' lang='lat' dir='ltr'>plebano</span> <span class='ocrx_word' id='word_1_385' title='bbox 1508 4982 1544 5047; x_wconf 92' lang='lat' dir='ltr'>et</span> <span class='ocrx_word' id='word_1_386' title='bbox 1570 4976 1734 5048; x_wconf 88' lang='lat' dir='ltr'>ecclesiae</span> <span class='ocrx_word' id='word_1_387' title='bbox 1759 4975 1796 5047; x_wconf 94' lang='lat' dir='ltr'>iu</span> <span class='ocrx_word' id='word_1_388' title='bbox 1821 4972 1897 5076; x_wconf 55' lang='lat' dir='ltr'>ch</span> 
     </span>
     <span class='ocr_line' id='line_1_38' title="bbox 348 5091 1472 5184; baseline 0.001 -20"><span class='ocrx_word' id='word_1_389' title='bbox 348 5091 502 5184; x_wconf 83' lang='lat' dir='ltr'>bycdr.</span> <span class='ocrx_word' id='word_1_390' title='bbox 1469 5094 1472 5099; x_wconf 82' lang='grc'><strong>’</strong></span> 
     </span>
    </p>

    <p class='ocr_par' dir='ltr' id='par_1_11' title="bbox 348 5212 1897 5549">
     <span class='ocr_line' id='line_1_39' title="bbox 451 5212 1897 5309; baseline 0.003 -25"><span class='ocrx_word' id='word_1_391' title='bbox 451 5212 540 5285; x_wconf 90' lang='lat' dir='ltr'>ltem</span> <span class='ocrx_word' id='word_1_392' title='bbox 566 5215 762 5305; x_wconf 89' lang='lat' dir='ltr'>praebenda</span> <span class='ocrx_word' id='word_1_393' title='bbox 788 5216 945 5306; x_wconf 85' lang='lat' dir='ltr'>praelata</span> <span class='ocrx_word' id='word_1_394' title='bbox 978 5217 1083 5290; x_wconf 88' lang='lat' dir='ltr'>habet</span> <span class='ocrx_word' id='word_1_395' title='bbox 1119 5215 1354 5288; x_wconf 89' lang='lat' dir='ltr'>duodecimam</span> <span class='ocrx_word' id='word_1_396' title='bbox 1385 5217 1631 5309; x_wconf 82' lang='lat' dir='ltr'>manIpularem</span> <span class='ocrx_word' id='word_1_397' title='bbox 1669 5218 1835 5291; x_wconf 89' lang='lat' dir='ltr'>decimam</span> <span class='ocrx_word' id='word_1_398' title='bbox 1861 5217 1897 5289; x_wconf 93' lang='lat' dir='ltr'>in</span> 
     </span>
     <span class='ocr_line' id='line_1_40' title="bbox 348 5333 1896 5429; baseline 0.004 -26"><span class='ocrx_word' id='word_1_399' title='bbox 348 5333 430 5405; x_wconf 82' lang='lat' dir='ltr'>villa</span> <span class='ocrx_word' id='word_1_400' title='bbox 457 5333 684 5424; x_wconf 85' lang='lat' dir='ltr'>Trzyebal</span> <span class='ocrx_word' id='word_1_401' title='bbox 712 5337 777 5407; x_wconf 90' lang='lat' dir='ltr'>sub</span> <span class='ocrx_word' id='word_1_402' title='bbox 803 5336 967 5425; x_wconf 86' lang='lat' dir='ltr'>parochia</span> <span class='ocrx_word' id='word_1_403' title='bbox 993 5336 1157 5408; x_wconf 86' lang='lat' dir='ltr'>ecclesiae</span> <span class='ocrx_word' id='word_1_404' title='bbox 1185 5336 1226 5408; x_wconf 94' lang='lat' dir='ltr'>de</span> <span class='ocrx_word' id='word_1_405' title='bbox 1254 5336 1475 5429; x_wconf 74' lang='lat' dir='ltr'>Pobyodr,</span> <span class='ocrx_word' id='word_1_406' title='bbox 1503 5340 1600 5409; x_wconf 90' lang='lat' dir='ltr'>cuius</span> <span class='ocrx_word' id='word_1_407' title='bbox 1627 5339 1749 5412; x_wconf 90' lang='lat' dir='ltr'>haeres</span> <span class='ocrx_word' id='word_1_408' title='bbox 1771 5337 1896 5411; x_wconf 64' lang='lat' dir='ltr'>Henriss</span> 
     </span>
     <span class='ocr_line' id='line_1_41' title="bbox 348 5452 1897 5549; baseline 0.002 -25"><span class='ocrx_word' id='word_1_409' title='bbox 348 5472 409 5524; x_wconf 88' lang='lat' dir='ltr'>cus</span> <span class='ocrx_word' id='word_1_410' title='bbox 427 5452 733 5546; x_wconf 85' lang='lat' dir='ltr'>Russaczsky,</span> <span class='ocrx_word' id='word_1_411' title='bbox 751 5456 876 5528; x_wconf 88' lang='lat' dir='ltr'>nabilis</span> <span class='ocrx_word' id='word_1_412' title='bbox 894 5457 937 5528; x_wconf 91' lang='lat' dir='ltr'>de</span> <span class='ocrx_word' id='word_1_413' title='bbox 955 5456 1056 5527; x_wconf 87' lang='lat' dir='ltr'>domo</span> <span class='ocrx_word' id='word_1_414' title='bbox 1078 5453 1304 5549; x_wconf 85' lang='lat' dir='ltr'>Plomyen.</span> <span class='ocrx_word' id='word_1_415' title='bbox 1329 5456 1371 5530; x_wconf 90' lang='lat' dir='ltr'>In</span> <span class='ocrx_word' id='word_1_416' title='bbox 1390 5456 1556 5549; x_wconf 76' lang='lat' dir='ltr'>quasilla</span> <span class='ocrx_word' id='word_1_417' title='bbox 1573 5465 1654 5530; x_wconf 90' lang='lat' dir='ltr'>sunt</span> <span class='ocrx_word' id='word_1_418' title='bbox 1673 5458 1790 5531; x_wconf 87' lang='lat' dir='ltr'>decem</span> <span class='ocrx_word' id='word_1_419' title='bbox 1808 5456 1897 5531; x_wconf 88' lang='lat' dir='ltr'>lanel</span> 
     </span>
    </p>
   </div>
   <div class='ocr_carea' id='block_1_9' title="bbox 0 0 2044 6068">
    <p class='ocr_par' dir='ltr' id='par_1_12' title="bbox 0 0 2044 6068">
     <span class='ocr_line' id='line_1_42' title="bbox 0 0 2044 6068; baseline 0 3"><span class='ocrx_word' id='word_1_420' title='bbox 0 0 2044 6068; x_wconf 95' lang='lat' dir='ltr'> </span> 
     </span>
    </p>
   </div>
  </div>
 </body>
</html>
