4050 6054
239 499 309 575 62.

237 708 347 798 primo
366 726 406 776 ae
422 706 659 796 principaliter
676 706 780 778 habet
797 707 962 776 decimam
981 707 1227 798 manipularem
1250 707 1285 777 in
1305 706 1387 777 villa
1411 706 1789 798 Dzyeuyanthel-

237 826 334 916 ska,
370 827 434 897 sub
460 826 624 918 parochia
650 826 813 898 ecclcsiae
840 826 883 898 de
909 826 1312 915 Naszachowicze,
1348 827 1444 897 cuius
1470 827 1572 898 villae
1599 828 1787 900 dominium

235 948 386 1037 pertiuet
410 946 455 1017 ad
480 945 625 1017 Paulum
652 947 695 1018 de
721 946 916 1037 Sproua,
944 947 1166 1017 castellanum
1185 946 1444 1036 Leopoliensem
1463 947 1505 1018 de
1524 948 1625 1019 domo
1652 946 1788 1020 Odro·

236 1066 423 1137 wansch.
463 1066 504 1136 In
531 1087 599 1168 qua
625 1067 764 1158 quidem
791 1067 873 1138 uilla
900 1071 980 1137 sunt
1005 1066 1169 1138 tredecim
1195 1067 1286 1138 lanei
1314 1067 1563 1155 emethonales‚
1590 1067 1633 1138 de
1661 1069 1787 1158 quibus

236 1187 393 1258 omnibus
420 1185 522 1257 datur
548 1185 681 1259 decima
707 1186 929 1276 manipularis
955 1186 1171 1276 praebendae
1206 1185 1382 1278 praefatae
1412 1190 1448 1258 et
1473 1186 1610 1258 ducitur
1635 1189 1788 1278 propriis

236 1307 392 1377 curribus
419 1327 482 1396 per
508 1306 705 1379 amathones
731 1308 767 1377 in
794 1308 956 1378 borreum
983 1328 1004 1376 a
1030 1307 1193 1379 canonico
1225 1306 1423 1396 locandum,
1449 1310 1486 1377 et
1511 1306 1595 1378 dant
1620 1308 1788 1380 decimam

236 1427 357 1516 canapi
383 1447 446 1518 per
473 1431 619 1517 quatuor
655 1428 831 1498 iuncturas
866 1430 902 1498 ct
927 1428 1130 1499 aestimatur
1164 1426 1262 1499 valor
1296 1427 1370 1498 eius
1397 1425 1441 1498 ad
1468 1425 1616 1499 sedecim
1642 1447 1788 1501 marcas.

234 1545 301 1617 Est
328 1545 431 1617 etiam
459 1546 508 1618 ibi
533 1547 696 1636 taberna,
723 1547 805 1617 item
832 1546 926 1617 duae
946 1547 1161 1618 hortulaniae
1188 1547 1354 1647 habentes
1382 1566 1495 1637 agros,
1522 1545 1566 1619 de
1584 1548 1707 1638 quibus
1725 1547 1788 1620 de-

235 1668 323 1737 cima
348 1667 573 1758 manipularis
600 1668 710 1739 datur.
737 1668 825 1738 Item
852 1672 905 1739 est
931 1668 980 1738 ibi
1007 1668 1101 1738 curia
1126 1667 1287 1738 militaris
1314 1668 1445 1739 habens
1463 1687 1565 1757 agros
1583 1669 1788 1760 praediales,

235 1787 278 1859 de
306 1788 429 1878 quibus
458 1787 591 1859 decima
616 1768 839 1879 manipularis
866 1787 1013 1861 soluitur
1038 1788 1185 1880 plebano
1213 1792 1248 1859 et
1274 1789 1438 1860 ecclesiae
1465 1790 1500 1859 in
1528 1789 1786 1861 Paczonow.

337 1908 424 1979 Item
451 1908 648 2000 praebenda
673 1908 828 1999 praefata
844 1909 949 1983 habet
966 1909 1132 1981 decimam
1151 1910 1335 1981 secundam
1353 1909 1389 1979 ln
1407 1910 1492 1980 villa
1517 1896 1786 2000 Mye'choui-
1804 1999 1807 2007 ¹

234 2050 309 2101 eze
336 2030 399 2101 sub
417 2031 580 2121 parochia
598 2031 761 2101 ecclesiae
779 2031 822 2101 de
848 2029 1273 2121 Naszyachouicze,
1299 2030 1395 2102 auius
1413 2031 1609 2101 haereditas
1635 2031 1789 2122 pertinet

234 2150 277 2221 ad
304 2148 559 2242 Stogneum,
587 2151 747 2222 nobilem
763 2148 806 2223 de
832 2151 937 2221 armis
965 2149 1123 2222 Oksza.
1162 2150 1203 2221 In
1230 2170 1298 2242 qua
1324 2155 1405 2223 suut
1430 2170 1491 2221 sex
1518 2151 1608 2221 lanei
1625 2151 1786 2225 emetha·
1834 2140 1840 2159 '

234 2272 338 2360 naleS,
365 2272 468 2342 etde
496 2272 645 2362 quinque
675 2271 784 2342 laneis
820 2270 966 2341 solvitur
1001 2270 1133 2341 decima
1159 2270 1381 2360 manipularis
1407 2270 1623 2361 praebendae
1649 2270 1785 2361 praefa-

88 2420 91 2425 ·
233 2396 289 2462 tae
316 2397 351 2463 et
376 2391 512 2463 ducitur
537 2391 689 2482 propriis
716 2391 874 2462 curribus
900 2411 963 2480 per
989 2391 1186 2461 emethones
1204 2391 1240 2461 in
1258 2392 1419 2463 horreum
1436 2411 1459 2461 a
1477 2392 1640 2461 canonico
1667 2390 1785 2463 locau-

235 2511 325 2600 dum,
353 2517 388 2582 et
413 2512 610 2583 emethones
637 2510 775 2581 solvunt
801 2510 969 2581 decimam
996 2511 1129 2611 canapi
1143 2531 1206 2601 per
1233 2516 1380 2601 quatuor
1409 2511 1596 2600 iuncturas,
1623 2517 1659 2582 et
1677 2512 1782 2583 aesti-

233 2636 347 2712 matur
378 2631 475 2703 valor
510 2631 661 2703 decimae
692 2630 865 2722 praefatae
900 2630 944 2701 ad
982 2637 1111 2721 septem
1147 2651 1300 2720 marcas3
1335 2631 1378 2703 de
1405 2636 1502 2703 sexto
1540 2636 1653 2702 autem
1679 2631 1780 2704 laneo

234 2752 382 2843 percipit
421 2752 587 2824 decimam
622 2752 867 2843 manipularem
903 2751 1071 2843 plebanus
1107 2757 1142 2823 et
1176 2752 1322 2825 ecclesia
1356 2751 1399 2823 de
1436 2752 1783 2844 Nassyachowi·

232 2893 328 2961 eze,
357 2873 417 2944 sed
443 2893 512 2944 non
539 2878 592 2943 est
618 2872 791 2963 cognitum
828 2893 895 2963 quo
925 2873 1010 2943 iure.
1053 2872 1139 2943 Item
1176 2873 1211 2943 in
1247 2871 1366 2945 eadem
1382 2942 1384 2946 Α
1400 2871 1483 2943 uilla
1517 2877 1570 2942 est
1603 2873 1782 2963 praedium

234 2993 392 3082 militare,
419 2992 462 3064 de
489 3015 556 3084 quo
583 2993 715 3065 decima
741 2992 842 3064 datur
868 2993 1014 3084 plebano
1042 2998 1077 3063 et
1103 2992 1266 3065 ecclesiae
1293 2993 1328 3063 in
1355 2990 1782 3084 Nassyochowic'ze,

233 3113 316 3185 item
343 3117 423 3184 sunt
448 3113 496 3184 ibi
523 3113 611 3185 duae
636 3113 866 3204 hortulaniae,
892 3134 961 3184 una
985 3113 1139 3202 taberna,
1165 3134 1270 3184 unum
1295 3112 1529 3183 molendinum
1555 3113 1616 3185 sed
1634 3135 1702 3185 non
1720 3114 1783 3185 ha-

233 3234 318 3307 bent
343 3254 455 3325 agros.
1112 3312 1115 3317 .

335 3355 422 3426 Item
449 3354 645 3448 praebenda
670 3353 825 3445 praefata
850 3355 956 3427 habet
981 3354 1119 3426 tertiam
1147 3354 1313 3426 decimam
1331 3346 1367 3424 in
1386 3353 1468 3424 villa
1495 3353 1581 3425 Mal
1593 3377 1612 3425 o
1624 3354 1782 3444 sehow,
1896 3447 1900 3453 ‚

234 3475 269 3547 in
297 3481 436 3566 quaest
462 3475 606 3547 eeclesia
623 3475 842 3567 parochialia,
869 3497 956 3567 quae
982 3475 1212 3547 haereditarie
1239 3475 1390 3567 pertinet
1415 3495 1506 3545 nunc
1528 3459 1572 3546 ad
1590 3475 1782 3547 Johanuem

233 3597 276 3669 dc
303 3596 624 3688 Curozuanky,
651 3584 802 3669 nobilem
829 3597 990 3667 dedomo
1017 3595 1144 3667 Rose.
1170 3597 1211 3667 In
1239 3617 1306 3687 qua
1333 3600 1414 3666 sunt
1439 3616 1561 3666 novem
1582 3596 1674 3667 lanei
1692 3617 1781 3667 eme-

215 3717 400 3807 .thonaleS,
427 3719 470 3789 de
497 3719 620 3810 quibus
638 3719 796 3790 omnibus
815 3718 961 3789 soletur
978 3717 1110 3789 decima
1127 3717 1352 3809 manipularis
1370 3716 1586 3806 praebendae
1606 3715 1782 3807 praefatae

231 3842 267 3909 et
292 3838 429 3910 ducitur
454 3840 604 3931 propriis
631 3839 788 3910 curribus
814 3839 849 3909 in
867 3839 1030 3910 horreum
1048 3858 1111 3929 per
1128 3839 1327 3909 canonicum
1346 3836 1572 3926 deligendum,
1591 3843 1626 3910 ct
1643 3837 1783 3910 solvunt

233 3941 430 4030 cmethoncs
457 3958 634 4051 decimam,
648 3959 771 4050 canapi
798 3963 833 4030 et
859 3959 1061 4035 aestimatur
1086 3958 1185 4031 valor
1211 3959 1361 4030 decimae
1387 3956 1563 4047 praefatae
1592 3957 1635 4028 ad
1654 3956 1782 4029 duode-

235 4079 301 4148 cim
325 4099 468 4149 marcas.
495 4081 582 4150 Item
609 4085 667 4151 est
688 4080 737 4150 ibi
762 4100 867 4150 unum
894 4079 1071 4171 praedium
1098 4079 1256 4170 militare,
1283 4080 1326 4150 de
1353 4078 1448 4149 cuius
1476 4078 1569 4168 agris
1592 4078 1782 4150 decimatur

234 4217 298 4307 pro
325 4200 470 4270 ecelesia
497 4199 532 4270 in
559 4190 847 4271 Mal'oschow.

337 4319 423 4390 Item
450 4320 646 4411 praebenda
671 4319 828 4411 praefata
853 4319 959 4392 habet
976 4323 1134 4412 quartam
1152 4320 1317 4392 dealmam
1336 4320 1372 4391 in
1391 4320 1474 4392 villa
1499 4320 1781 4413 Oboranszy-

233 4461 309 4511 oze
335 4462 443 4532 prope
468 4441 816 4513 Proschowicze
843 4443 907 4513 sub
933 4442 1277 4532 parochiaecclesiac
1300 4441 1343 4513 de
1369 4441 1656 4533 Oorryuscha,
1684 4443 1781 4514 cuius

233 4561 355 4633 haeres
381 4567 435 4634 est
456 4561 768 4654 Wyrzbyatha
794 4567 829 4634 et
854 4561 989 4653 Petrus,
1016 4562 1152 4652 Paulae,
1175 4562 1323 4635 Thomas
1349 4562 1692 4654 Kolaczowsky,
1719 4583 1780 4632 no-

60 4738 67 4747 ,
166 4775 175 4787 x
233 4683 319 4755 biles
346 4683 389 4755 de
416 4685 516 4755 domo
544 4672 812 4754 Griffonum.
838 4683 879 4755 In
907 4704 973 4774 qua
1000 4684 1083 4755 villa
1109 4689 1189 4755 suut
1215 4704 1274 4756 sex
1302 4684 1392 4755 lanei
1419 4704 1495 4754 curn
1522 4682 1663 4754 dimidio
1691 4702 1781 4753 cme-

231 4802 397 4896 thonales,
425 4804 468 4876 de
495 4806 618 4896 quibus
637 4805 793 4876 omnibus
812 4805 957 4876 solvitur
974 4803 1106 4876 decima
1123 4804 1345 4896 manIpularis
1363 4803 1579 4899 praebendae
1605 4802 1782 4895 praefatae

232 4926 269 4996 et
294 4924 431 4997 ducitur
456 4946 520 5017 per
546 4925 742 4998 emethones
768 4925 918 5018 propriis
945 4925 1103 4998 curribus
1129 4925 1166 4995 in
1191 4910 1353 4998 borreum
1372 4945 1392 4996 a
1410 4926 1573 4996 canonico
1591 4923 1781 5012 locandum,

232 5048 268 5114 et
294 5045 431 5117 solvunt
457 5047 622 5118 decimam
640 5047 761 5137 canapi
778 5067 841 5137 per
859 5050 1005 5137 quatuor
1023 5046 1199 5116 iuncturas
1226 5050 1262 5117 et
1289 5047 1489 5117 aestimatur
1514 5046 1611 5118 valor
1629 5044 1780 5116 decimae

231 5164 405 5257 praefatae
431 5167 475 5239 ad
502 5171 579 5240 octo
606 5187 748 5239 marcas.
775 5166 854 5238 Non
881 5172 935 5238 est
960 5165 1009 5238 ibi
1035 5164 1188 5257 taberna,
1217 5166 1278 5239 sed
1306 5173 1385 5239 sunt
1401 5168 1451 5253 ibi
1469 5166 1557 5238 duae
1575 5165 1689 5238 curiae
1715 5165 1779 5234 mi-

231 5285 369 5376 litares,
395 5287 477 5358 item
504 5295 652 5380 quatuor
677 5287 902 5377 hortulaniae,
923 5287 973 5359 de
999 5306 1144 5377 quorum
1171 5289 1264 5379 agris
1298 5288 1442 5361 solvitur
1468 5285 1599 5360 decima
1625 5286 1780 5376 manipu-
1927 5361 1932 5369 ,

232 5405 315 5478 laris
341 5407 486 5498 plebano
513 5413 550 5485 et
575 5409 738 5489 ecclesiae
765 5411 802 5486 io
827 5408 1172 5508 Nyekrasszou.
