4050 6054
1572 489 1575 495 .
1709 422 1784 503 idi

235 630 419 707 locandum
453 632 605 724 propriis
637 632 797 705 curribus
821 635 861 704 et
886 614 993 704 valor
1012 630 1086 704 eius
1114 629 1320 703 aestimatur
1346 628 1392 703 ad
1417 628 1504 702 duas
1526 650 1682 720 *marcam
1708 651 1788 721 per·

235 755 349 846 ceptio
375 760 493 826 tamen
520 755 594 825 eius
621 753 874 827 diversificatur
900 753 936 827 in
963 753 1156 825 alternatae
1182 752 1291 843 vices,
1319 773 1398 822 nam
1426 772 1495 823 uno
1522 747 1612 823 anno
1639 752 1789 844 percipit
1914 740 1919 752 ’

235 875 330 948 illam
356 896 433 948 cnm
460 876 554 947 omni
579 876 655 947 iure
677 875 840 947 custodia
865 873 1121 966 Kyelcriensis‚
1147 874 1258 946 altere
1286 894 1372 945 vero
1400 895 1492 946 anno
1518 872 1667 964 percipit
1693 873 1787 945 illam

232 997 434 1087 praebenda
454 997 695 1088 Kyelcziensis
733 997 838 1069 etiam
869 1016 953 1068 cnm
979 996 1072 1067 omni
1098 995 1195 1086 iure,
1233 1015 1321 1087 quae
1348 1000 1494 1067 vocatur
1519 994 1788 1087 Pyreznyczska.

235 1119 325 1191 Item
360 1140 430 1193 non
457 1123 511 1191 est
536 1119 573 1190 in
599 1119 720 1203 eadem
747 1119 830 1191 villa
854 1117 1055 1208 praedium,
1079 1118 1166 1191 item
1193 1138 1262 1189 non
1289 1121 1371 1188 sunt
1394 1117 1580 1207 tabernae,
1608 1117 1692 1188 item
1715 1139 1788 1189 non

216 1245 319 1312 ¹sunt
344 1240 582 1329 honulaniae3
609 1240 692 1318 item
715 1245 770 1312 est
796 1240 845 1312 ibi
872 1238 1031 1311 scoltetia
1056 1238 1189 1311 habens
1206 1238 1293 1311 dnos
1319 1238 1448 1329 laneos
1475 1237 1539 1309 sed
1565 1237 1789 1341 inclndnntnr

234 1360 328 1433 inter
359 1361 601 1433 emethonales.
872 1414 874 1419 ,
1612 1348 1623 1361 ”
1728 1369 1761 1431 ἰ

218 1502 222 1517 ’
292 1465 298 1470 ’
340 1481 737 1572 Szanzrworowuczm
764 1482 858 1573 villa
876 1483 1008 1555 habens
1035 1482 1071 1554 in
1092 1502 1136 1553 se
1161 1481 1396 1572 parochialem
1414 1476 1613 1554 ecclesiam¹
1653 1464 1788 1572 lapide

237 1603 316 1676 albo
344 1608 534 1694 muratam,
562 1604 660 1675 cuius
686 1605 810 1676 haeres
836 1602 963 1676 Petrus
988 1602 1241 1694 Obulyecz,
1267 1597 1394 1675 nabilis
1421 1601 1465 1674 de
1492 1602 1601 1675 domo
1620 1609 1657 1674 et
1682 1605 1788 1675 armis

237 1723 554 1814 Odrowanseh‚
581 1725 617 1796 in
641 1725 759 1796 media
784 1728 893 1814 parte
909 1725 1031 1813 villae3
1058 1725 1094 1794 in
1112 1725 1224 1796 altera
1240 1734 1325 1796 vero
1342 1724 1528 1797 medietate
1545 1725 1647 1797 uillae
1664 1725 1789 1823 haer-es

239 1846 407 1919 Nicolaus
429 1845 683 1937 ‘Ghyczskp
709 1846 836 1919 nobilis
864 1846 907 1918 de
934 1846 1040 1918 armis
1070 1842 1363 1937 Griphonnm,
1389 1846 1425 1917 in
1453 1867 1522 1937 qua
1539 1851 1621 1917 sunt
1639 1847 1788 1948 sedecim

237 1968 342 2040 lanei.
365 1967 617 2056 nmethonales,
644 1965 688 2038 de
724 1963 849 2057 quibus
880 1966 1028 2039 solvitur
1055 1966 1188 2040 decime
1223 1966 1448 2057 manipularis
1485 1972 1523 2039 et
1545 1986 1611 2058 per
1638 1973 1789 2058 quatuor

237 2091 377 2178 ierugas
404 2088 578 2176 canapalis
605 2087 742 2159 custodi
762 2085 974 2177 Kyelciensi‚
1003 2092 1046 2180 et
1058 2087 1196 2159 ducunt
1222 2107 1297 2159 eam
1324 2088 1522 2160 emethones
1540 2089 1692 2178 propriis
1711 2108 1787 2161 aar·

193 2240 195 2244 ⁷
227 2208 335 2281 xribus
372 2208 408 2278 in
445 2207 608 2278 horreum
644 2226 666 2277 a
700 2207 844 2278 custode
879 2206 1062 2278 locandum
1097 2212 1135 2277 et
1168 2207 1268 2277 valor
1296 2207 1502 2279 aestimatur
1528 2208 1602 2281 eius
1629 2208 1674 2280 ad
1699 2214 1789 2300 octo,

238 2326 423 2418 aliqnando
451 2326 495 2396 ad
521 2326 640 2397 decem
665 2346 815 2416 marcas,
839 2327 1019 2417 perceptio
1046 2331 1162 2398 tamen
1183 2326 1265 2397 eius
1292 2326 1549 2399 diversificatur
1575 2328 1611 2403 in
1634 2327 1789 2401 amrm-

237 2453 292 2519 tas
319 2448 430 2536 vices3
457 2468 537 2518 nam
563 2469 631 2519 uno
658 2467 748 2519 anno
775 2447 925 2538 percipit
950 2447 1045 2518 illam
1072 2466 1149 2518 cum
1175 2448 1268 2518 omni
1286 2447 1361 2518 iure
1380 2446 1538 2519 custodia
1555 2447 1786 2540 Kyelczensis‚

238 2568 349 2640 altero
375 2590 459 2641 vero
487 2588 576 2640 anno
604 2569 752 2659 percipit
778 2569 873 2639 illam
900 2589 977 2640 cum
1004 2569 1097 2640 omni
1124 2569 1199 2640 inre
1216 2568 1417 2658 praebenda
1433 2567 1678 2660 Kyeleziensis
1698 2590 1787 2659 quae
1819 2637 1831 2650 ,

238 2695 389 2763 vocatur
409 2689 679 2782 Pyrsznyczska.
705 2690 793 2764 aaa
816 2689 857 2761 in
881 2689 1005 2762 cadem
1030 2688 1115 2760 silla
1140 2695 1223 2761 sunt
1243 2674 1322 2761 'tres
1348 2690 1525 2780 tabemae
1551 2689 1640 2762 duae
1666 2691 1789 2762 haere·
1818 2727 1821 2743 ·

237 2809 319 2881 dum
345 2815 383 2882 et
407 2812 518 2882 tertia
540 2810 689 2901 plebani,
716 2811 778 2884 sed
804 2832 874 2882 non
900 2810 1030 2882 habent
1055 2831 1177 2900 agros3
1204 2811 1286 2883 item
1314 2811 1350 2881 in
1377 2811 1496 2882 eadem
1522 2810 1606 2883 villa
1631 2811 1788 2883 hortula-
1824 2823 1829 2832 '

237 2932 316 3004 niae
337 2951 411 3003 non
431 2937 529 3003 sunt
554 2931 642 3003 Item
669 2932 705 3002 in
730 2932 852 3013 ,eadem
881 2932 965 3003 villa
992 2936 1073 3003 sunt
1098 2931 1166 3002 duo
1194 2932 1338 3022 praedia
1364 2932 1544 3022 militaria,
1571 2931 1615 3004 de
1637 2926 1788 3022 quondm

237 3053 345 3144 agris,
358 3052 505 3124 solvitur
531 3051 665 3125 decima
679 3052 908 3143 manipularis
927 3053 1092 3124 ecelesiae
1107 3053 1302 3143 parochiali
1320 3054 1355 3123 in
1373 3051 1514 3125 Szadz
1523 3073 1788 3145 ysaowycne.

339 3173 536 3264 Kniszow,
562 3173 645 3246 villa
671 3174 735 3246 sub
761 3174 928 3264 parochia
955 3173 1120 3245 ecclesiae
1139 3174 1190 3246 de
1217 3172 1342 3265 Kyie,
1368 3174 1466 3245 cuius
1487 3173 1661 3246 haerodes
1678 3174 1788 3264 Dzy-

177 3300 181 3305 ’
239 3295 424 3388 'vyszine
454 3295 503 3367 -de
540 3296 645 3366 armis
682 3292 1002 3385 Gelithonum‚
1029 3303 1065 3376 et
1100 3293 1277 3366 lohannes
1313 3293 1578 3385 M-nyowslry
1610 3295 1655 3366 de
1680 3296 1787 3369 armis

213 3415 497 3508 ‘Nyeczuya,
523 3413 702 3488 lohannes
737 3412 849 3506 Goly
885 3415 928 3486 de
960 3414 1066 3487 armis
1102 3414 1344 3511 Npeczuya
1371 3420 1415 3485 -et
1441 3413 1587 3487 Pelka
1610 3415 1717 3487 etiam
1745 3416 1787 3486 de

239 3537 346 3608 armis
379 3535 640 3628 Nyeezuya,
666 3536 703 3606 in
740 3556 809 3625 qua
844 3539 925 3606 sunt
955 3555 1048 3609 nnus
1074 3555 1152 3606 cum
1179 3534 1321 3606 dimidio
1347 3534 1439 3607 lanei
1466 3535 1717 3625 cmethonales,
1738 3536 1787 3607 de

239 3658 363 3751 quitus
390 3658 549 3730 omnibns
569 3657 724 3730 ‘solvitur
751 3656 883 3728 decima
909 3656 1133 3746 manipularis
1156 3660 1192 3726 et
1205 3676 1272 3745 per
1291 3661 1440 3744 quatuor
1457 3657 1595 3745 ierugas
1614 3656 1788 3746 canapalis

238 3779 377 3858 custodi
400 3777 631 3870 Kyelcniensi²
658 3786 694 3849 et
720 3777 850 3849 ducunt
875 3798 951 3849 eam
979 3777 1178 3848 emethones
1203 3776 1355 3866 propriis
1382 3776 1543 3848 curribus
1568 3777 1604 3848 in
1623 3777 1789 3855 horreum
1849 3808 1855 3821 s

239 3921 261 3972 a
286 3900 429 3972 custode
463 3899 647 3970 locandum
684 3906 720 3969 et
756 3899 854 3970 valor
873 3899 955 3974 ⁴eius
981 3898 1185 3970 aestimatur
1211 3897 1256 3968 ad
1282 3917 1386 3970 unam
1413 3918 1583 3988 marcam
1608 3858 1836 4093 perce&

238 4026 355 4112 tamen
372 4021 455 4092 eius
482 4020 735 4092 diversificatur
760 4021 797 4090 in
821 4020 1016 4092 alternatos
1034 4019 1135 4109 vices,
1154 4039 1234 4089 nam
1252 4039 1320 4108 uno
1338 4040 1429 4090 anno
1447 4009 1596 4110 percipit
1606 4039 1690 4091 eam

242 4143 336 4214 omni
366 4143 446 4214 iure
483 4148 599 4213 custos
634 4141 871 4232 Kyelciensis,
894 4141 1009 4213 altero
1044 4141 1127 4212 vtro
1160 4160 1254 4211 anno
1289 4140 1437 4229 percipit
1471 4118 1570 4212 illam
1592 4141 1790 4232 praebenda

238 4263 473 4356 Kyelmiensis
509 4284 586 4334 curn
622 4263 715 4334 omni
749 4263 843 4352 iure,
881 4283 969 4352 qnae
1004 4266 1149 4334 vocatur
1183 4252 1460 4352 Pyrsznyczska3
1493 4263 1577 4334 item
1603 4263 1639 4333 in
1666 4262 1786 4337 eadem

158 4374 162 4383 ‘
238 4385 321 4459 villa
354 4406 424 4456 non
461 4391 542 4456 sunt
576 4385 751 4456 tabernae.
792 4384 882 4455 Item
917 4383 1134 4455 hortulauiae
1161 4403 1241 4473 sex,
1269 4391 1356 4472 quae
1382 4383 1514 4459 habent
1540 4403 1643 4473 agros
1669 4384 1785 4473 largos

239 4490 490 4594 emethouales,
517 4505 560 4577 de
587 4506 711 4595 quibus
738 4484 896 4577 omnibus
924 4505 1071 4577 solvitur
1097 4503 1230 4576 decima
1255 4503 1481 4593 manipularis
1508 4524 1571 4594 pro
1599 4525 1667 4575 uno
1691 4525 1785 4576 anno

239 4627 426 4717 custodiae,
451 4633 489 4698 et
515 4647 578 4717 pro
605 4626 716 4698 altero
742 4626 979 4716 praebendae;
1005 4626 1087 4698 item
1114 4625 1151 4697 in
1175 4624 1297 4697 eadem
1315 4624 1399 4710 uilla
1417 4629 1497 4696 sunt
1516 4630 1665 4714 quatuor
1683 4646 1784 4715 prae-

238 4747 297 4820 dia
331 4747 511 4838 militaria,
542 4768 631 4837 quae
667 4746 806 4818 solvunt
839 4746 1007 4818 decimam
1041 4745 1292 4852 manipularem
1325 4745 1491 4818 ecelesiae
1526 4745 1717 4836 parochiali
1744 4747 1781 4819 in

236 4865 364 4961 Kyie.
502 4944 504 4948 ,

345 4989 565 5081 Sacranos,
591 4989 675 5061 villa
702 4989 766 5062 sab
792 4987 960 5078 parochia
986 4986 1152 5060 ecelesiae
1165 4986 1213 5061 de
1231 4968 1683 5079 Szadzyvropowicie
1709 4987 1786 5080 sito,

240 5111 338 5187 cuius
355 5111 488 5184 ‹haeres
513 5111 724 5202 Zegotha
749 5110 793 5182 de
820 5110 926 5183 armis
953 5109 1269 5200 Bippennium,
1286 5107 1677 5198 inquasnntquinque
1694 5109 1787 5182 lanei

239 5232 487 5323 mancusios,
512 5233 558 5304 de
585 5232 711 5323 quibus
736 5231 884 5303 solvitur
911 5227 1295 5319 decima-manipularis
1322 5234 1358 5298 et
1384 5249 1447 5320 per
1472 5234 1622 5319 quatuor
1647 5230 1785 5319 ierugas

238 5353 421 5446 canapalis·
439 5353 573 5428 custodi
592 5353 827 5445 Kyelcziensi·
851 5357 888 5424 et
913 5351 1044 5425 ducunt
1069 5371 1145 5422 eam
1172 5349 1372 5424 amethones
1397 5350 1549 5443 propriis
1568 5352 1731 5452 *cnnbm
1745 5351 1785 5429 in
