4080 6068
1558 461 1605 478 .,
1652 434 1744 510 ,01

195 646 338 728 Rana.
387 644 428 713 ln
455 664 523 732 qna
550 646 629 713 sunt
655 649 734 714 octo
760 644 851 713 lanei
878 644 1111 716 cmethonales
1148 647 1184 712 et
1209 661 1279 713 una
1303 644 1451 714 taberna
1475 643 1607 727 babens
1633 665 1745 735 agros,

191 773 233 856 ‚et
252 766 339 837 dnae
367 764 585 834 hortulaniae
612 764 717 833 etiam
739 764 905 835 habentes
933 785 1050 852 agree,
1078 763 1265 853 dequibus
1292 765 1450 835 omnibus
1478 764 1626 834 solvitur
1653 764 1745 836 deci·

197 909 254 957 ma
288 884 513 973 manipularis
557 877 776 973 praebendae
821 884 1018 973 praedictae
1055 882 1389 974 Wyancnlrowskey,
1434 890 1470 956 et
1509 885 1648 955 ducitur
1684 905 1747 976 per

197 1006 366 1097 agricolas
393 1006 544 1095 propriis
572 1005 730 1076 curribus
757 1006 793 1074 in
811 1005 975 1075 borreum
1002 1005 1165 1076 canonico
1184 1006 1452 1094 beneplacitum,
1480 1007 1610 1096 absque
1634 1007 1747 1077 diver-

143 1113 145 1117 *
198 1129 405 1215 sificatione,
432 1127 528 1197 cuius
548 1126 645 1197 valor
664 1127 869 1197 aestimatur
896 1126 940 1197 ad
967 1127 1084 1196 decem
1111 1147 1265 1214 marcas;
1293 1127 1432 1198 solvunt
1459 1128 1562 1197 etiam
1583 1127 1747 1198 decimam

200 1249 331 1339 canapi.
371 1247 437 1317 Est
455 1248 559 1317 etiam
587 1248 635 1318 ibi
663 1249 762 1317 curia
785 1248 915 1318 liabens
943 1269 1046 1337 agros
1074 1247 1285 1336 praedialeS,
1313 1247 1499 1338 dequibus
1526 1248 1630 1318 datur
1657 1249 1748 1320 dcci-

198 1393 254 1441 ma
280 1369 506 1458 manipularis
533 1369 679 1457 plebano
707 1374 744 1440 et
770 1369 935 1439 ecclesiae
962 1370 997 1438 in
1024 1368 1348 1459 Nyegowyecn.

303 1491 602 1579 Item'praebenda
619 1491 797 1580 praedicta
810 1491 916 1561 babet
934 1490 1100 1560 decimam
1115 1490 1364 1578 manipularem
1384 1490 1599 1561 undecimam
1617 1491 1750 1562 invilla

201 1615 264 1685 Sw
274 1613 478 1704 ydonka,
506 1612 541 1681 in
555 1612 720 1701 parochia
738 1612 902 1682 eeclesiae
921 1612 956 1681 in
971 1612 1284 1702 Nyegonyecz
1304 1612 1412 1700 sitae,
1431 1613 1527 1682 cuins
1546 1612 1748 1682 baereditas

180 1736 352 1834 'pertinet
378 1733 422 1804 ad
449 1732 600 1803 nobilem
630 1733 824 1803 iohannem
856 1733 888 1803 N
897 1734 1275 1824 yewyarowszlry
1302 1733 1344 1803 de
1372 1733 1477 1803 armis
1504 1732 1750 1803 Polnkoza.

171 1833 173 1839 ¹
201 1858 241 1927 In
261 1876 328 1945 qua
346 1859 428 1925 sunt
446 1860 577 1943 septem
596 1854 687 1923 lanei
706 1854 951 1928 emetbonnles:
974 1854 1227 1925 diversificatur
1245 1856 1350 1925 etiarn
1369 1854 1453 1924 baec
1472 1853 1604 1923 decima
1622 1858 1658 1923 et
1676 1853 1750 1923 eins

201 1977 395 2069 perceptio,
431 1977 523 2045 inter
559 1974 750 2064 praefatam
786 1975 1018 2064 praebendam
1045 1975 1344 2066 Wyanczkowska
1370 1980 1407 2045 et
1434 1974 1680 2044 monasterinm
1708 1972 1781 2044 de·

201 2097 561 2189 Lynbyschowa,
590 2096 720 2166 ordinis
748 2097 849 2166 Beati
877 2096 1064 2185 Augustini
1090 2097 1133 2185 de
1160 2097 1374 2186 poenitentia
1401 2096 1589 2167 Beatorum
1616 2095 1750 2186 Marty-

203 2241 297 2309 rum,
324 2226 360 2288 et
378 2237 555 2299 uncanno
574 2218 722 2307 percipit
748 2217 919 2308 hyemalia
946 2218 1055 2288 altero
1083 2218 1281 2307 aestivalia,
1307 2224 1343 2288 ct
1360 2218 1438 2306 pari
1456 2237 1562 2306 passu
1579 2223 1751 2288 monaste·
1790 2298 1795 2308 ἱ

204 2342 294 2413 rium
322 2341 357 2409 in
375 2338 709 2428 Lubyecbowa,
736 2339 865 2409 ducunt
892 2345 1006 2409 autem
1034 2339 1200 2410 decimam
1221 2343 1448 2428 campestrem
1466 2337 1617 2427 propriis
1644 2339 1753 2436 curri-

205 2463 268 2533 bus
296 2462 331 2531 in
358 2462 539 2546 horreum,
567 2460 658 2549 qnod
685 2461 869 2531 eanonicus
896 2443 1054 2549 elegerit,
1091 2466 1126 2530 et
1153 2461 1292 2531 solvmrt
1319 2460 1485 2530 decimam
1512 2459 1635 2548 canapi
1662 2458 1755 2530 omrai

206 2604 294 2654 anno
330 2581 547 2671 praebendae
581 2580 908 2672 Wyancnkouskey.
953 2581 1170 2652 destituatur
1205 2590 1319 2652 antem
1346 2582 1445 2651 valor
1472 2580 1624 2650 decimae
1652 2599 1752 2670 prae-

204 2705 306 2792 fatae,
332 2702 468 2791 qnando
487 2702 613 2772 cedunt
631 2703 816 2792 hyemalia,
844 2703 888 2775 ad
908 2709 1055 2792 quantuor
1074 2724 1215 2791 marcas,
1235 2702 1372 2792 quando
1392 2720 1475 2773 vero
1495 2702 1690 2790 aestivalia,
1709 2700 1754 2771 ad

205 2824 289 2895 duas
317 2843 516 2910 sexagenas.
543 2822 621 2893 Non
641 2827 825 2895 astantem
853 2825 901 2894 ibi
920 2825 1024 2912 curia,
1052 2844 1162 2913 neque
1181 2824 1257 2913 agri
1275 2822 1485 2913 praelians,
1513 2822 1574 2893 sed
1593 2828 1646 2892 est
1664 2821 1753 2892 scul-

145 3002 149 3009 ,
204 2951 314 3033 tetuS,
341 2945 472 3014 habens
492 2966 596 3034 agros
622 2946 793 3035 proprios
820 2952 856 3017 et
874 2967 896 3016 a
914 2947 1132 3017 cmethonum
1150 2948 1244 3035 agris
1263 2945 1455 3033 distinctae,
1483 2944 1667 3034 dequibus
1687 2944 1754 3016 sol-

205 3067 257 3137 rit
284 3066 451 3136 decimam
479 3066 728 3156 manipularem
756 3069 920 3137 ecclesiae
952 3074 988 3138 et
1015 3067 1160 3157 plebano
1188 3067 1224 3137 in
1243 3067 1275 3136 N
1283 3087 1438 3156 yegow
1447 3087 1569 3155 yecz,
1597 3065 1680 3135 item
1709 3064 1751 3134 de

205 3189 334 3277 canapis
362 3194 457 3258 retro
485 3188 611 3258 horrea
637 3189 733 3277 sitis,
761 3190 874 3260 asela
900 3189 1099 3279 praebenda
1117 3188 1338 3260 Cracovicnsi
1364 3187 1565 3278 percipitur,
1591 3191 1627 3256 et
1645 3186 1755 3256 rnraior

144 3352 145 3356 =
205 3330 287 3398 pars
314 3309 490 3399 praefatae
517 3309 677 3381 decimae.
1328 3331 1329 3334 ’

310 3431 398 3501 Item
426 3431 508 3501 nilla
534 3431 691 3521 praelata
718 3434 762 3503 W
781 3436 1140 3524 yancnkowycne
1177 3435 1281 3505 babet
1309 3434 1352 3504 ab
1372 3454 1441 3502 nna
1467 3437 1566 3522 parte
1585 3431 1756 3520 granicies
1805 3440 1810 3447 “

206 3576 327 3628 versus
355 3560 510 3624 anstrum
539 3576 614 3622 cnm
634 3554 716 3624 villa
743 3554 915 3642 Clrelm,
943 3562 978 3625 et
996 3555 1120 3626 dividit
1138 3555 1261 3625 fluvius
1288 3553 1484 3624 Rudawa
1511 3551 1757 3639 haereditates
1824 3535 1827 3539 ¹

84 3734 88 3741 .
207 3680 290 3748 item
326 3682 473 3764 aparte
501 3675 705 3744 occidentali
740 3675 847 3744 babet
875 3675 990 3744 villam
1027 3675 1266 3766 Brnezyna
1292 3675 1481 3744 decanatus
1508 3671 1756 3760 Gracoviensis

209 3805 245 3869 et
261 3805 398 3869 torrens
425 3795 507 3865 facit
525 3795 668 3864 limitem
695 3795 786 3865 inter
809 3795 908 3866 villas
936 3796 971 3864 in
991 3796 1163 3883 aliquibus
1181 3795 1284 3881 lucia,
1312 3795 1347 3863 in
1366 3794 1443 3864 aliis
1472 3813 1554 3864 vero
1580 3792 1664 3862 locis
1675 3793 1758 3882 agri
1837 3828 1841 3844 ·

210 3926 248 3991 et
263 3925 366 4008 prata
401 3917 504 3988 villae
531 3916 947 4007 Wyanczkowyeze
974 3917 1279 4005 transgrediuntur
1313 3915 1528 4004 praedictum
1566 3919 1757 3985 torrentem

209 4041 521 4130 Oszobnycza,
550 4039 720 4128 usquead
741 4039 855 4109 villam
884 4039 1329 4129 Nyegoschowyezo;
1355 4037 1439 4106 item
1463 4042 1601 4126 aparte
1620 4043 1758 4126 septen-

195 4163 350 4235 trionali
377 4162 482 4232 babet
502 4162 617 4231 villam
635 4160 724 4231 Gob
735 4161 840 4252 ylan
851 4184 872 4250 y
892 4161 1078 4231 decanatus
1098 4159 1356 4248 (linconiensis,
1375 4166 1410 4229 et
1429 4164 1510 4230 sunt
1528 4158 1628 4230 minti
1647 4159 1759 4248 campi

210 4306 273 4376 per
291 4284 523 4375 partialitates
551 4288 586 4353 et
605 4282 732 4371 stadia,
760 4288 795 4352 et
812 4284 887 4372 agri
915 4283 1016 4352 villae
1044 4282 1478 4372 Wyancnlrowyczc,
1505 4281 1612 4371 aliqui
1639 4281 1759 4350 decur-

211 4412 292 4477 runt
318 4425 426 4495 prope
445 4405 560 4475 villam
589 4403 792 4495 Cobylan
803 4427 835 4495 y,
863 4404 1021 4475 similiter
1048 4409 1084 4476 et
1098 4405 1178 4494 ‚agri
1197 4404 1299 4476 villae
1319 4403 1554 4493 Cobylany
1574 4403 1762 4473 decurrunt
1841 4407 1868 4460 '-

211 4549 319 4617 nsque
346 4547 454 4617 prope
490 4527 607 4596 villam
634 4525 1070 4617 Wyanczkowycze3
1105 4526 1188 4596 item
1216 4527 1320 4597 etiam
1356 4526 1392 4595 in
1419 4531 1519 4615 parte
1552 4523 1761 4613 septentrio-

210 4650 280 4720 nali
299 4650 450 4720 conlinat
467 4670 543 4718 cnm
561 4649 644 4718 villa
661 4648 992 4739 Karnyowyce,
1019 4647 1236 4720 linereditate
1254 4647 1427 4719 lobannis
1444 4647 1487 4717 de
1507 4645 1761 4734 Tlranczyn,
1820 4652 1824 4663 '

116 4764 120 4775 '
213 4771 393 4841 castellani
421 4769 674 4858 cracoviensis,
701 4775 737 4840 et
755 4770 789 4838 in
809 4770 925 4858 aliqua
952 4776 1052 4857 parte
1080 4790 1156 4840 cum
1193 4769 1276 4840 villa
1302 4767 1663 4856 Bolechowycze
1690 4765 1762 4854 epi·
1850 4786 1853 4795 ·

212 4893 307 4982 scopi
335 4890 592 4980 CracoviensiS,
619 4892 678 4962 nbi
703 4913 768 4961 non
789 4896 870 4962 snnt
896 4891 1053 4979 bunnina,
1081 4891 1141 4960 sed
1161 4891 1238 4980 agri
1264 4890 1419 4960 distincti
1447 4894 1528 4959 sunt
1544 4908 1607 4977 per
1625 4884 1762 4981 bipeda

212 5018 248 5084 et
273 5009 444 5107 ‘zaqoszdm
472 5013 554 5082 item
581 4989 723 5100 aparte
751 5011 910 5082 orientali
939 5011 1089 5082 confinat
1115 5032 1190 5081 cum
1218 5011 1367 5082 taberna
1384 5008 1495 5079 ‘villae
1516 5006 1762 5098 Cobylany‚
1844 5090 1846 5095 Ι
1959 5044 1962 5055 ‹

212 5134 307 5205 dicta
332 5135 509 5226 Lypkn,
537 5138 570 5203 et
593 5133 669 5222 agri
696 5131 899 5204 dividuntur
926 5154 988 5223 per
1016 5129 1152 5226 artqedze
1178 5137 1214 5202 et
1232 5129 1396 5225 acyrmzdy,
1424 5149 1534 5218 nsque
1561 5129 1605 5201 ad
1623 5129 1763 5216 fluvium

212 5256 419 5331 Bridama.

320 5379 407 5455 ltem
435 5376 632 5472 praebenda
667 5375 843 5470 praedicta
879 5375 1175 5474 Wyanczkowslca
1210 5375 1316 5454 babet
1351 5375 1515 5453 vicariana
1551 5375 1587 5448 in
1621 5374 1766 5450 ecelesia
