4050 6054
233 408 280 486 38

234 617 330 688 euius
356 618 479 687 haeres
497 616 673 687 lohannes
692 616 932 688 Skawinsk
943 639 975 706 y,
1002 615 1127 686 nobilis
1145 615 1188 686 de
1206 614 1307 685 domo
1333 614 1530 703 Dolywa.
1557 614 1598 684 ln
1616 633 1686 704 qua
1702 618 1784 684 sunt

233 757 293 833 ιιι
320 738 410 806 lanei
438 736 678 825 cmetbonales,
706 737 790 806 item
817 757 886 806 una
912 736 1072 824 taberna,
1099 737 1182 806 item
1209 755 1279 804 una
1304 734 1520 822 liortulauia,
1548 753 1635 823 quae
1661 735 1783 803 ambae

233 858 295 928 sub
323 878 359 927 se
387 858 517 927 babent
544 877 646 926 unum
674 847 819 946 laneum,
847 857 890 929 de
909 857 1033 946 quibus
1056 857 1214 927 omnibns
1233 856 1379 926 solvitur
1397 854 1528 927 decima
1547 854 1781 942 manipularis,

232 983 267 1048 ιι
294 998 356 1067 per
392 977 520 1049 incolas
558 978 696 1048 ducitur
732 978 769 1046 in
802 978 964 1048 horreum
991 997 1012 1047 a
1038 976 1167 1047 vicario
1194 975 1393 1064 locandum,
1421 981 1456 1046 ιι
1483 976 1587 1047 solvit
1614 974 1781 1045 decimam

232 1098 353 1185 canapi
381 1118 442 1186 per
470 1098 653 1186 quatuor
645 1118 791 1186 rerugas,
818 1104 854 1169 ιι
881 1098 1042 1168 aestimat
1045 1117 1085 1167 ur
1113 1089 1213 1168 valor'
1236 1097 1373 1168 eiusad
1392 1101 1523 1187 septam
1540 1115 1685 1167 marcas.
1703 1095 1782 1170 Non

234 1224 288 1289 est
314 1219 361 1288 ibi
389 1220 485 1289 curia
511 1219 600 1289 milit
586 1219 681 1308 taric,
709 1238 820 1307 neque
848 1219 1034 1322 praedium,
1062 1237 1172 1307 neque
1199 1217 1441 1289 molendinum.
1542 1246 1567 1271 -·

337 1339 424 1408 Item
452 1339 558 1409 habet
585 1332 730 1409 alteram
757 1339 1007 1427 manipularem
1041 1337 1207 1408 decimam
1235 1323 1364 1409 vicaria
1390 1337 1526 1427 praefat
1527 1358 1548 1408 a
1575 1339 1610 1407 in
1637 1336 1782 1408 (lurne-

182 1455 185 1465 ‘
231 1459 324 1547 low,
352 1460 415 1529 sub
443 1459 608 1547 parochia
634 1459 798 1529 ccclesiae
826 1459 868 1529 de
895 1458 1180 1528 Skawinat
1134 1457 1211 1546 sita,
1239 1458 1335 1529 cuius
1362 1459 1613 1548 proprietaset
1578 1457 1779 1528 etdomini-

232 1598 290 1651 um
316 1580 470 1670 pertinet
496 1581 539 1650 ad
567 1581 815 1651 monasterium
842 1579 1153 1650 sanctimonialium
1179 1579 1215 1648 iu
1242 1578 1614 1669 Swyernynyecz.
1646 1580 1685 1648 ln
1713 1599 1782 1668 qua

233 1706 288 1771 est
314 1722 401 1797 unus
429 1705 565 1771 tantum
593 1700 712 1771 laneus
731 1701 965 1788 emethoualis,
985 1701 1151 1771 tabernac
1170 1720 1239 1770 non
1258 1703 1349 1788 suut,
1367 1698 1586 1770 lrortulaniae
1604 1721 1672 1770 non
1691 1704 1782 1788 sunt,

235 1822 277 1894 dc
305 1842 372 1910 quo
400 1822 545 1892 soluitur
571 1822 703 1893 decima
730 1821 954 1911 manipularis
981 1842 1044 1910 pro
1072 1821 1202 1892 vicaria
1228 1818 1392 1909 praefata,
1420 1825 1456 1890 et
1473 1841 1535 1909 per
1553 1820 1683 1891 incolas
1703 1841 1782 1909 pro-

234 1943 319 2032 priis
347 1942 504 2014 curribus
532 1943 669 2013 ducitur
696 1943 732 2012 in
759 1943 921 2013 horreum
949 1963 969 2012 a
996 1941 1126 2013 vicario
1152 1940 1358 2032 eligendum,
1385 1947 1421 2012 ιι
1447 1942 1587 2013 solvunt
1613 1940 1780 2013 decimam

233 2064 355 2154 canapi
382 2084 445 2153 pcr
472 2043 619 2153 quatuor
646 2065 831 2153 iuncturae,
859 2068 895 2134 et
921 2063 1125 2134 aestimatur
1152 2062 1250 2134 valor
1276 2063 1351 2133 eius
1378 2054 1421 2133 ad
1448 2068 1522 2137 tres
1540 2083 1684 2134 marcas.
1702 2062 1781 2133 Non

232 2191 293 2256 cst*
312 2186 361 2256 ibi
389 2186 486 2257 curia
513 2185 732 2275 coenobialis
759 2206 870 2275 neque
896 2185 1084 2274 praedium,
1111 2205 1221 2273 neque
1248 2183 1490 2281 molendinum.

336 2306 425 2377 ltem
451 2307 558 2378 babet
575 2307 715 2376 tertiam
733 2306 983 2394 manipularem
1001 2305 1167 2376 decimam
1186 2303 1343 2394 praefata
1360 2304 1491 2376 vicaria
1507 2305 1546 2383 in
1569 2305 1783 2394 Bukowye,

191 2471 197 2481 ·
236 2427 318 2496 villa
354 2428 417 2497 sub
440 2427 618 2515 parochia
654 2426 820 2506 ecclesiae
856 2426 898 2495 do
926 2424 1157 2513 bladino,
1185 2425 1281 2496 cuius
1308 2424 1503 2514 proprietas
1523 2429 1573 2496 ἰι
1592 2425 1782 2496 dominium

234 2548 384 2636 pertinet
412 2548 456 2617 ad
483 2547 730 2618 monasterium
757 2553 793 2617 ιι
819 2547 979 2617 abbatem
1006 2546 1268 2617 Thiniciensem.
1295 2547 1336 2617 ln
1364 2565 1432 2636 qua
1449 2553 1531 2616 sunt
1549 2566 1672 2618 novem
1691 2547 1782 2616 lanei

234 2669 474 2756 cmetbonalcs,
502 2670 585 2739 item
613 2667 832 2738 hortulaniae
860 2666 966 2757 duae,
995 2666 1037 2737 dc
1066 2668 1192 2756 quibus
1219 2667 1377 2738 erunibus
1406 2667 1553 2738 solvitur
1579 2688 1643 2756 pre
1670 2668 1785 2737 media

233 2795 332 2879 parte
360 2789 472 2877 uillae,
490 2789 622 2859 decima
640 2788 864 2878 manipularis
882 2808 944 2876 pro
965 2788 1095 2859 vicaria
1112 2786 1278 2877 praelata,
1297 2794 1332 2857 ιι
1350 2793 1513 2862 tenentur
1536 2788 1632 2858 illam
1649 2789 1783 2859 incolae

233 2911 384 3000 propriis
412 2910 570 2980 curribus
598 2909 723 2980 ducere
750 2911 786 2979 in
812 2910 976 3000 borreum
995 2929 1016 2978 a
1033 2908 1164 2979 vicario
1181 2909 1386 2998 eligendum,
1405 2915 1441 2979 ct
1459 2909 1600 2980 solvunt
1616 2908 1784 2980 decimam

234 3033 354 3121 canapi
381 3052 444 3120 per
471 3035 619 3120 quatuor
645 3032 792 3120 ierugaS,
820 3035 855 3100 ιι
881 3030 1086 3100 aestimatur
1104 3028 1295 3101 valarsius
1313 3029 1357 3100 ad
1376 3035 1525 3118 quatuor
1543 3050 1620 3100 cum
1639 3030 1782 3100 dimidia

230 3139 445 3223 marcarum(
459 3151 548 3221 ltem
575 3156 628 3222 est
655 3152 703 3221 ibi
729 3152 827 3222 curia
853 3150 1080 3239 coenobialia,
1108 3150 1238 3220 liabens
1266 3149 1447 3239 praedium
1474 3157 1510 3220 ιι
1537 3150 1779 3239 molendinum,
1837 3214 1842 3221 .

234 3273 276 3344 de
304 3273 398 3363 agris
434 3272 568 3362 praedii
603 3273 851 3345 monasterium
887 3273 1054 3343 decimam
1087 3273 1238 3362 percipit
1273 3279 1310 3342 et
1336 3271 1422 3342 nulli
1450 3272 1543 3352 illam
1571 3272 1692 3361 solvit,
1720 3294 1783 3360 pro

233 3394 344 3464 altera
380 3414 462 3464 vero
481 3393 683 3463 medietate
718 3391 838 3480 villae,
865 3394 970 3464 solvit
1006 3415 1082 3462 eam
1119 3395 1332 3465 monasterio
1360 3386 1596 3479 Τιιιιιᾶἰιιιιι,
1624 3399 1660 3463 ιι
1687 3394 1785 3465 valor

233 3515 306 3584 eius
334 3514 377 3584 ad
406 3513 492 3585 duas
518 3533 662 3602 marcae,
690 3513 876 3602 aliquando
903 3513 946 3583 ad
974 3519 1133 3603 quatuor.

324 3635 422 3734 jltenr
458 3634 656 3724 praebenda
691 3633 848 3724 praefata
880 3625 1156 3707 ‘Bossntlrowska
1181 3635 1278 3705 iuxta
1305 3635 1420 3705 onmia
1446 3640 1605 3724 regestra
1631 3635 1782 3724 antiqua,

233 3760 351 3828 taxata
379 3760 432 3825 est
459 3755 504 3827 ad
530 3755 678 3846 triginta
705 3776 766 3827 sex
792 3776 937 3826 marcas.
1328 3848 1334 3861 1

308 4010 550 4089 Praebenda
584 4017 628 4091 ιι
660 4014 934 4091 canonicatus
967 4011 1270 4091 cracoviensis
1303 4012 1344 4088 in
1376 4011 1533 4091 dextro
1565 4012 1712 4111 choro,

745 4154 895 4227 vocata
930 4130 1288 4305 lffrzeael‘rbwaka'l'

337 4369 539 4440 Praebenda
574 4376 610 4439 et
645 4370 866 4440 canonicatus
902 4328 1193 4458 Kffi'chowska,
1222 4390 1323 4459 quam
1341 4414 1344 4421 -
1361 4391 1451 4440 nunc
1487 4373 1583 4440 tenet
1609 4368 1785 4453 lohannes

234 4492 440 4582 Dlugosch
467 4491 599 4578 iunior,
628 4489 754 4560 nobilia
780 4489 951 4560 dedomo
979 4490 1229 4580 Wyenyawa,
1256 4512 1326 4561 non
1353 4491 1459 4563 habet
1485 4490 1635 4581 alinuam
1663 4491 1781 4563 villam

232 4636 295 4706 pro
323 4613 405 4684 dote
432 4617 493 4705 aut
519 4610 635 4698 lundo,
663 4611 724 4681 sed
751 4616 892 4681 tantum
912 4613 1019 4682 habet
1043 4612 1197 4685 decimas
1210 4612 1444 4701 manipulares
1463 4609 1711 4700 infrascriptae.
1738 4611 1787 4683 Et

233 4739 344 4827 primo
372 4734 478 4805 habet
506 4732 673 4802 decimam
701 4733 948 4821 manipularem
975 4734 1011 4803 in
1041 4732 1122 4802 villa
1148 4733 1368 4822 episcopatus
1395 4730 1635 4803 Oraeoviensis
1662 4726 1784 4804 Krze-

236 4857 492 4930 schouicze
519 4873 628 4944 prope
656 4853 912 4944 Thancnyn,
941 4875 961 4924 a
988 4873 1058 4944 qua
1079 4854 1261 4943 praedicta
1288 4852 1486 4942 praebenda
1511 4852 1786 4925 Krzeschowska

233 4977 474 5083 appellatum
465 4999 501 5046 m
528 4996 597 5066 qua
624 4975 728 5045 etiam
755 4980 811 5045 eat
836 4976 982 5046 ecclesia
1008 4976 1226 5064 parochialia,
1254 4975 1325 5045 ιι
1317 4995 1352 5044 ιιι
1380 4995 1447 5063 qua
1473 4980 1555 5044 sunt
1581 4975 1672 5044 lanei
1695 4988 1784 5047 cmc·

180 5173 183 5178 ,
234 5098 557 5221 thonalesuiginti,
515 5097 628 5167 tde
656 5096 788 5185 quibus
811 5096 971 5167 ommibus
998 5093 1092 5165 tollit
1118 5095 1284 5173 decimam
1311 5095 1560 5184 manipularem
1588 5095 1785 5184 praebenda
1839 5115 1843 5120 ·

233 5214 399 5309 praelata,
422 5225 463 5288 'et
489 5219 618 5290 ducunt
603 5224 717 5287 team
736 5224 826 5288 emet
811 5217 962 5288 thones
954 5238 988 5285 m
1008 5216 1169 5284 horreum
1188 5235 1209 5285 a
1228 5218 1391 5287 canonico
1410 5216 1614 5305 eligendum,
1632 5216 1784 5306 propriis

199 5365 201 5368 ·
235 5338 465 5427 curribus,·et
492 5340 630 5413 solvunt
656 5339 822 5412 decimam
851 5337 971 5432 canapi
999 5335 1143 5409 causalis
1170 5336 1370 5428 manipulat
1361 5357 1407 5409 un
1433 5338 1470 5411 in
1496 5357 1627 5431 campo,
1653 5343 1689 5410 ιι
1715 5359 1793 5413 nou·
