4050 6054
1636 455 1774 550 aar
1876 431 1878 434 ’

166 700 314 752 marra
339 683 446 752 etiam
472 682 508 752 in
525 682 620 752 hano
646 682 735 753 diem
758 682 888 753 retinet
910 681 1141 771 collationem,
1179 702 1267 771 quae
1290 682 1463 772 quondam
1485 683 1578 754 inter
1605 677 1726 757 eccle?

167 802 237 872 sias
263 802 477 892 parochiales
503 802 596 874 illius
623 823 704 874 orae
732 803 877 874 celebris
904 801 1018 874 luerat
1044 810 1081 873 et
1097 801 1242 892 famosa,
1269 807 1304 873 et
1323 822 1411 891 qnae
1438 823 1502 893 pro
1525 802 1631 890 fundo
1650 826 1713 877 suo

165 922 284 994 uillam
311 919 536 993 Grablrow
562 924 747 1013 habuerat,
781 928 818 994 et
845 943 933 1013 quae
968 922 1052 994 data
1078 928 1132 994 est
1167 923 1431 1012 praepositurae
1457 923 1651 997 Kelcziensi
1676 927 1714 997 in

166 1031 309 1116 fundum
336 1043 560 1133 principalem
587 1049 624 1115 et
651 1042 776 1115 dotem.
1344 1103 1347 1110 .

271 1161 475 1253 (lasaron,
494 1163 578 1234 villa
596 1164 660 1234 sub
674 1164 839 1254 parochia
857 1163 1021 1235 ecclesiae
1039 1163 1082 1235 de
1100 1162 1286 1255 Swyath
1297 1186 1316 1234 o
1327 1185 1478 1236 marza
1495 1166 1571 1257 sita,
1582 1165 1714 1239 -lundus

26 1351 27 1354 ,
168 1284 369 1376 principalis
396 1284 658 1375 praepositurae
684 1285 915 1374 Kelcziensis,
943 1285 1073 1355 curiam
1101 1285 1232 1356 habens
1259 1285 1347 1357 bene
1373 1267 1605 1384 aedificatam,
1632 1288 1714 1359 hor·
1839 1269 1840 1272 ¹

32 1450 36 1464 ι
167 1412 235 1495 tos,
261 1405 416 1496 pomeria
442 1409 479 1477 et
505 1412 621 1495 prata,
647 1406 730 1477 item
758 1422 860 1495 agros
887 1405 1081 1496 praediales
1109 1405 1144 1475 in
1164 1410 1312 1495 quatuor
1338 1427 1476 1497 campos
1504 1407 1642 1498 divisos,
1670 1409 1713 1480 de

50 1595 51 1599 ,
168 1526 292 1617 quihus
311 1526 478 1596 decimam
495 1527 745 1616 manipularem
763 1526 848 1618 nulli
866 1526 987 1616 solvit,
1015 1526 1074 1597 sed
1094 1545 1170 1597 eam
1189 1547 1259 1626 *pro
1277 1547 1315 1597 se
1332 1527 1424 1599 tollit
1446 1533 1481 1599 et
1498 1529 1534 1599 '111
1551 1528 1716 1601 horreum

170 1667 267 1719 suum
294 1646 436 1718 inducit.
475 1646 563 1718 Item
590 1647 625 1717 in
644 1647 763 1717 eadem
790 1647 872 1718 uilla
899 1652 981 1718 sunt
1008 1652 1086 1719 octo
1114 1647 1206 1717 lanei
1233 1647 1481 1738 cmethonales‚
1508 1654 1544 1721 et
1571 1650 1717 1739 quilibet

167 1769 298 1839 habens
323 1767 461 1838 laneum
489 1766 594 1838 solvit
629 1787 768 1838 censum
796 1789 947 1839 annuum
982 1789 1046 1858 pro
1073 1769 1314 1857 praepositura
1344 1767 1538 1842 Kelcziensi
1566 1775 1715 1860 quatuor

167 1909 307 1979 grossos
332 1893 476 1978 propter
493 1888 701 1959 brevitatem
718 1908 900 1978 agrorum,
926 1889 1010 1959 item
1036 1909 1140 1958 unum
1160 1888 1250 1960 diem
1276 1889 1314 1959 in
1337 1891 1530 1979 septimana
1556 1890 1735 1964 laborant'

74 1984 78 1999 ⁵
167 2009 309 2101 proprio
337 2029 441 2080 curru
468 2015 529 2081 aut
557 2015 696 2098 aratro;
732 2010 816 2081 item
843 2010 932 2081 duae
958 2009 1177 2082 hortulaniae
1208 2009 1376 2083 habentes
1403 2031 1525 2102 agros,
1561 2013 1716 2102 quinon

142 2206 149 2214 ,
168 2131 307 2202 solvunt
333 2129 482 2219 aliquem
500 2149 657 2220 censum,
681 2130 870 2202 sedunum
888 2131 1126 2202 tantummodo
1154 2131 1245 2201 diem
1262 2130 1442 2221 pedestres
1469 2132 1504 2203 in
1523 2134 1716 2223 septimana

169 2252 330 2322 laborant
356 2270 419 2340 pro
437 2248 631 2321 Kelcziensi
648 2251 865 2342 praeposito,
892 2252 977 2322 item
1003 2253 1039 2321 in
1057 2250 1178 2322 eadem
1203 2251 1288 2322 villa
1311 2256 1370 2323 est
1387 2253 1492 2323 tertia
1518 2253 1717 2325 hortularia

169 2371 346 2462 specialis,
373 2370 505 2443 habens
531 2370 697 2462 speciales
724 2391 846 2462 agros,
873 2392 961 2462 quae
988 2372 1033 2442 ad
1060 2372 1295 2463 episcopatum
1319 2371 1583 2445 Gracoviensem
1609 2376 1717 2465 perti-
1775 2397 1782 2403 ·

170 2498 249 2583 net,
285 2513 372 2584 quae
399 2492 531 2563 nullum
558 2484 697 2564 censum
724 2493 880 2582 solvens,
915 2514 1021 2564 unum
1048 2492 1140 2571 diem
1174 2493 1335 2583 pedester
1371 2494 1406 2565 in
1434 2495 1627 2585 septimana
1652 2517 1717 2586 pro

169 2615 330 2705 episcopo
348 2612 582 2703 Oracoviensi‚
609 2614 776 2685 decimam
793 2618 910 2686 tamen
927 2612 1177 2703 manipularem
1196 2613 1238 2685 de
1257 2615 1352 2704 agris
1370 2615 1442 2687 suis
1460 2620 1601 2687 tenetur
1618 2635 1718 2706 prae-

129 2729 132 2733 ’
168 2736 282 2827 posito
309 2734 502 2806 Kelcziensi
529 2734 683 2824 reddere,
711 2741 746 2807 et
764 2736 800 2806 in
818 2755 918 2806 suum
940 2735 1216 2806 horreumillam
1235 2736 1386 2825 propriis
1404 2737 1565 2807 curribus
1580 2742 1720 2808 tenetur

168 2855 374 2935 hortulanus
401 2855 583 2944 inducero;
609 2856 693 2927 item
715 2877 834 2929 omnes
861 2857 1060 2928 cmethones
1087 2861 1123 2928 et
1141 2876 1259 2927 omnes
1285 2855 1462 2928 hortulani
1487 2856 1591 2928 villae
1618 2877 1718 2947 prae-

168 2978 259 3050 fatae
276 2976 286 3009 ‘³
295 2976 433 3049 solvunt
459 2975 626 3048 decimam
650 2978 901 3068 manipularem
929 2982 965 3048 et
981 2998 1044 3068 per
1063 2982 1211 3068 quatuor
1238 2978 1376 3068 ierugas
1404 2978 1602 3068 canapalem
1629 2998 1719 3049 cme-

169 3100 295 3170 thones
312 3099 575 3189 praepositurae
587 3096 791 3189 Kelcziensi‚
811 3105 846 3169 et
860 3119 936 3170 eam
954 3099 1106 3203 propriis
1124 3099 1283 3170 curribus
1301 3099 1337 3169 in
1350 3099 1514 3198 horreum
1527 3101 1719 3190 praepositi
1776 3175 1782 3181 ,

169 3221 206 3291 in
233 3218 460 3291 Grabhow
486 3216 648 3290 tenentur
673 3219 837 3290 inducere
864 3226 900 3291 ot
917 3219 1016 3290 valor
1043 3220 1117 3290 eius
1143 3220 1348 3291 aestimatur
1375 3219 1419 3290 ad
1434 3240 1494 3291 sex
1521 3237 1664 3291 marcas.
1763 3211 1767 3220 ’

273 3340 472 3412 Itemvilla
497 3333 654 3430 praefata
688 3338 840 3410 confimat
865 3359 942 3411 cum
964 3336 1069 3410 'villis
1105 3340 1374 3431 episcopalibus,
1409 3323 1572 3412 videlicet
1597 3340 1720 3410 Dam-

171 3464 342 3552 browa‚
370 3460 624 3549 Tharsz'elr,
652 3458 893 3551 Graykow,
920 3458 1167 3549 Jeszorko,
1194 3460 1405 3532 Dambno.

273 3583 418 3672 Louna,
437 3582 528 3671 villa,
548 3581 638 3652 alter
650 3578 776 3653 fundus
791 3582 1053 3670 praepositurae
1066 3581 1278 3670 Kelciensis‚
1296 3581 1360 3661 suh
1375 3581 1542 3671 parochia
1553 3579 1720 3652 ecclesiae
1822 3658 1825 3665 ,

172 3705 216 3776 de
244 3703 587 3775 Swathamarza
613 3703 698 3791 sita,
725 3703 761 3774 in
781 3722 849 3792 qua
867 3700 949 3772 sunt
975 3706 1048 3772 tres
1074 3685 1166 3773 lanei
1183 3701 1416 3773 cmethonales
1442 3702 1487 3773 ad
1504 3701 1720 3793 praepositu-

138 3844 141 3858 ·
170 3845 246 3896 ram
272 3824 508 3896 Kelcziensem
526 3823 759 3914 pertinentes,
787 3823 932 3913 quorum
951 3793 1100 3913 quilibet
1122 3844 1186 3913 pro
1206 3842 1309 3893 censu
1327 3822 1432 3894 solvit
1457 3822 1720 3912 praepositurae

124 3997 129 4002 2
171 3967 234 4037 per
259 3946 409 4017 mediam
435 3965 584 4017 marcam
612 3964 675 4035 pro
702 3943 791 4016 testo
819 3944 851 4014 S.
869 3943 1024 4016 Martini.
1068 3945 1156 4015 Item
1178 3942 1324 4034 praefati
1351 3943 1548 4015 cmethones
1575 3963 1722 4033 praepo-

172 4069 302 4141 siturae
328 4065 515 4139 Kielciensi
541 4067 681 4139 solvunt
712 4066 879 4137 decimam
913 4065 1164 4155 manipularem
1181 4069 1236 4152 ,et
1262 4065 1460 4155 canapalem
1496 4064 1661 4136 ecclesiae
1688 4065 1723 4135 in
1749 4117 1754 4127 ,

136 4240 138 4243 -
172 4172 532 4278 Swathamarza,
559 4189 750 4284 itemsunt
776 4187 812 4257 in
838 4187 922 4258 villa
947 4185 1102 4278 praefata
1128 4185 1279 4257 nobiles:
1306 4185 1457 4258 lacobus
1483 4184 1650 4257 Karzel
1677 4185 1720 4256 de
1834 4271 1837 4276 .

174 4310 275 4384 domo
292 4309 503 4400 Da‘mbno,
521 4307 713 4380 Stanislaus
730 4308 879 4379 Dulelr
897 4306 940 4379 de
959 4306 1059 4380 domo
1078 4305 1226 4396 Oksza,
1251 4307 1335 4378 item
1352 4306 1528 4380 Martinus
1547 4305 1725 4395 Kuczek,

173 4431 408 4503 Martinus
435 4428 603 4520 Gosdz,
630 4428 950 4502 AndreasOttha
973 4428 1019 4524 de
1038 4427 1139 4500 domo
1158 4428 1395 4519 Tarnana,
1422 4430 1505 4501 item
1523 4426 1724 4499 Paulus-de

174 4552 276 4624 domo
294 4551 511 4641 Dambno,
538 4553 620 4623 item
643 4550 808 4623 Nicolaus
826 4550 868 4622 de
887 4550 987 4622 domo
1005 4547 1124 4621 Olrsz
1135 4570 1174 4639 a,
1194 4550 1253 4640 qui
1272 4549 1314 4622 de
1331 4535 1452 4623 eorum
1470 4548 1622 4641 praediis
1641 4547 1726 4619 dant
1835 4544 1837 4547 ’

174 4673 342 4745 decimam
367 4673 618 4764 manipularem
650 4672 815 4744 ecclesiae
850 4672 886 4742 in
915 4669 1304 4763 Swyathamarza‚
1332 4676 1368 4743 et
1385 4671 1491 4742 etiam
1517 4670 1725 4761 canapalem.

279 4792 470 4866 Swrarna
488 4793 645 4883 Mnnzm
672 4794 755 4865 villa
773 4792 817 4865 ad
834 4794 976 4867 fluvium
993 4791 1179 4864 Swiszli
1190 4814 1243 4863 na
1260 4793 1345 4883 sita,
1363 4793 1495 4865 habens
1512 4792 1549 4863 in
1568 4812 1606 4863 se
1623 4811 1726 4881 paro·

176 4916 320 4988 chialem
348 4914 527 4987 ecclesiam
553 4916 617 4986 sub
644 4914 747 4988 titulo
773 4915 930 5006 Virginis
957 4912 1140 4987 Gloriosae
1167 4913 1303 4985 Mariae
1323 4912 1496 5004 dicatam,
1528 4913 1624 4984 cuius
1650 4912 1727 4983 uni-

175 5059 235 5109 cus
261 5042 429 5128 patronus
450 5042 510 5109 est
528 5036 740 5109 Kelcziensis
766 5037 1004 5127 praepositus,
1031 5042 1069 5107 et
1086 5056 1188 5126 quam
1215 5055 1236 5105 a
1253 5033 1485 5106 fundamentis
1503 5033 1728 5124 Boguphalus

175 5153 401 5250 Rogalya,
428 5158 519 5229 filius
536 5158 634 5230 Petri
652 5158 771 5229 militis
789 5157 949 5229 haeredis
969 5157 1011 5229 de
1029 5157 1111 5228 Klo
1122 5177 1236 5246 nou,
1254 5154 1543 5228 Vladislaviensis
1562 5153 1728 5227 dioecesis
1854 5172 1857 5177 ·

176 5280 217 5350 de
236 5279 342 5349 armis
360 5279 569 5372 Rogalya
594 5278 812 5370 praepositus
832 5279 912 5350 olim
930 5277 1170 5368 Kielcziensis‚
1197 5282 1298 5368 petra
1314 5297 1467 5366 murare,
1495 5275 1537 5345 A.
1554 5275 1596 5345 Ι).
1619 5275 1735 5347 1367.’

180 5398 347 5493 vigesima
374 5407 498 5497 quarta
515 5401 601 5478 Julii
619 5399 802 5497 incipiens,
828 5406 940 5479 morte
967 5404 1175 5494 praeventus
1192 5397 1429 5496 imperfectam
1447 5396 1607 5495 reliquit,
1634 5396 1731 5471 cuius
