4050 6054
1592 459 1594 468 ‘
1630 491 1704 563 aar

252 693 341 769 Item
367 692 450 766 villa
476 691 636 785 praelata
663 691 815 767 confinat
841 714 918 766 cum
937 694 1029 767 vilIIs
1056 691 1457 789 Mlouzeyouicze,
1486 695 1699 770 Sdzesls·

151 816 300 906 wione,
326 815 600 907 Kunczicze‚
626 814 1027 907 Dziekanowicze,
1054 814 1342 889 Boszutlrou.

254 936 468 1009 Yaonomua
503 936 650 1026 Muros,
687 936 857 1009 secundus
892 935 1018 1009 fundus
1055 936 1233 1009 custodiae
1269 936 1302 1008 S.
1329 937 1484 1009 Floriani
1494 920 1509 1028 ‚¹
1528 935 1613 1010 villa
1639 939 1704 1012 sub

150 1057 317 1148 parochia
343 1057 508 1129 ecclesiae
535 1056 578 1129 de
605 1056 778 1130 Maiori
803 1056 1042 1150 Igolomya
1069 1057 1146 1148 sita,
1173 1058 1209 1129 in
1228 1079 1297 1149 qua
1314 1065 1398 1129 sunt
1415 1057 1594 1131 duodecim
1611 1059 1705 1131 lanei

152 1179 405 1268 cmethonales,
433 1183 470 1250 et
505 1178 653 1269 quilibet
685 1199 750 1269 pro
786 1196 891 1249 censu
927 1199 1041 1251 annuo
1073 1178 1178 1250 solvit
1204 1196 1308 1250 unam
1334 1200 1486 1250 marcam
1513 1181 1703 1251 communis

152 1301 319 1391 pecuniae
346 1299 383 1369 in
409 1297 499 1371 festo
527 1298 560 1370 S.
587 1296 735 1370 Martini
760 1318 825 1390 pro
852 1300 1004 1371 custode.
1042 1298 1132 1370 Item
1168 1299 1203 1369 in
1240 1300 1396 1390 qualibet
1423 1301 1616 1390 septimana
1642 1321 1705 1391 per

153 1423 328 1512 integrum
365 1439 490 1491 annum
528 1419 676 1510 quilibet
710 1420 847 1491 emetha
884 1420 927 1491 de
961 1420 1062 1491 laneo
1098 1427 1239 1493 tenetur
1265 1421 1427 1492 laborare
1454 1419 1557 1494 duos»
1567 1420 1641 1494 dies
1667 1422 1704 1493 in

151 1542 345 1632 septimana
370 1541 512 1632 proprio
540 1561 645 1613 curru
671 1545 734 1612 aut
759 1546 887 1630 aratro,
914 1541 997 1612 item
1025 1542 1190 1613 ducturas
1208 1540 1339 1612 faciunt
1357 1542 1531 1613 ordinarie
1550 1543 1594 1613 ad
1613 1535 1701 1615 rati·

153 1684 253 1734 onem
280 1662 414 1732 dierum
441 1661 656 1749 debitorum;
683 1661 767 1732 item
795 1651 941 1752 quilibet
968 1661 1011 1731 de
1034 1660 1135 1732 laneo
1153 1666 1294 1733 tenetur
1312 1662 1446 1734 solvere
1464 1664 1611 1753 triginta
1628 1683 1704 1754 ova,
1840 1740 1843 1747 ,

152 1783 237 1855 item
263 1783 349 1855 duos
382 1802 521 1872 caseos,
549 1783 634 1883 item
659 1780 745 1853 duos
771 1782 901 1872 gallos3
928 1783 1011 1853 item
1037 1783 1184 1853 taberna
1210 1803 1279 1853 una
1305 1783 1438 1854 habens
1465 1805 1587 1874 agree,
1616 1804 1704 1875 quae
1781 1878 1784 1883 .

152 1925 217 1994 pro
254 1923 359 1976 censu
395 1903 501 1976 solvit
527 1910 600 1975 tres
626 1886 825 1973 marcas'et
850 1924 957 1973 unum
983 1901 1171 1992 fertonem,
1198 1902 1282 1973 item
1308 1902 1528 1975 hortulaniae
1556 1910 1705 1995 quatuor

16 2038 25 2049 ’
151 2024 320 2096 habentes
346 2046 459 2116 agros,
485 2030 522 2095 et
549 2023 725 2114 quaelibet
752 2023 856 2095 solvit
881 2044 945 2114 pro
973 2043 1079 2094 censu
1105 2043 1229 2095 novem
1255 2044 1406 2114 grossos,
1433 2028 1471 2094 et
1487 2045 1593 2096 unum
1612 2025 1703 2096 diem

152 2144 315 2234 pedester
350 2142 386 2215 in
422 2145 615 2235 septImana
650 2143 804 2233 laborat,
831 2144 916 2215 item
951 2144 1130 2233 praedium
1167 2143 1217 2216 ibi
1243 2144 1409 2233 optimum
1437 2145 1633 2234 custodiae,
1661 2144 1704 2217 de

153 2265 252 2336 cuius
278 2267 372 2357 agris
400 2265 567 2336 decimam
592 2264 679 2336 nulli
706 2265 819 2354 solvit,
847 2264 908 2334 sed
936 2283 1010 2334 eam
1038 2285 1102 2353 pro
1130 2285 1166 2334 se
1190 2263 1284 2336 tollit
1311 2270 1347 2334 et
1365 2265 1401 2334 in
1419 2265 1583 2336 horreum
1602 2265 1702 2336 suum

153 2384 306 2476 inducit3
335 2388 417 2458 item
453 2384 496 2457 de
531 2385 689 2457 omnibus
721 2384 815 2475 agris
842 2384 945 2455 villae
972 2384 1119 2456 solvitur
1145 2388 1182 2455 et
1208 2383 1412 2456 conducitur
1427 2384 1571 2477 ⁴decima
1595 2384 1705 2457 mani·

152 2506 285 2596 polaris
320 2513 357 2577 et
391 2505 565 2595 canapalis
600 2526 665 2596 pro
700 2505 858 2576 custodia
884 2503 917 2576 S.
952 2503 1118 2594 Floriani,
1154 2504 1250 2576 cuius
1286 2505 1384 2576 valor
1419 2505 1624 2578 aestimatur
1659 2506 1705 2577 ad

154 2627 347 2716 quindecim
374 2646 527 2713 marcas3
555 2625 638 2696 item
664 2625 819 2696 universi
845 2624 921 2716 agri
939 2624 1042 2695 villae
1059 2624 1237 2715 praefatae
1255 2624 1395 2696 solvunt
1412 2625 1579 2696 decimam
1596 2627 1705 2696 mani-

152 2748 308 2836 pularem
335 2752 370 2818 et
396 2768 459 2836 per
486 2751 637 2836 quatuor
662 2746 843 2817 iuncturas
871 2745 1070 2836 canapalem
1097 2744 1276 2817 custodiae
1295 2743 1328 2817 S.
1345 2744 1511 2835 Floriani,
1530 2750 1567 2817 et
1584 2750 1704 2817 tenen·

152 2872 313 2937 tuream
340 2867 539 2938 cmethones
566 2865 717 2956 propriis
745 2866 904 2937 curribus
931 2865 1095 2937 inducere
1121 2865 1157 2936 in
1184 2867 1348 2937 horreum
1372 2865 1534 2955 custodis,
1553 2872 1589 2937 et
1605 2866 1704 2938 valor

39 3074 44 3094 .
151 2986 298 3082 eiusad
326 2986 507 3058 duodecim
538 3007 673 3058 marcas
699 2987 916 3059 aestimatur.
950 2985 1039 3057 Item
1066 2987 1182 3057 estin
1210 2987 1329 3058 eadem
1357 2987 1440 3058 villa
1466 2987 1563 3058 curia
1589 2994 1704 3059 custo-

48 3166 60 3184 .
153 3106 232 3178 diae
268 3111 305 3179 et
339 3107 538 3198 praedium,
564 3106 696 3180 habens
722 3127 826 3197 agros
853 3111 890 3178 et
915 3112 1034 3197 prata,
1061 3105 1104 3178 de
1132 3107 1257 3197 quibus
1284 3107 1370 3178 nulli
1396 3107 1501 3179 solvit
1527 3107 1704 3198 decimam,

151 3226 212 3299 sed
240 3248 316 3298 eam
341 3248 406 3318 pro
433 3248 471 3299 se
496 3226 590 3299 tollit
616 3234 652 3298 et
679 3228 714 3297 in
740 3228 905 3298 horreum
932 3248 1032 3298 suum
1058 3227 1200 3297 inducit.
1227 3227 1317 3298 Item
1344 3227 1587 3299 molendinum.

255 3348 344 3420 Item
370 3348 454 3420 villa
479 3347 638 3439 praelata
665 3347 816 3419 confinat
842 3368 920 3419 cum
945 3347 1037 3419 villis
1063 3326 1314 3439 infrascriptis,
1341 3348 1502 3419 uidelicet
1529 3347 1704 3419 Maiori

152 3469 389 3560 Igolomia,
416 3469 693 3560 Bothurzyn.
970 3466 973 3470 ’
1317 3465 1325 3476 ’

257 3590 346 3663 Item
373 3589 531 3662 custodia
556 3587 715 3679 praefata
740 3594 862 3661 taxata
888 3593 944 3661 est
969 3588 1014 3661 ad
1040 3644 1048 3659 .
1076 3645 1084 3660 .
1113 3643 1120 3660 .

218 3764 441 3782 .......
478 3711 561 3782 villa
588 3711 652 3782 sub
678 3710 845 3800 parochia
871 3708 913 3781 de
939 3708 1128 3802 Jaszyel
1156 3710 1242 3799 sita,
1270 3709 1368 3781 cuius
1394 3710 1517 3782 haeres
1544 3710 1705 3784 Andreas
1764 3740 1769 3750 *

151 3831 451 3924 Pyenyaszelr
487 3831 529 3902 de
566 3829 830 3904 Gruszlowa
865 3829 908 3902 de
944 3831 1045 3903 domo
1081 3829 1415 3920 Odrowansch,
1443 3832 1478 3902 in
1516 3854 1584 3922 qua
1618 3840 1701 3904 suut

152 3973 276 4025 novem
302 3953 396 4023 lanei
423 3951 672 4041 cmethonales,
700 3952 742 4022 de
770 3950 894 4042 quibus
922 3951 1073 4022 decimae
1101 3951 1327 4041 manipularis
1353 3953 1530 4043 perceptio
1558 3953 1704 4025 diversi-

151 4073 291 4164 ficatur,
319 4094 399 4144 nam
435 4072 478 4145 de
512 4074 625 4144 tribus
660 4072 771 4143 laneis
806 4072 956 4163 percipit
991 4092 1067 4142 eam
1098 4072 1257 4143 custodia
1282 4072 1315 4143 S.
1343 4072 1516 4164 Floriani,
1544 4079 1580 4166 et
1606 4075 1703 4146 valor
1799 4136 1801 4141 .

153 4194 358 4265 aestimatur
385 4193 530 4265 eiusad
557 4200 630 4264 tres
657 4214 801 4282 marcas,
829 4193 872 4263 de
900 4212 1071 4264 senuero
1098 4192 1208 4264 laneis
1234 4193 1383 4284 percipit
1410 4215 1484 4265 eam
1504 4194 1650 4266 ecclesia
1667 4195 1703 4266 in

152 4314 359 4406 Jaszyel,
386 4321 423 4386 et
456 4315 555 4386 valor
591 4315 665 4385 eius
702 4315 905 4384 aestimatur
932 4314 976 4384 ad
1004 4318 1152 4403 quatuor
1179 4334 1322 4384 marcas.
1362 4313 1451 4386 Item
1477 4337 1546 4386 non
1574 4321 1629 4386 est
1654 4316 1704 4386 ibi
1784 4328 1804 4351 ⁸

15 4489 19 4496 .
152 4436 331 4525 praedium
359 4435 519 4506 militare.

627 4766 926 4851 Vieeeustodia
959 4768 1000 4850 8.
1034 4768 1227 4851 floriani

265 5039 432 5115 Custodia
466 5039 499 5114 S.
526 5041 681 5115 Floriani
713 5041 820 5114 habet
855 5043 1051 5135 habereque
1087 5043 1266 5116 consuevit
1295 5042 1460 5115 vicariam
1488 5047 1703 5136 perpetuam,

154 5164 227 5235 sive
254 5164 522 5236 vicecustodiam
549 5165 585 5233 in
612 5163 758 5234 ecclesia
784 5162 816 5234 S.
844 5163 1008 5254 Floriani,
1034 5165 1132 5236 cuius
1159 5184 1223 5254 pro
1250 5169 1405 5254 tempore
1433 5168 1549 5235 custos
1571 5161 1605 5235 S.
1622 5144 1704 5237 Flo·

152 5285 244 5355 riani
279 5290 359 5355 ante
395 5285 677 5375 coaequationem
713 5283 958 5355 beneficiorum
1003 5291 1080 5355 erat
1115 5284 1236 5354 unIcus
1272 5283 1418 5356 collator
1453 5270 1703 5376 et‘patronus3

151 5411 231 5495 post
258 5405 541 5494 adaequationem
569 5425 651 5476 vero
679 5405 922 5475 beneficIorum
950 5405 1043 5474 illam
1071 5404 1233 5477 doctores
1259 5410 1296 5476 et
1321 5405 1478 5495 magistri
1504 5404 1704 5481 mecolaeta
