4050 6054
240 488 493 595 cast

242 730 343 781 curru
361 713 420 779 aut
438 713 555 778 aratro
575 715 646 778 tres
665 707 747 796 dies,
771 729 791 777 a
809 706 897 778 festo
913 728 995 780 vero
1014 706 1131 778 Sancti
1149 706 1331 778 Michaelis
1358 727 1466 797 nsque
1494 707 1539 777 ad
1557 706 1648 777 diem
1666 706 1786 780 Sancti

240 827 400 902 stanislai
417 827 453 897 in
471 825 567 898 Maio
587 826 672 898 duos
690 828 929 901 tantummodo
947 828 1021 899 dies
1040 827 1209 898 laborant.
1678 830 1680 835 ’

339 947 426 1020 Item
451 947 651 1036 praebenda
676 945 834 1037 praelata
860 948 967 1020 babet
994 948 1143 1020 decimas
1178 947 1411 1037 manipulares
1446 946 1694 1040 infrascriptas.
1734 948 1786 1021 Et

110 1139 113 1144 .
238 1069 347 1159 primo
365 1066 470 1138 habet
488 1067 655 1138 decimam
672 1068 922 1158 manipularem
941 1071 976 1141 in
995 1068 1174 1158 praedicta
1190 1068 1274 1140 villa
1295 1066 1570 1160 Wangyercze
1593 1069 1786 1140 canonicali

238 1195 274 1261 et
291 1187 472 1278 capitulari
491 1188 555 1260 sub
573 1189 739 1279 parochia
756 1190 920 1262 ecclesiae
939 1190 981 1262 de
999 1190 1340 1261 Raciborovioze.
1366 1188 1408 1260 ln
1430 1209 1498 1280 qna
1517 1193 1598 1261 sunt
1615 1188 1784 1263 tredecim

235 1309 325 1381 lanei
339 1309 584 1398 cmethonaleS‚
599 1310 682 1381 item
696 1309 784 1381 duae
797 1311 973 1398 tabernae,
987 1311 1070 1381 item
1084 1310 1234 1400 quinque
1249 1309 1467 1382 hortulaniae
1481 1309 1649 1382 habentes
1664 1330 1782 1400 agros,

236 1430 318 1502 item
335 1430 514 1521 praedium
533 1431 743 1519 canonicale,
770 1430 812 1529 de
840 1432 964 1522 quibus
982 1431 1139 1501 omnibus
1166 1430 1313 1501 solvitur
1331 1428 1463 1500 decima
1485 1428 1711 1519 manipularis
1742 1437 1780 1504 et
1891 1498 1894 1509 ,

236 1549 366 1622 decima
384 1551 558 1640 canapalis
575 1571 639 1641 per
657 1556 806 1640 quatuor
823 1552 1001 1622 iuncturas
1024 1571 1087 1640 pro
1101 1549 1300 1640 praebenda
1321 1548 1480 1640 praelata
1502 1555 1539 1622 et
1563 1550 1702 1621 ducitur
1719 1570 1783 1641 per

233 1670 362 1742 incolas
380 1671 530 1761 propriis
548 1672 708 1742 curribus
734 1671 770 1742 in
787 1672 961 1744 borreum
977 1671 1092 1742 curiae
1120 1670 1327 1741 canonicalis
1350 1670 1478 1741 ibidem
1511 1676 1547 1741 et
1574 1671 1782 1743 aestimatur

234 1789 430 1863 valoreius
457 1791 501 1862 ad
527 1792 675 1863 sedecim
701 1812 844 1873 marcas.
870 1793 958 1864 Item
985 1797 1039 1863 est
1056 1791 1105 1863 ibi
1131 1791 1167 1862 in
1185 1797 1280 1862 sorte
1298 1790 1482 1881 capitulari
1507 1792 1618 1880 curia,
1644 1791 1804 1864 babens'

234 1931 335 2002 agros
352 1912 560 2002 praediales,
578 1911 620 1983 de
639 1913 763 2002 quibos
780 1934 848 1984 non
866 1912 959 1984 tollit
978 1910 1143 1983 decimam
1160 1911 1359 2002 praebenda
1376 1911 1548 2002 praelata,
1576 1912 1639 1985 sed
1655 1933 1780 2004 regens
1854 1961 1856 1964 >

232 2030 423 2121 praefatam
440 2040 569 2104 sortem
588 2032 813 2124 capitularem
839 2052 902 2123 pro
930 2038 1085 2122 tempore
1116 2032 1210 2104 tollit
1236 2053 1313 2104 eam
1340 2051 1404 2122 pro
1431 2052 1469 2103 se
1495 2039 1532 2104 et
1558 2033 1595 2103 in
1613 2033 1777 2106 borreum

235 2174 332 2226 soom
351 2153 492 2225 inducit.
1592 2160 1594 2163 ’

327 2273 416 2344 Item
429 2273 694 2345 babetalteram
708 2274 874 2346 decimam
887 2274 1135 2365 manipularem
1150 2274 1186 2345 in
1202 2274 1567 2365 Dzyekanowicze‚
1585 2273 1669 2344 villa
1681 2294 1782 2363 prae-

233 2394 419 2466 stimoniali
440 2395 582 2485 capituli
601 2393 839 2466 Gracoviensis
867 2396 930 2467 sub
948 2395 1113 2485 parocbia
1131 2396 1295 2467 ecclesiae
1321 2393 1365 2466 de
1383 2394 1712 2486 Raczyborowycze.
1738 2395 1779 2466 ln

235 2535 303 2604 qua
328 2519 409 2587 sunt
431 2520 567 2605 septem
594 2535 670 2586 cum
696 2514 809 2587 medio
835 2514 927 2587 lanei
953 2515 1199 2604 cmethonaleS,
1227 2515 1309 2586 item
1336 2516 1484 2587 taberna
1509 2515 1640 2587 habens
1659 2534 1777 2605 agros,

234 2636 316 2707 item
335 2643 407 2708 tres
425 2636 644 2708 hortulaniae
672 2636 840 2708 babentes
859 2657 975 2727 agros,
1007 2635 1049 2706 de
1068 2615 1196 2726 quibus
1211 2636 1368 2708 omnibns
1395 2635 1525 2727 absque
1552 2635 1781 2708 diminutione

233 2756 379 2829 solvitur
397 2756 530 2829 decima
546 2757 770 2848 manipularis
796 2762 832 2829 et
858 2757 962 2828 etiam
981 2756 1113 2828 decima
1131 2757 1305 2848 canapalis
1332 2776 1395 2846 per
1413 2764 1562 2846 quatuor
1584 2741 1774 2833 ‘iuncturas

233 2882 269 2949 et
286 2897 349 2967 per
365 2878 496 2950 incolas
513 2877 616 2949 villae
634 2878 784 2969 propriis
803 2878 961 2954 curribus
987 2876 1125 2949 ducitur
1151 2877 1187 2949 in
1214 2879 1377 2950 borreum
1403 2896 1466 2967 per
1494 2877 1695 2951 canonicum
1718 2879 1781 2948 eli·

90 3076 94 3081 ,
233 2997 382 3087 gendum
408 3002 445 3070 et
472 2997 677 3071 aestimatur
700 2999 799 3070 valor
826 2997 977 3070 decimae
1004 2997 1181 3088 praefatae
1207 2999 1251 3069 ad
1278 2997 1403 3088 viginti
1421 3016 1565 3070 marcas.
1591 2996 1659 3069 Eat
1675 2999 1782 3070 etiam

234 3117 283 3188 ibi
301 3118 401 3190 curia
414 3118 628 3209 capitrdaris‚
646 3118 777 3191 babens
794 3119 886 3191 bona
904 3124 940 3190 et
956 3118 1101 3210 pulchra
1119 3118 1276 3191 aedificia
1293 3124 1329 3189 et
1347 3139 1450 3209 agros
1468 3118 1677 3208 praediales,
1695 3119 1783 3191 nulli

208 3235 214 3240 “
233 3239 481 3329 manipularem
499 3237 666 3310 decimam
683 3239 847 3329 reddens,
870 3239 930 3311 sed
949 3240 1042 3311 solus
1060 3240 1237 3330 praelatus
1256 3246 1318 3311 aut
1335 3240 1519 3324 canonicus
1537 3238 1654 3330 villam
1667 3239 1783 3311 admi-

233 3359 399 3448 nistrans,
417 3358 512 3431 tollit
530 3358 694 3430 decimam
712 3381 776 3451 pro
795 3381 846 3448 se,
865 3361 1059 3435 conducens
1076 3361 1170 3431 illam
1187 3361 1223 3431 in
1242 3360 1405 3433 horreum
1423 3380 1522 3432 suum
1539 3357 1679 3431 curiata„

315 3479 401 3551 ltem
416 3479 523 3551 babet
536 3479 675 3551 tertiam
689 3481 938 3571 manipularem
952 3480 1118 3552 decimam
1131 3481 1167 3551 in
1181 3476 1453 3570 Bathovvicze‚
1467 3480 1550 3551 villa
1563 3480 1783 3570 episcopatus

232 3574 479 3672 Oracoviensis.
506 3600 546 3671 ln
565 3621 633 3691 qua
652 3608 733 3674 sunt
751 3623 812 3674 sex
830 3602 922 3673 lanei
940 3621 1017 3673 cum
1035 3601 1147 3673 medio
1167 3601 1409 3672 cmethonales.
1436 3601 1524 3671 Item
1542 3620 1613 3671 uua
1630 3601 1779 3686 taberna

232 3722 364 3794 babens
378 3739 495 3814 agros,
514 3722 596 3795 item
610 3744 698 3795 unus
710 3722 917 3796 hortulanus
931 3721 1036 3793 etiam
1049 3721 1181 3793 habeus
1196 3743 1312 3812 agros,
1331 3722 1414 3793 item
1428 3720 1660 3793 molendinum
1675 3740 1782 3792 unum

233 3841 363 3915 habens
382 3865 500 3935 agros,
528 3844 570 3916 de
597 3846 721 3935 quibus
748 3845 907 3918 omnibus
933 3843 1080 3917 solvitur
1106 3843 1239 3914 decima
1256 3841 1481 3934 manipularis
1499 3862 1563 3933 pro
1582 3838 1783 3939 praebenda

232 3962 390 4050 praerato
412 3970 448 4035 et
474 3965 579 4035 etiam
597 3966 772 4055 canapalis
790 3985 853 4055 per
871 3970 1020 4055 quatuor
1037 3964 1215 4035 iuncturas
1241 3969 1278 4036 et
1303 3963 1442 4035 ducitur
1465 3961 1677 4053 perincolas
1695 3979 1780 4052 pro·

230 4081 316 4170 priis
334 4084 492 4154 curribus
511 4084 547 4154 in
564 4085 728 4156 borreum
755 4106 776 4156 a
802 4085 965 4156 canonico
992 4084 1186 4173 eligendum
1213 4089 1250 4154 et
1276 4084 1481 4154 aestimatur
1506 4083 1605 4155 valor
1631 4082 1707 4154 eius
1734 4081 1779 4154 ad
1844 4149 1861 4159 ,

232 4201 356 4291 viginti
374 4223 517 4275 marcas.
556 4204 623 4276 Est
651 4205 756 4275 etiam
782 4205 831 4276 ibi
858 4206 955 4276 curia
982 4204 1187 4294 episcopalis
1213 4203 1345 4275 habeus
1372 4223 1476 4339 offas
1503 4200 1711 4293 praedialea
1738 4200 1783 4272 de

234 4322 357 4414 quibus
376 4323 523 4395 solvitur
541 4323 673 4395 decima
698 4324 923 4414 manipularis
951 4323 1131 4396 altaristae
1157 4323 1279 4394 altaris
1297 4323 1414 4395 Sanctr
1432 4311 1603 4395 lobannis
1621 4322 1781 4412 Evange·
1902 4375 1913 4385 .

232 4445 334 4517 listae
352 4445 387 4517 in
406 4443 551 4515 ecclesia
567 4445 691 4516 maiori
718 4441 949 4536 cracoviensi,
968 4464 1038 4516 una
1054 4443 1294 4516 tantummodo
1311 4443 1494 4533 medietas,
1520 4449 1557 4516 et
1574 4443 1779 4516 aestimatur

232 4565 331 4639 valor
348 4567 422 4637 eius
441 4564 485 4635 ad
503 4564 589 4636 duas
607 4585 756 4654 marcas3
783 4566 928 4638 alteram
955 4570 1071 4636 autem
1089 4562 1309 4635 medietatem
1327 4563 1476 4654 percipit
1494 4563 1655 4636 altarista
1672 4561 1779 4635 Sanc·

232 4693 289 4759 tae
307 4686 471 4757 Marthae
489 4685 594 4758 etiam
612 4685 648 4757 in
662 4684 817 4758 Ecclesia
831 4685 1064 4774 &aconensi
1082 4684 1299 4778 aestimatam
1317 4684 1362 4756 ad
1380 4684 1466 4755 duas
1483 4703 1626 4755 marcas.
1671 4745 1676 4750 .

334 4805 422 4878 Item
440 4806 638 4896 praebenda
651 4804 809 4896 praelata
821 4807 928 4879 babet
940 4807 1105 4879 vicariam
1118 4809 1321 4896 perpetuam
1336 4805 1372 4875 in
1385 4804 1531 4878 ecclesia
1548 4802 1779 4909 cracoviensi,

127 4909 130 4915 ⁵
232 4929 328 5021 cujus
355 4927 540 5001 canonicos
566 4925 744 5018 praelatae
770 4928 988 5018 praebendae
1015 4928 1136 5000 unicus
1162 4933 1218 4998 est
1243 4925 1388 4998 collator
1415 4931 1650 5017 etpatronns‚
1677 4944 1781 5016 qnam

231 5071 322 5142 nanc
335 5055 433 5122 tenet
445 5048 622 5122 lohannes
642 5045 762 5121 Graii
776 5049 818 5120 de
837 5049 1043 5140 Bochnya‚
1062 5067 1150 5138 quae
1164 5067 1227 5137 pro
1242 5066 1306 5118 sua
1319 5044 1416 5135 dote„
1432 5046 1648 5138 proprietate
1675 5050 1781 5137 atque

231 5171 348 5263 titulo,
367 5173 473 5246 habet
491 5177 680 5264 proventus
706 5177 742 5243 et
769 5170 925 5244 redditus
947 5168 1196 5258 infrascriptos.
1226 5166 1276 5238 Et
1292 5167 1405 5258 primo
1421 5165 1529 5239 babet
1546 5165 1663 5239 villam
1682 5161 1781 5238 Obo-

231 5293 402 5368 rovvicze
420 5293 484 5365 sub
502 5291 668 5386 parochia
685 5291 849 5365 ecclesiae
867 5291 910 5363 de
928 5288 1023 5381 Gay,
1058 5290 1094 5360 in
1108 5309 1179 5381 qua
1190 5288 1297 5360 habet
1313 5292 1388 5360 tres
1400 5287 1778 5377 memorandorum

231 5433 319 5487 unus
336 5432 400 5509 pro
417 5412 506 5491 rosto
525 5410 643 5489 Sancti
660 5411 808 5493 Martini
825 5412 960 5488 solvere
973 5409 1151 5489 conaverit
1164 5414 1238 5487 tres
1255 5406 1612 5501 resonaremus
1626 5405 1782 5482 sedecim
