4050 6054
1632 546 1706 618 413

161 752 254 825 lanei
281 751 528 841 cmetbonales,
563 751 853 843 item-praedium
873 753 1015 844 regale,
1050 753 1135 824 item
1160 753 1308 826 taberna
1334 772 1404 824 una
1428 752 1560 825 habens
1587 771 1710 847 agros3

160 872 294 945 decima
320 876 436 944 autem
462 872 687 963 manipularis
709 872 813 944 villae
831 873 984 946 eiusdem
1007 871 1140 945 trifarie
1168 856 1353 963 dividitur,
1379 894 1458 944 nam
1485 872 1529 944 de
1547 873 1709 945 universo

161 993 303 1083 praedio
329 992 465 1083 regali,
502 992 585 1064 item
621 992 665 1065 de
700 993 858 1066 omnibus
893 994 987 1084 agris
1022 993 1208 1083 tabernae,
1252 994 1334 1064 item
1370 992 1414 1065 de
1448 993 1572 1066 maiori
1607 999 1709 1083 parte

162 1114 340 1184 laneorum
377 1118 413 1184 et
447 1133 608 1202 agrorum
645 1113 909 1185 cmetbonalium
943 1113 1037 1186 cedit
1071 1113 1204 1185 decima
1238 1111 1465 1204 manipularis
1500 1113 1647 1204 plebano
1674 1119 1711 1185 et

161 1232 326 1305 eeclesiae
352 1233 388 1303 in
415 1232 772 1324 Probolowicze,
800 1233 897 1318 cuius
925 1234 1131 1307 aestimatur
1156 1234 1255 1307 valor
1282 1233 1326 1305 ad
1353 1233 1534 1306 duodecim
1560 1253 1709 1324 marcas;
1778 1258 1781 1261 ·

162 1354 205 1425 de
231 1352 364 1425 duobus
399 1332 515 1426 autem
542 1354 652 1425 laneis
686 1360 723 1426 et
749 1353 791 1426 de
819 1355 992 1445 aliquibus
1020 1354 1149 1444 campis
1176 1354 1268 1426 cedit
1299 1355 1473 1426 cantoriae
1500 1353 1710 1446 Visliciensi,

147 1460 198 1546 'et
216 1474 313 1545 valor
340 1473 414 1545 eius
432 1474 635 1547 aestimatur
653 1474 698 1546 ad
715 1479 789 1546 tres
806 1494 959 1564 marcas3
985 1465 1069 1548 item
1096 1475 1139 1545 de
1158 1474 1331 1565 aliquibus
1348 1475 1442 1564 agris
1460 1473 1552 1546 cedit
1569 1494 1709 1546 mensae
1728 1542 1732 1548 .

162 1593 350 1685 episcopali
368 1593 598 1684 cracoviensi,
626 1595 722 1667 cuius
740 1595 840 1668 valor
857 1595 901 1667 ad
919 1595 1005 1671 duas
1022 1616 1157 1667 marcas
1175 1595 1388 1668 aestimatur.
1427 1593 1576 1666 Difficile
1594 1601 1710 1667 autem

162 1722 216 1787 est
234 1720 364 1786 certam
382 1712 495 1787 lacere
513 1714 778 1806 descriptionem
797 1735 974 1806 agrorum,
1002 1716 1099 1787 cuius
1117 1717 1323 1805 proprietati
1341 1715 1377 1786 in
1396 1714 1560 1786 solvenda
1577 1714 1711 1787 decima

162 1835 372 1925 subiaceant,
399 1837 560 1925 quoniam
587 1837 662 1926 agri
679 1835 877 1907 huiusmodi
903 1837 1027 1924 incerti
1053 1842 1144 1926 sunt,
1170 1837 1260 1908 etin
1277 1835 1416 1907 modum
1441 1831 1625 1906 alelmum
1651 1835 1710 1907 siti

163 1961 199 2028 et
223 1955 346 2045 locati,
374 1956 417 2027 de
445 1957 602 2028 omnibus
629 1960 745 2028 autem
770 1956 880 2028 laneis
906 1962 1048 2047 praeter
1074 1956 1161 2029 duos
1187 1957 1280 2028 tollit
1307 1957 1474 2027 decimam
1500 1955 1623 2046 canapi
1649 1976 1712 2046 per

161 2076 247 2146 duas
274 2077 412 2165 ierugas
439 2076 606 2166 plebanus
641 2077 684 2149 de
711 2076 1077 2166 Probolowicze,
1113 2077 1158 2149 de
1183 2076 1318 2150 duobus
1345 2081 1465 2148 cantor
1500 2076 1712 2167 Vislicensis,

162 2197 353 2287 episcopus
369 2216 453 2269 vero
480 2197 517 2267 in
543 2197 676 2268 decima
702 2198 823 2288 canapi
849 2218 919 2270 non
945 2197 1142 2288 participat.

262 2316 419 2388 Znornn
445 2316 592 2406 Maron,
620 2318 704 2389 villa
735 2319 800 2402 sub
826 2319 992 2410 parochia
1018 2317 1182 2390 ecclesiae
1210 2317 1253 2389 de
1279 2317 1461 2390 Pelcziska
1486 2317 1574 2407 sita,
1610 2319 1707 2390 cuius

162 2438 287 2509 haeres
305 2436 469 2510 Nicolaus
495 2437 741 2529 Zlothsky‚
767 2439 894 2511 nobilis
912 2438 956 2510 de
974 2439 1075 2511 domo
1093 2438 1346 2528 Polukoza,
1372 2439 1408 2509 in
1428 2458 1496 2528 qua
1512 2443 1595 2509 sunt
1618 2437 1711 2509 lanei

165 2559 414 2647 cmetbonales,
442 2558 486 2629 de
504 2559 629 2649 quibus
656 2558 814 2631 omnibus
841 2559 989 2631 solvitur
1015 2558 1147 2630 decima
1164 2558 1389 2649 manipularis
1416 2557 1591 2629 cantoriae
1609 2557 1715 2629 Visli-

163 2678 286 2768 ciensi,
323 2685 359 2749 et
385 2678 516 2750 ducunt
550 2678 645 2750 illam
671 2679 869 2750 cmetbones
904 2679 1056 2769 propriis
1083 2679 1241 2751 curribus
1269 2679 1305 2749 in
1332 2679 1495 2750 horreum
1521 2698 1543 2748 a
1569 2684 1711 2750 cantore

159 2799 342 2888 locandum
370 2780 414 2871 ¹et
440 2800 580 2872 solvunt
614 2799 780 2871 decimam
816 2801 939 2890 canapi
973 2821 1037 2890 per
1063 2803 1212 2891 quatuor
1247 2800 1403 2889 ierugas,
1441 2804 1478 2871 et
1504 2798 1602 2869 valor
1637 2799 1711 2871 eius

161 2919 367 2991 aestimatur
394 2919 438 2992 ad
457 2920 605 2992 sedecim
633 2941 776 2991 marcas.
815 2920 1004 2992 Itemtres
1022 2921 1256 3010 hortulaniae,
1283 2920 1453 2992 habentes
1479 2939 1596 3010 agros,
1624 2940 1713 3010 quae

163 3060 280 3111 omnes
307 3041 446 3112 solvunt
473 3040 640 3112 decimam
666 3041 915 3131 manipularem
943 3041 1118 3112 cantoriae
1143 3040 1179 3112 in
1203 3037 1423 3136 panicianum,
1458 3041 1543 3111 item
1569 3046 1651 3113 sunt
1677 3040 1713 3143 in

161 3161 283 3233 eadem
309 3161 392 3232 villa
417 3162 493 3252 agri
520 3168 685 3253 quatuor,
714 3163 768 3234 vel
795 3163 901 3234 trium
927 3161 1171 3252 praediorum,
1208 3182 1295 3252 quae
1322 3167 1423 3233 erant
1449 3161 1632 3251 militaria,
1668 3158 1712 3232 de

171 3280 301 3373 quibus
323 3280 471 3354 solvitur
497 3281 629 3353 decima
654 3282 879 3373 manipularis
906 3282 1072 3353 ecclesiae
1097 3287 1133 3352 et
1157 3281 1305 3373 plebano
1331 3281 1368 3353 in
1394 3279 1583 3353 Pelczislra.

262 3384 586 3492 Pannonowuczn,
612 3403 696 3475 villa
713 3402 844 3477 habens
862 3403 898 3473 in
916 3423 953 3473 se
971 3402 1204 3492 parochialem
1227 3382 1407 3475 ecelesiam
1433 3401 1592 3492 ligneam,
1610 3402 1708 3474 cuius

159 3520 428 3597 haeresPetrus
455 3518 793 3614 Gnoyniczsky,
820 3522 947 3594 nobilis
974 3521 1136 3594 dedomo
1164 3522 1463 3612 (laubrorum,
1490 3522 1526 3593 in
1545 3526 1731 3613 quasunt,

160 3648 309 3734 quatuor
333 3644 425 3715 lanei
452 3642 705 3734 cmetbonales,
741 3644 784 3715 de
811 3643 936 3735 quibus
963 3626 1122 3735 omnibus
1149 3644 1242 3716 tollit
1268 3643 1434 3715 decimam
1462 3643 1710 3733 manipularem

161 3750 377 3859 Visliciensis
404 3765 574 3854 cantoria,
602 3771 638 3837 et
657 3764 788 3837 ducunt
813 3764 908 3835 illam
935 3764 1137 3836 cmetbones
1162 3764 1198 3835 iu
1225 3765 1388 3836 horreum
1416 3786 1438 3836 a
1463 3767 1606 3835 cantore
1631 3782 1712 3836 con-

24 3911 27 3916 ·
162 3883 374 3958 stitnendum
392 3890 429 3957 et
443 3884 610 3957 decimam
629 3886 753 3977 canapi
770 3880 909 3958 solvunt
925 3904 989 3975 per
1003 3890 1152 3978 quatuor
1170 3885 1322 3976 ierugas,
1340 3890 1377 3957 et
1389 3885 1489 3957 valor
1506 3883 1709 3957 aestimatur

161 4005 306 4113 eiusad
333 4011 483 4097 quatuor
508 4026 652 4078 marcas.
696 4006 784 4078 Item
820 4011 902 4078 sunt
937 4005 972 4076 in
999 4004 1120 4077 eadem
1155 4006 1240 4078 villa
1265 4006 1326 4078 alii
1352 4005 1443 4077 lanei
1478 4005 1713 4078 cmetbonales

161 4127 320 4219 quinque,
336 4125 432 4207 ,item
449 4148 520 4199 una
537 4127 634 4199 curia
650 4126 811 4200 militaris
828 4127 960 4199 habens
978 4146 1082 4217 agros
1100 4126 1305 4218 praediales,
1333 4128 1416 4200 item
1434 4127 1605 4200 tabernae
1623 4110 1713 4199 duae

162 4248 332 4321 babentes
358 4268 479 4339 agros,
513 4249 597 4320 item
623 4252 695 4321 tres
722 4247 942 4320 hortulaniae
977 4248 1146 4320 habentes
1173 4269 1295 4340 agros,
1330 4248 1373 4320 de
1400 4248 1525 4339 quibus
1544 4230 1716 4320 ’omnibus

160 4368 308 4469 salpiam
333 4368 468 4441 decima
493 4370 717 4460 manipularis
744 4369 891 4459 plebano
919 4375 956 4440 et
973 4368 1138 4441 ecclesiae
1165 4369 1201 4440 in
1231 4368 1603 4457 Probolowicze,
1629 4369 1714 4440 item

160 4494 215 4560 est
240 4488 290 4561 ibi
315 4489 567 4581 molendinum,
595 4490 656 4561 sed
674 4499 743 4562 non
761 4491 870 4564 babet
896 4511 1020 4580 agros;
1047 4491 1146 4562 valor
1172 4497 1287 4562 autem
1316 4490 1480 4580 decimae,
1508 4509 1596 4581 quae
1623 4488 1716 4562 cedit

159 4609 325 4683 ecclesiae
349 4610 386 4681 in
412 4592 751 4704 P'robolowieo,
778 4612 983 4684 aestimatur
1010 4612 1055 4683 ad
1082 4632 1143 4683 sex
1169 4630 1313 4684 marcas.

263 4730 477 4822 Cosmum,
504 4732 587 4804 villa
614 4733 678 4805 sub
696 4733 862 4824 parochia
880 4733 1045 4804 ecclesiae
1072 4731 1115 4803 de
1134 4729 1167 4802 S.
1184 4732 1373 4804 Laurentio
1394 4733 1480 4822 sita,
1507 4733 1605 4805 cuius
1630 4752 1712 4824 pro·

159 4853 290 4943 prietes
326 4851 370 4924 ad
396 4852 668 4925 illustrissimum
695 4853 859 4926 Poloniae
892 4874 1009 4944 regem
1035 4853 1201 4943 pertinet,
1236 4854 1272 4925 in
1300 4874 1369 4945 qua
1404 4860 1484 4925 sunt
1520 4832 1753 4965 quodcum„

159 4973 250 5044 lanei
286 4973 540 5063 cmetbonales,
575 4974 659 5045 item
694 4974 763 5047 duo
790 4974 881 5045 lanei
918 4973 1010 5045 ultra
1039 4974 1104 5047 hos
1132 4973 1333 5047 advocatiae
1359 4974 1594 5064 Visliciensis,
1630 4973 1714 5045 item

158 5093 305 5164 taberna
321 5093 482 5167 advocati
499 5115 568 5166 non
586 5095 719 5167 habens
745 5114 862 5184 agros,
890 5094 933 5166 de
951 5096 1086 5187 quibus.
1103 5095 1261 5168 omnibus
1288 5095 1436 5168 solvitur
1453 5095 1586 5167 decima
1603 5093 1713 5167 mani·

158 5214 290 5305 pulcris
308 5215 344 5287 in
359 5212 582 5311 percilianum,
600 5237 669 5288 non
687 5221 803 5288 tamen
821 5214 1057 5308 uniformiter,
1076 5217 1136 5289 sed
1154 5217 1331 5308 perceptio
1350 5218 1425 5289 eius
1443 5216 1716 5306 diversificatum

160 5356 241 5407 nam
270 5337 313 5407 de
331 5337 425 5428 agris
452 5337 530 5410 sitis
548 5357 672 5409 versus
699 5338 882 5411 Buszko
909 5338 1058 5429 percipit
1076 5338 1171 5410 illam
1188 5338 1464 5431 praebendarius
1490 5337 1533 5409 de
1551 5336 1717 5410 Ghotel
1865 5330 1870 5347 '

159 5456 323 5552 militari,
350 5465 386 5535 et
412 5430 523 5535 valor'
541 5459 749 5542 aestimatur,
770 5458 844 5538 eius
881 5457 926 5536 ad
953 5463 1103 5556 quatuor
1129 5480 1282 5559 marcas,
1317 5459 1360 5539 de
1386 5460 1480 5559 agris
1516 5479 1601 5538 vero
1636 5458 1716 5537 sitis
