4050 6054
234 422 314 493 590

342 628 430 697 Item
457 626 492 695 in
512 625 637 715 oppido
665 624 937 714 Oppathoricnsi
965 627 1071 696 lrabet
1098 624 1183 695 duas
1205 644 1339 694 marcas
1367 624 1410 695 de
1428 625 1583 694 tabernis
1611 622 1808 714 Oppatho·

234 750 430 836 riensibnS‚
458 749 539 817 item
567 747 673 817 habet
699 747 893 835 portionem
922 748 1100 835 aequalem
1127 747 1170 816 de
1197 752 1367 836 proventu
1391 747 1604 816 decimarum
1632 745 1807 834 manipu-

230 870 354 939 larium
382 870 417 937 in
437 869 519 937 rilla
546 868 809 956 Rzusclrow,
836 869 918 937 item
938 869 1044 938 habet
1062 868 1258 961 portionem
1276 868 1454 958 aequalem
1474 867 1515 938 dc
1535 874 1705 958 quaestu,
1735 866 1802 956 qni

230 989 323 1062 cedit
349 989 488 1061 vicariis
516 987 856 1077 Oppathoriensibns
883 988 919 1057 in
947 989 1128 1058 communi.

333 1253 373 1333 ln
398 1256 607 1333 communi
632 1254 807 1356 praelati
841 1259 884 1333 et
906 1256 1099 1333 canonici
1123 1253 1492 1357 Oppatlroviansss
1515 1253 1686 1333 habant.

335 1474 487 1544 Praelati
507 1478 542 1543 et
560 1475 716 1544 canonic-i
744 1474 1043 1563 Opputlrorienses
1071 1476 1202 1544 lrulrcnt
1221 1476 1256 1543 in
1275 1475 1446 1545 communi
1465 1474 1632 1563 piscinam
1660 1480 1700 1545 et
1718 1494 1799 1545 mo·

232 1594 409 1665 landinum
437 1596 471 1664 in
490 1595 628 1664 flumine
646 1595 707 1663 Lu
719 1596 863 1682 karra,
891 1616 988 1665 secus
1007 1597 1198 1684 pomerium
1218 1596 1332 1665 curiae
1352 1595 1557 1684 episcopalis
1588 1594 1624 1664 in
1642 1593 1798 1687 Oppa-

234 1724 337 1803 ton,
364 1716 493 1804 dequo
518 1737 580 1804 pro
605 1716 673 1784 illis
693 1737 756 1805 pro
775 1737 889 1786 annno
917 1738 1021 1786 censu
1041 1717 1222 1787 solvuntur
1240 1716 1419 1786 duodecim
1438 1736 1574 1786 marcac
1602 1735 1669 1805 pro
1698 1714 1795 1787 festo

233 1837 266 1907 S.
277 1836 437 1924 Martini,
457 1843 492 1906 et
511 1837 603 1906 inter
616 1837 790 1926 praelatos
810 1846 845 1907 et
859 1839 1040 1908 earumieos
1055 1837 1352 1927 Oppatlrovicnscs
1367 1837 1558 1925 acqualiter
1573 1836 1796 1927 dividuntur,

232 1958 305 2028 solo
332 1958 512 2027 scolastico
541 1958 813 2046 tlppatlroriensi
840 1966 999 2047 exceptu,
1027 1960 1086 2047 qui
1113 1959 1155 2029 de
1183 1959 1380 2029 huiusmodi
1408 1979 1512 2028 cerrsu
1539 1979 1581 2027 cn
1600 1965 1794 2029 consuetu·

231 2079 310 2148 cline
352 2078 568 2167 praescripta
612 2101 679 2148 non
717 2079 910 2167 participat.
961 2080 1049 2149 item
1086 2080 1128 2150 de
1166 2080 1363 2151 luriusmodi
1405 2079 1601 2150 molendino
1637 2078 1794 2151 solvitur

236 2199 378 2269 cuilibet
395 2199 551 2288 praelato
579 2204 614 2269 et
633 2201 796 2269 canonico
815 2199 1087 2288 Oppatlroricnsi
1113 2223 1176 2290 pro
1195 2201 1282 2274 sesto
1301 2201 1436 2275 Natalis
1455 2200 1559 2273 Oristi
1578 2220 1669 2270 unus
1679 2200 1793 2289 panis

233 2320 394 2391 triticeus
421 2320 522 2409 altus
550 2320 608 2409 qni
632 2317 773 2389 rtaauccl
799 2321 1004 2411 appellatur.

407 2592 519 2670 Bona
555 2592 810 2671 vicariorum
845 2595 889 2670 at
921 2592 1106 2693 magistri
1141 2590 1286 2668 scolas
1321 2591 1359 2667 in
1393 2609 1630 2668 commune.

339 2811 469 2882 Vicarii
501 2816 536 2881 et
562 2813 728 2901 magister
754 2811 868 2883 scolae
903 2811 1193 2901 Opputhoriensis
1230 2811 1356 2880 habent
1393 2809 1681 2880 columbationem
1709 2815 1794 2899 post

233 2935 412 3004 universos
440 2933 631 3023 oppidanos
658 2940 695 3004 et
721 2935 937 3004 suburbanos
964 2934 1260 3022 ttppathorienscs
1297 2937 1478 3003 eteorum
1513 2930 1716 3020 inquilinos,
1753 2934 1793 3002 et

232 3059 312 3144 post
338 3076 455 3127 ornnes
483 3055 582 3125 villas
608 3055 794 3144 parochiae
820 3055 1129 3144 Oppatlroriensis‚
1164 3054 1261 3124 cuius
1289 3053 1386 3123 valor
1414 3052 1457 3122 ad
1485 3050 1664 3123 duodecim
1693 3070 1790 3122 mar-

236 3196 293 3246 cas
321 3198 357 3247 se
385 3177 549 3247 extendit.

334 3299 530 3387 Rzucuow,
558 3298 644 3368 villa
671 3299 735 3369 snb
762 3299 925 3387 parochia
943 3299 1107 3369 ecclesiae
1135 3297 1177 3367 de
1204 3295 1552 3385 Wszeswpathc
1579 3294 1657 3383 sita,
1687 3294 1789 3365 cuius

231 3421 354 3490 haeres
381 3420 546 3491 Nicolaus
573 3419 926 3508 Podlodowskp',
954 3419 1079 3489 nobilis
1108 3417 1150 3488 de
1177 3418 1282 3488 armis
1309 3416 1510 3507 danyna,
1547 3415 1583 3484 in
1611 3435 1681 3504 qna
1707 3419 1792 3487 sunt

232 3542 381 3612 sedecim
414 3542 505 3611 lanei
533 3541 785 3629 cmothonales‚
820 3541 902 3611 item
930 3541 1017 3609 clerae
1054 3540 1219 3610 tabernae
1256 3539 1423 3609 habentes
1451 3558 1568 3625 agros,
1603 3532 1689 3607 item
1715 3556 1789 3607 una

233 3663 432 3733 hortulanis
458 3663 589 3733 habens
616 3683 737 3751 agros,
765 3661 952 3751 dequibus
979 3661 1137 3731 omnibus
1166 3660 1312 3730 solvitur
1339 3659 1471 3729 decimu
1496 3655 1724 3746 manipularis
1750 3660 1789 3727 et

231 3804 294 3873 per
321 3791 470 3874 quatuor
507 3784 645 3872 irrugas
673 3783 847 3870 canapalis
883 3782 1104 3852 universitati
1133 3781 1339 3852 vicariorum
1365 3778 1717 3868 Oppathoviensium‚
1749 3783 1789 3850 et

231 3909 392 3976 tenentur
419 3905 511 3974 illam
530 3905 662 3974 incolae
680 3903 805 3973 ducere
832 3903 868 3972 in
886 3903 1048 3973 horreum
1076 3923 1097 3971 a
1116 3901 1253 3970 vicariis
1280 3900 1480 3989 locandum,
1508 3905 1543 3969 et
1560 3899 1658 3969 valor
1676 3899 1785 3971 aesti-

124 4066 127 4071 -
232 4033 347 4097 matur
382 4026 456 4095 eius
483 4024 527 4096 ad
556 4025 704 4095 sedecim
731 4044 885 4111 marcas;
920 4044 988 4094 non
1020 4028 1074 4093 cst
1102 4028 1218 4093 antem
1253 4021 1433 4111 praedium
1469 4018 1608 4110 aliquod
1640 4020 1677 4091 in
1704 4018 1791 4091 villa

233 4138 400 4237 praelatu.
1396 4146 1402 4159 '

336 4249 535 4339 Notandum
553 4274 686 4356 autem,
714 4266 806 4357 qnod
833 4266 966 4337 decima
984 4265 1208 4356 manipularis
1235 4265 1270 4334 in
1289 4263 1515 4334 Rzuchow
1543 4260 1789 4334 alundatione

232 4391 286 4461 sui
312 4390 510 4479 pertinebat
547 4389 590 4459 ad
618 4388 867 4477 proprietatem
903 4407 1041 4457 mensae
1068 4387 1288 4475 episcopatus
1321 4384 1577 4472 Cracoriensis‚
1604 4382 1667 4454 sed
1705 4382 1790 4453 dnm

231 4512 340 4582 felicis
375 4511 562 4581 memoriae
598 4510 831 4599 Sbigneus
867 4508 1052 4579 cardinalis
1080 4514 1116 4578 et
1142 4508 1324 4596 episcopus
1356 4505 1614 4593 Oracoriensis,
1640 4502 1791 4575 fundata

182 4604 189 4615 ⁹
231 4634 364 4724 piscina
381 4633 508 4722 insigni
527 4633 562 4702 in
580 4630 683 4701 tlurio
711 4630 948 4721 Kamyona
974 4630 1066 4700 circa
1083 4635 1233 4698 montem
1264 4627 1296 4697 N
1305 4625 1664 4719 yctlrolyczsko,
1692 4646 1791 4715 arra,

233 4775 372 4845 campos
399 4759 435 4824 et
452 4760 555 4843 prata
582 4753 802 4843 episcopatus
828 4751 1064 4823 Lubuczcnsis
1093 4757 1129 4820 et
1147 4750 1250 4820 villae
1276 4747 1660 4840 Nyetlrolyczsko
1687 4747 1790 4818 alveo

232 4875 384 4967 piscinae
420 4875 641 4965 inundasset,
678 4880 713 4944 et
739 4894 803 4962 pro
838 4871 1035 4943 huiusmodi
1072 4870 1200 4941 iniuria
1235 4869 1278 4939 ab
1306 4869 1477 4958 episcopis
1504 4868 1790 4941 Lubuezeusilms

231 4998 307 5069 iure
329 4997 491 5069 terrestri
518 5000 721 5086 vexaretur,
750 4994 944 5066 Thomas
971 4986 1164 5082 episcopus
1183 4990 1420 5063 Gracoriensis
1448 4989 1560 5060 cidem
1587 4988 1792 5062 immediate

127 5210 132 5215 ¹
232 5119 430 5207 succedens,
456 5117 624 5189 decimam
643 5122 860 5207 praesentem
879 5115 915 5185 in
933 5115 1156 5185 llzuchow
1182 5113 1343 5202 episcopo
1367 5109 1582 5182 Lubuczensi
1600 5109 1636 5180 in
1655 5127 1792 5183 recom-

232 5240 470 5330 pensationem
498 5260 679 5325 arvorum,
714 5244 893 5327 pratorum
921 5242 955 5306 ct
984 5256 1180 5324 camporum
1209 5254 1230 5301 a
1256 5232 1389 5320 piscina
1416 5229 1681 5318 inundaturum,
1708 5250 1792 5320 per-

232 5368 338 5455 petuo
366 5360 517 5451 donarit,
546 5381 647 5453 quam
666 5379 832 5451 processu
858 5358 1024 5453 temporis
1047 5356 1225 5428 Jolranncs
1252 5352 1575 5443 Bonykodskp
1602 5358 1729 5426 cautor
1755 5360 1794 5425 et
