4050 6054
1700 449 1774 520 493

227 661 451 734 beneficiatos
488 661 653 731 ecelesiae
688 660 720 730 S.
748 657 912 730 Floriani.
952 658 1041 728 Eam
1075 678 1166 729 nunc
1200 663 1296 728 tenet
1330 657 1496 746 magister
1530 655 1707 727 Johannes
1733 655 1776 725 de

228 781 530 875 Osswanczin
557 802 676 853 sacrae
703 780 899 870 theologiae
926 779 1180 869 baccalaureus,
1202 780 1298 849 cuius
1318 784 1500 871 antequam
1519 780 1776 869 coaequaretur,

228 905 266 975 hi
292 902 433 975 fuemnt
457 909 657 998 proventus.

496 1166 697 1246 Decimae
730 1166 1012 1269 manipulares
1043 1166 1197 1245 tertiae
1235 1162 1516 1268 praebendae.

333 1386 356 1458 J
358 1407 508 1474 aszuau,
538 1386 712 1475 oppidum,
739 1387 774 1456 in
802 1409 869 1477 quo
888 1393 944 1458 est
961 1388 1105 1458 ecelesia
1123 1386 1332 1477 parochialis
1351 1406 1394 1455 ex
1410 1404 1509 1456 muro
1528 1384 1697 1455 fabricata
1715 1405 1777 1472 per

229 1508 437 1579 Stauislaum
457 1506 511 1578 ΟΖ
521 1507 624 1597 yely
635 1508 759 1596 athlro
779 1507 999 1578 decretorum
1018 1508 1203 1597 doctorem,
1219 1507 1436 1577 scolasticum
1451 1504 1775 1593 Sandomiriensem,

229 1634 265 1699 et
289 1648 489 1718 germanum
518 1628 592 1697 eins
619 1627 808 1717 Nicolaum,
836 1632 1005 1700 rectorem
1031 1635 1114 1698 tunc
1141 1628 1305 1698 eeclesiae
1324 1627 1360 1696 in
1377 1625 1400 1697 J
1411 1626 1548 1714 asael,
1567 1625 1717 1696 nobilem
1736 1625 1778 1695 de

230 1751 336 1819 armis
364 1748 627 1837 Taurorum,
655 1749 752 1818 cuius
778 1750 975 1838 proprietas
1002 1754 1039 1819 et
1065 1748 1253 1819 dominium
1280 1748 1433 1838 pertinet
1459 1746 1503 1816 ad
1518 1728 1779 1816 ¹serenissimum

229 1890 346 1959 regern
374 1868 548 1957 Poloniae,
576 1869 612 1938 in
640 1889 706 1958 quo
735 1875 816 1939 sunt
842 1870 933 1965 lanei
960 1869 1224 1959 oppidanorum,
1252 1868 1294 1938 de
1322 1869 1447 1957 quibus
1475 1865 1621 1938 solvitur
1647 1864 1779 1937 decima

230 1989 457 2078 manipularis
484 1989 648 2059 canonico
675 1990 802 2060 tertiae
828 1989 1046 2080 praebendae
1073 1988 1106 2059 S.
1132 1988 1296 2076 Floriani,
1318 1993 1354 2057 et
1373 1987 1502 2057 ducunt
1521 2007 1596 2057 eam
1614 1985 1778 2075 oppidani
1895 2063 1898 2070 .

228 2109 267 2179 iu
291 2110 454 2199 horreum
482 2131 503 2179 a
530 2109 694 2180 canonico
725 2108 907 2179 locandum
934 2115 970 2180 et
996 2108 1094 2179 valor
1121 2108 1195 2178 eius
1222 2108 1426 2178 aestimatur
1454 2107 1498 2177 ad
1525 2112 1603 2177 octo
1630 2126 1775 2194 marcas,

230 2251 293 2317 pro
321 2229 505 2299 medietato
543 2229 713 2299 duntaxat
739 2230 866 2320 oppidi.
900 2231 990 2300 Item
1018 2235 1072 2300 est
1098 2229 1147 2299 ibi
1173 2228 1355 2299 advocatia
1380 2228 1511 2298 habens
1539 2227 1625 2297 duos
1652 2226 1779 2315 laneos

231 2350 274 2419 de
301 2350 425 2438 quibus
453 2350 556 2419 etiam
583 2350 729 2421 solvitur
756 2350 888 2420 decima
913 2349 1138 2439 manipularis
1165 2348 1329 2419 ecclesiae
1347 2348 1383 2417 in
1401 2347 1424 2417 J
1434 2347 1561 2418 aszel
1587 2347 1779 2435 parochiali

230 2474 267 2540 et
293 2469 367 2541 eius
392 2468 538 2559 plebano
565 2470 601 2539 in
627 2470 650 2540 J
660 2471 801 2560 asael,
828 2471 912 2541 item
939 2475 993 2541 est
1018 2470 1067 2541 ibi
1093 2469 1271 2559 praedium
1297 2469 1447 2556 regium,
1475 2467 1517 2537 de
1545 2488 1612 2556 quo
1639 2466 1779 2536 decima·

231 2590 456 2679 manipularis
484 2591 631 2660 solvitur
658 2590 822 2660 ecclesiae
849 2590 1040 2678 parochiali
1067 2591 1102 2660 in
1129 2590 1151 2660 J
1161 2590 1299 2678 aszol,
1327 2589 1388 2659 sed
1410 2590 1446 2658 in
1464 2588 1662 2659 huiusmodi
1679 2608 1781 2677 prae-

232 2710 288 2781 dio
315 2710 449 2780 locatus
485 2715 540 2779 est
572 2710 726 2797 emeth03
752 2710 836 2781 item
863 2716 956 2803 suut
977 2711 1027 2780 ibi
1054 2711 1089 2780 in
1116 2711 1302 2781 medietate
1329 2709 1447 2800 oppidi
1473 2710 1565 2779 lanei
1593 2708 1781 2805 oppidano·
1883 2760 1886 2767 .

231 2851 317 2918 rum,
345 2836 381 2901 et
408 2829 554 2919 quihbet
581 2830 685 2901 solvit
711 2851 774 2920 pro
803 2831 935 2901 decima
961 2852 1067 2901 uuum
1093 2831 1262 2901 fertonem
1289 2851 1352 2920 pro
1380 2830 1526 2921 plebano
1554 2831 1590 2899 in
1611 2828 1635 2900 J
1645 2829 1782 2900 aszel‘

230 2950 317 3022 Item
346 2969 464 3021 omnes
492 2949 667 3040 oppidem,
694 2955 731 3022 et
758 2951 816 3041 qui
842 2952 1102 3040 manipularem,
1131 2956 1168 3023 et
1194 2952 1254 3040 qui
1280 2952 1494 3041 pecuniolam
1520 2948 1673 3021 reddunt
1690 2950 1781 3021 deci-

231 3091 338 3159 mam,
366 3070 506 3141 solvunt
532 3071 678 3160 quilibet
705 3071 748 3142 de
775 3072 874 3142 laneo
902 3092 1005 3142 unam
1032 3092 1227 3142 mensuram
1256 3070 1403 3161 siliginis
1431 3077 1467 3142 et
1493 3091 1641 3159 avenae,
1669 3070 1780 3141 altera

229 3192 365 3263 ratione
400 3191 610 3280 missalium
637 3192 721 3262 item
757 3193 892 3263 ratione
919 3193 1124 3264 mensalium
1152 3193 1298 3282 quilibet
1322 3193 1449 3283 hospes
1476 3213 1582 3263 unum
1607 3211 1776 3281 grossum,

231 3312 418 3402 inquilinus
446 3311 595 3381 medium
621 3333 790 3401 grossum.
1443 3303 1450 3315 ’

335 3431 517 3522 Zounow,
544 3433 628 3504 villu
663 3435 727 3503 sub
763 3434 927 3521 parochia
963 3434 1126 3504 ecclesiae
1154 3434 1197 3504 de
1224 3433 1439 3524 Lyazany
1466 3434 1551 3523 sita,
1578 3435 1675 3505 cuius
1701 3455 1782 3523 pro-

234 3555 367 3643 prietas
398 3560 434 3625 et
461 3552 650 3624 dominium
685 3554 837 3642 pertinet
873 3553 916 3623 ad
943 3553 1123 3624 Nicolaum
1150 3560 1187 3624 et
1213 3553 1423 3625 Stanislaum
1450 3553 1493 3624 de
1519 3554 1660 3624 armis.
1688 3608 1694 3622 .
1722 3608 1730 3623 .
1757 3608 1783 3643 .,

232 3676 267 3744 in
295 3695 363 3764 qua
389 3679 471 3744 sunt
497 3673 589 3743 lanei
615 3674 858 3762 emethonales,
886 3674 928 3744 de
956 3675 1080 3765 quibus
1108 3675 1267 3745 omuibus
1294 3674 1443 3745 solvitur
1470 3674 1602 3744 decima
1628 3675 1783 3763 manipu-

229 3795 314 3866 laris
341 3795 505 3866 canouico
533 3795 659 3864 tertiae
686 3794 913 3884 praebendae,
932 3800 968 3864 ot
986 3795 1117 3865 ducunt
1135 3816 1211 3865 eam
1230 3795 1435 3866 emethones
1453 3795 1604 3885 propriis
1623 3796 1781 3866 curribus

231 3916 266 3987 in
302 3917 465 3986 borreum
501 3915 712 3985 aoanonioo
747 3915 946 4003 locandum,
974 3916 1070 3987 cuius
1098 3916 1196 3987 valor
1213 3914 1427 3987 'aestimatur
1454 3916 1498 3986 ad
1526 3916 1612 3987 duas
1638 3936 1781 3987 marcas.

231 4037 319 4108 Item
345 4037 521 4125 tabernae,
549 4036 632 4106 item
659 4035 886 4125 hortulaniae,
914 4037 998 4106 item
1025 4037 1205 4125 praedium
1233 4042 1287 4107 est
1314 4037 1361 4107 ibi
1380 4020 1526 4107 'unicum
1553 4037 1711 4126 militare,
1739 4036 1782 4107 de

232 4158 329 4229 cuius
364 4157 458 4246 agris
493 4156 598 4227 certis
634 4155 819 4245 aliquando
856 4155 989 4226 decima
1024 4157 1248 4247 manipularis
1270 4156 1431 4228 solvitur
1467 4178 1530 4246 pro
1558 4158 1722 4229 canonico
1750 4156 1783 4227 S.

232 4277 388 4351 Floriani
414 4277 541 4349 tertiae
564 4277 793 4366 praebendae,
821 4277 1007 4367 aliquando
1034 4298 1098 4367 pro
1126 4278 1271 4349 ecclesia
1297 4278 1332 4347 iu
1359 4277 1382 4349 J
1392 4279 1560 4369 aszyel.

336 4398 580 4486 Juaouowrrn,
609 4398 692 4468 villa
718 4398 783 4468 sub
810 4398 977 4488 parocbia
1003 4397 1168 4470 eeclesiae
1195 4399 1238 4469 do
1265 4398 1288 4470 J
1298 4400 1456 4489 aszyel
1484 4401 1562 4489 sita,
1589 4400 1686 4471 euius
1703 4421 1783 4491 pro-

233 4520 365 4609 prietas
392 4524 428 4588 et
455 4518 643 4589 dominium
670 4518 714 4588 ad
742 4518 1001 4589 serenissimum
1027 4516 1193 4590 Poloniae
1219 4540 1337 4609 regem
1363 4521 1526 4609 pertinet,
1553 4521 1590 4590 in
1617 4541 1685 4611 qua
1703 4528 1785 4592 sunt

233 4640 324 4710 lanei
352 4639 600 4728 emethonaleS,
628 4639 671 4710 de
699 4639 823 4729 quibus
851 4639 1008 4709 omnibus
1036 4640 1182 4710 solvitur
1209 4640 1342 4710 decima
1367 4641 1592 4732 manipularis
1621 4642 1783 4712 canonico

148 4829 152 4842 ,
193 4744 199 4762 ²
233 4761 360 4832 tertiae
387 4759 625 4848 praebendae,
653 4764 688 4829 et
713 4759 882 4830 inducunt
908 4779 984 4830 eam
1011 4761 1210 4832 emethones
1236 4762 1387 4851 propriis
1414 4763 1574 4832 curribus
1601 4763 1636 4832 in
1663 4763 1784 4833 horre-

232 4903 290 4952 um
318 4902 339 4950 a
367 4879 530 4951 canonico
557 4879 747 4968 locandum,
776 4880 873 4950 cuius
899 4880 997 4951 valor
1024 4881 1229 4953 aestimatur
1255 4882 1300 4952 ad
1325 4881 1474 4952 mediam
1501 4902 1661 4954 mercam.
1696 4882 1784 4981 Item

234 5003 400 5073 tabernae
427 5021 495 5071 non
523 5006 619 5089 sunt,
647 5001 730 5070 item
758 5000 975 5071 hortulaniae
1002 5022 1070 5071 non
1097 5009 1197 5090 snut3
1224 5003 1308 5073 item
1334 5003 1513 5092 praedium
1540 5010 1595 5074 est
1620 5004 1670 5075 ibi
1698 5004 1785 5075 scol-

232 5123 306 5211 teti,
333 5122 375 5193 de
403 5143 471 5213 quo
498 5122 633 5192 ratione
661 5121 812 5193 decimae
840 5122 1032 5197 solvuntur.
1049 5123 1197 5195 sedecim
1214 5124 1328 5213 grossi
1347 5124 1511 5194 ecclesiae
1529 5124 1566 5194 iu
1583 5124 1784 5215 Jaszyel.

337 5240 514 5332 Gaonuo,
542 5243 625 5313 villa
660 5243 724 5314 sub
750 5243 916 5332 parochia
942 5244 1109 5314 ecclesiae
1134 5244 1177 5314 de
1205 5297 1213 5313 .
1241 5297 1249 5312 .
1277 5297 1284 5312 .
1312 5298 1320 5313 .
1348 5244 1437 5334 sita,
1464 5245 1563 5317 cuius
1588 5247 1784 5336 proprietas
1826 5292 1829 5297 -
1866 5255 1869 5260 ’

233 5370 269 5493 ct
295 5363 484 5443 dominium
510 5363 555 5444 ad
581 5364 758 5443 nobilem.
785 5417 792 5440 .
819 5416 828 5439 .
855 5418 863 5441 .
890 5362 936 5443 de'
960 5365 1068 5441 oraru
1095 5417 1102 5438 .
1129 5417 1137 5441 .
1165 5418 1173 5441 ,
1200 5417 1207 5438 .
1235 5365 1397 5466 pertinet,
1423 5365 1462 5444 iu
1488 5384 1558 5466 qua
1583 5372 1666 5445 suut
1691 5367 1785 5443 lanei
