4080 6068
1727 534 1748 605 5

129 798 137 807 .
205 737 369 810 Poloniae
388 738 535 829 amplior
553 739 703 829 accedat,
718 745 753 810 et
768 738 965 812 conferatur
982 739 1074 812 inter
1092 739 1251 832 regiones
1268 760 1375 830 regno
1390 736 1554 811 Poloniae
1573 742 1757 832 subiectas,

204 852 305 931 fortis
323 858 495 930 funiculus
514 859 623 932 solido
643 860 865 931 connexionis
882 859 1083 932 formandus
1100 860 1256 951 glutinio,
1275 859 1369 931 nullo
1396 858 1624 950 malignitatis
1649 861 1760 934 livore

208 978 457 1053 dissolvendus.
489 979 606 1053 Habet
632 982 774 1069 insuper
805 980 1023 1071 episcopatus
1051 980 1290 1053 Cracoviensis
1317 981 1352 1050 in
1380 999 1417 1051 se
1445 982 1761 1071 archiepiscopatus

149 1142 175 1163 .·
206 1096 420 1205 Qilqanensis
434 1101 534 1172 'bona
551 1101 765 1192 temporalia,
779 1101 955 1173 videlicet:
975 1106 1048 1174 tres
1071 1102 1170 1174 villas
1189 1100 1291 1192 pleno
1310 1102 1385 1171 iure
1413 1101 1457 1171 ad
1484 1122 1521 1172 se
1548 1102 1762 1192 pertinentes
1786 1148 1789 1157 ι

206 1178 268 1297 οἵ·
270 1227 409 1293 'censum
441 1242 591 1293 annuum
622 1222 665 1293 de
691 1222 811 1312 zuppis
839 1222 1133 1314 Wyeliccnsibus3
1167 1222 1298 1294 habent
1329 1227 1365 1292 et
1392 1212 1517 1292 vicarii
1540 1219 1761 1295 Gnezncnses

209 1360 347 1414 censum
379 1363 530 1413 annuum
557 1343 599 1415 de
626 1344 766 1434 zuppis;
792 1344 899 1416 habet
925 1349 962 1414 et
988 1344 1202 1423 scholastria
1228 1340 1441 1414 Gneznensis
1473 1323 1614 1437 censum
1631 1342 1762 1441 decem

209 1463 396 1535 communis
414 1464 579 1553 pecuniae
610 1448 822 1553 marcarum,
849 1463 891 1535 de
920 1463 1150 1554 quadraginta
1176 1461 1306 1534 institis
1333 1463 1478 1534 muratis
1505 1463 1541 1533 in
1567 1460 1709 1536 civitate
1727 1467 1764 1534 et

163 1647 166 1657 .
208 1583 336 1656 circulo
355 1583 584 1675 Cracoviensi,
611 1585 653 1656 de
672 1586 827 1676 qualibet
853 1606 958 1656 unum
985 1584 1163 1657 fertonem.
1190 1584 1307 1656 Habet
1333 1588 1369 1654 et
1396 1583 1614 1673 episcopatus
1641 1581 1762 1654 Vladi·

211 1704 392 1776 slaviensis
419 1706 455 1776 in
479 1727 521 1777 ea
547 1708 764 1779 territorium
791 1707 940 1796 speciale
967 1706 1191 1797 Lagoviense,
1218 1726 1294 1776 cum
1322 1703 1448 1795 oppido
1475 1704 1646 1794 Lagow,
1672 1703 1765 1775 villis

210 1831 246 1896 et
273 1824 414 1897 decimis
441 1826 485 1897 ad
512 1827 598 1898 illud
629 1827 904 1917 pertinentibus;
940 1827 1047 1897 habet
1075 1831 1111 1897 et
1129 1827 1347 1916 episcopatus
1366 1826 1599 1897 Lubuczensis
1621 1825 1764 1897 territo-

210 1947 299 2017 rium
318 1946 412 2018 aliud
431 1947 565 2036 insigne
584 1947 619 2016 in
639 1946 765 2037 oppido
783 1945 950 2035 populoso
969 1944 1234 2035 OppathoW,
1252 1965 1327 2017 cum
1356 1945 1504 2017 sedecim
1521 1931 1621 2016 villisx
1632 1952 1668 2017 et
1686 1950 1764 2017 octo

212 2065 353 2136 decimis
372 2065 416 2136 ad
434 2066 520 2136 illud
538 2065 813 2155 pertinentibus;
842 2086 930 2155 quae
958 2065 1095 2155 quidem
1114 2066 1229 2136 omnia
1247 2066 1348 2157 bona,-
1371 2065 1576 2156 Templariis
1603 2067 1765 2139 extermi-

212 2186 313 2274 natis,
332 2186 391 2275 qui
408 2186 469 2257 illa
487 2207 508 2258 a
525 2187 703 2276 primaeva
722 2187 775 2257 sui
793 2185 994 2257 fundatione
1012 2186 1248 2277 possidebant,
1267 2188 1407 2278 illicque
1423 2187 1611 2259 ‘habebant
1637 2187 1766 2277 prima·
1812 2207 1816 2216 ·

213 2307 302 2376 riam
334 2305 450 2377 sedem
477 2312 513 2378 et
538 2305 681 2378 fundum
704 2307 868 2379 ecclesiae
895 2307 1138 2398 Lubuczensis,
1164 2329 1228 2399 per
1254 2308 1547 2385 Vlsdislaum
1575 2309 1766 2397 Loktek,

172 2522 176 2527 ,
214 2425 387 2497 dominum
418 2434 455 2498 et
481 2428 702 2500 monarcham
733 2429 832 2518 regni
858 2427 1032 2517 Poloniae,
1058 2429 1109 2499 illi
1127 2435 1295 2520 perpetuo
1315 2430 1444 2502 donata
1470 2437 1560 2500 sunt.
1587 2429 1704 2501 Habet
1730 2434 1767 2501 et

213 2548 430 2638 episcopatus
448 2549 625 2621 Plbcensis
642 2533 820 2639 proprium
839 2550 874 2619 in
894 2570 935 2620 ea
954 2550 1169 2622 territorium
1187 2550 1395 2622 Koczsko
1415 2550 1587 2640 oppidum,
1605 2548 1649 2621 ad
1668 2549 1767 2620 liuvi-

215 2690 281 2754 um,
306 2670 364 2758 qui
383 2669 505 2759 Aper
525 2669 661 2759 dicitur,
680 2671 794 2759 situm,
813 2691 889 2741 curn
908 2671 1041 2760 aliquot
1068 2671 1159 2742 villis
1186 2670 1230 2743 ad
1257 2670 1343 2743 illud
1361 2671 1624 2761 pertinentibus.
1643 2667 1768 2742 'Habet

214 2795 251 2882 et
268 2789 487 2879 episcopatus
514 2789 789 2861 Praemisliensis
817 2791 921 2861 etiam
953 2792 1132 2881 proprium
1162 2792 1388 2881 territorium,
1416 2791 1579 2882 oppidum
1607 2790 1768 2864 videlicet

212 2909 473 3001 laszlysk'a,
493 2931 569 2982 cum
588 2910 721 3001 aliquot
747 2912 839 2982 villis
858 2911 902 2982 ad
920 2911 1006 2983 illud
1024 2913 1271 3002 spectantibus,
1297 2934 1341 2984 ex
1360 2913 1483 3002 quibus
1506 2913 1664 2984 omnibus
1684 2912 1767 2984 Cra-

214 3031 384 3101 coviensis
412 3029 577 3102 dioecesis
601 3033 805 3103 excellentia
840 3032 1027 3122 singularis
1053 3034 1222 3122 arguitur,
1250 3054 1338 3124 quae
1362 3035 1513 3124 quinque
1540 3034 1669 3104 exteris
1696 3034 1769 3123 cpi·

215 3151 424 3241 scopatibus,
442 3153 649 3242 temporalia
666 3154 758 3224 bona
784 3158 821 3225 et
847 3152 984 3243 singula
1010 3153 1146 3243 quidem
1174 3154 1324 3245 insignia
1350 3154 1609 3243 subministrat,
1636 3160 1769 3244 septem

79 3359 84 3370 ἱ
215 3270 433 3343 confrontata
451 3278 487 3344 et
505 3274 719 3345 contermina
737 3273 951 3345 dioecesibus
970 3274 1005 3344 in
1024 3294 1086 3345 suo
1114 3274 1260 3346 circuitu
1278 3275 1557 3363 consistentibus,
1584 3272 1766 3346 videlicet:

82 3410 89 3424 “
215 3393 463 3483 Strygoniensi,
486 3388 762 3484 Vratislaviensi,
790 3393 994 3485 Gneznensi,
1012 3395 1250 3486 Poznaniensi,
1265 3395 1500 3489 Lucepriensi,
1518 3393 1714 3466 Chelmensi
1731 3397 1769 3464 et

215 3513 473 3585 Praemisliensi
491 3520 555 3587 etc.

370 3868 794 3982 condimentis
831 3868 1272 3982 chhbovlddsls
1307 3868 1611 3980 hudhhslh.

321 4100 376 4174 Ab
395 4100 494 4172 annis
521 4119 628 4190 prope
656 4096 854 4188 quingentis
881 4117 944 4187 per
962 4097 1265 4169 Mieczslaum
1292 4098 1484 4188 principem
1510 4096 1686 4188 Poloniae,·
1713 4100 1772 4191 qui

217 4222 349 4313 primus
379 4228 415 4292 et
446 4241 483 4292 se
514 4221 626 4311 ipsum
658 4224 694 4290 et
724 4218 917 4308 polonicam
945 4239 1006 4290 scu
1028 4217 1224 4290 lechiticam
1248 4225 1389 4311 gentem
1416 4220 1461 4291 ab
1484 4239 1605 4291 errore
1631 4226 1770 4294 vetusto

218 4343 400 4414 idolatriae
419 4341 464 4413 ad
481 4340 747 4413 christianitatis
774 4341 851 4410 iura
868 4339 1007 4412 redusit
1024 4346 1061 4411 et
1083 4360 1146 4429 per
1164 4338 1432 4413 Boleslaum
1454 4339 1637 4433 Ohabry
1665 4342 1773 4415 tilium
1894 4384 1897 4389 <

219 4465 302 4552 eiua,
330 4464 389 4554 qui
407 4463 538 4553 primus
565 4461 657 4552 apud
688 4460 832 4552 polonos
854 4463 1015 4552 regnavit
1041 4461 1240 4553 primusque
1271 4482 1335 4533 sua
1365 4461 1541 4552 probitate
1573 4467 1610 4533 et
1641 4463 1772 4535 virtute

218 4584 453 4656 monarchiam
488 4584 669 4672 Poloniae,
697 4603 760 4673 per
786 4582 1035 4655 Otthonem
1060 4583 1311 4674 Imperatorem
1336 4583 1407 4685 Ill,
1443 4582 1639 4654 diademate
1676 4583 1772 4673 regio

220 4705 400 4795 insignivit
435 4705 532 4776 etin
559 4724 677 4795 regem
695 4705 807 4776 creari
835 4705 995 4793 obtinuit,
1022 4723 1099 4775 cum
1126 4704 1203 4776 aliis
1230 4709 1309 4777 octo
1335 4682 1592 4796 pbntificalibus
1619 4703 1774 4776 ecclesiis

219 4826 314 4898 intra
340 4826 425 4897 fines
453 4826 551 4916 regni
569 4825 733 4897 Poloniae
760 4823 920 4914 fundata,
949 4824 1071 4896 dotata
1088 4831 1125 4896 et
1142 4830 1268 4913 erecta,
1287 4824 1354 4898 etsi
1372 4823 1508 4914 oppida,
1528 4827 1653 4910 castra,
1672 4821 1773 4893 villas

220 4947 427 5038 pecunialeS,
446 4947 537 5037 salis,
555 4947 697 5037 plumbi,
715 4947 806 5017 aeris
833 4952 870 5018 et
897 4947 1136 5019 theloneorum
1169 4946 1329 5033 decimas,
1357 4950 1581 5033 caeterosque
1609 4942 1774 5015 introitus

150 5154 153 5161 ¹
220 5075 257 5141 et
270 5070 511 5160 maniptdareS,
525 5070 653 5159 partim
671 5069 747 5140 iure
765 5066 891 5156 divino,
905 5068 1033 5158 partim
1051 5067 1236 5156 largitione
1255 5071 1291 5137 et
1304 5063 1516 5136 hberalitate
1534 5082 1664 5152 regum,
1678 5063 1774 5154 prin·

222 5191 344 5282 cipum,
359 5191 531 5281 comitum,
550 5190 762 5279 militarium,
779 5189 946 5260 nobilium
965 5192 1249 5278 caeterorumque
1268 5185 1429 5274 fidelium,
1449 5183 1515 5255 sibi
1542 5184 1578 5254 in
1606 5185 1720 5276 capite
1738 5192 1775 5260 et

221 5312 257 5382 in
284 5312 448 5384 membris
467 5313 612 5384 collatos
630 5311 801 5399 habuerit,
821 5310 894 5381 sive
921 5316 1037 5380 tamen
1055 5306 1266 5400 pontificum,
1286 5305 1398 5398 quiin
1418 5305 1581 5396 primitiis
1600 5308 1774 5381 nascentis

222 5410 401 5538 polonicae
419 5431 584 5508 ecclesiae
611 5430 746 5527 polonis
772 5430 967 5528 praesulari
993 5428 1245 5529 nescientibus,
1272 5427 1381 5503 italici
1408 5425 1579 5534 videlicet,
1597 5428 1713 5535 gallici
1739 5433 1776 5514 et
