4050 6054
1646 464 1720 540 501

40 658 43 662 ’
177 673 519 761 administrabantur,
538 672 646 743 veluti
664 672 803 763 quidam
821 673 1055 762 magistratus,
1073 672 1214 743 tertiam
1224 650 1312 742 'vero
1329 671 1597 744 Posnonieusem
1615 674 1722 746 eccle-

176 794 352 865 siasticam
379 793 423 863 ad
450 793 581 883 regiam
609 793 871 883 dispositionem
896 797 934 863 et
958 792 1177 863 collationem
1203 792 1432 882 pertinentes,
1460 793 1542 863 item
1560 799 1598 864 et
1615 794 1724 865 eccle·

178 914 265 985 siam
282 913 516 1003 parochialem
543 913 580 983 in
606 913 734 984 Ilkus
761 913 805 985 ad
823 912 1083 1003 iuspatronatus
1102 913 1235 1003 regium
1253 913 1441 1002 pertinens,
1468 932 1544 983 cum
1562 914 1722 991 omnibus

177 1034 365 1106 earundem
392 1033 676 1105 cancellariorum
694 1039 729 1104 et
747 1033 910 1105 ecclesiae
936 1032 1163 1122 proventibus
1189 1053 1230 1103 ac
1256 1032 1460 1123 redditibus,
1486 1033 1597 1104 eidem
1615 1033 1723 1104 eccle-

177 1154 248 1226 siae
276 1154 309 1224 S.
336 1154 492 1224 Floriani
519 1153 703 1224 donatione
730 1152 950 1224 irrevocabili
976 1153 1093 1243 donat,
1119 1144 1723 1243 133331111311333333331,33333-

177 1274 308 1349 ditione
343 1277 381 1345 et
405 1278 585 1364 respectu,
618 1278 658 1344 ut
683 1274 808 1363 priscis
843 1273 1019 1345 beneficiis
1054 1278 1091 1344 et
1116 1272 1323 1363 praebendis
1357 1272 1390 1342 S.
1416 1272 1571 1344 Floriani
1605 1273 1722 1363 plures

177 1393 371 1464 adicientur
397 1393 626 1484 praebendae,
654 1394 715 1465 sed
742 1393 848 1465 etiam
874 1394 1098 1484 3333333313
1116 1393 1344 1465 universitate
1371 1394 1570 1465 laborantes
1587 1392 1724 1482 possint

178 1515 307 1586 eisdem
333 1515 560 1604 proventibus
587 1514 757 1604 solariari,
785 1514 1071 1604 quemadmodum
1090 1515 1125 1584 in
1143 1514 1368 1605 sequentibus
1385 1512 1592 1585 docebimus.
1618 1513 1723 1586 Prae-

176 1634 325 1707 fatamm
352 1641 469 1709 autem
495 1635 601 1708 trium
628 1634 909 1709 cancellariarum
936 1638 1126 1730 proventus
1152 1635 1190 1709 hi
1216 1632 1323 1707 fuisse
1350 1633 1649 1725 dignoscebantur.

682 1896 938 1979 Siradienrls
968 1896 1235 1979 cancellaria.

281 2119 414 2190 Habuit
450 2118 624 2208 habetque
659 2118 866 2189 cancellaria
891 2116 1100 2189 Siradionsis
1128 2122 1241 2189 certos
1267 2112 1474 2209 proventus,
1510 2118 1661 2189 decimas
1687 2123 1724 2190 31

175 2239 350 2328 redditus,
387 2256 474 2329 quos
501 2243 537 2310 et
563 2260 649 2330 quas
684 2239 764 2310 laici
799 2238 1056 2328 percipiebant,
1091 2237 1173 2308 dum
1215 2237 1455 2309 cancellariam
1490 2237 1722 2311 Siradionsem

177 2359 478 2446 administrabant;
506 2359 617 2433 diviso
644 2359 814 2449 siquidem
841 2379 948 2448 regno
975 2358 1140 2429 Poloniae
1168 2359 1203 2428 in
1230 2358 1347 2448 plures
1374 2360 1581 2448 tetrarchas,
1606 2378 1724 2430 aemu-

177 2481 341 2552 labantur
367 2500 412 2561 33,
431 2480 606 2571 principes
632 2481 668 2550 in
696 2479 841 2570 singulis
876 2478 998 2550 officiis
1025 2483 1061 2550 31
1087 2478 1351 2569 magistratibus
1387 2478 1535 2550 creando
1570 2479 1651 2549 illos
1686 2483 1724 2550 et

177 2602 265 2691 illas,
291 2621 355 2690 pro
383 2621 447 2671 sua
472 2601 689 2690 praestantia
715 2606 751 2671 et
777 2599 993 2689 excellentia,
1020 2620 1064 2670 ne
1090 2599 1179 2670 alius
1206 2599 1275 2671 3113
1302 2597 1446 2670 13133133
1472 2619 1509 2671 33
1536 2599 1723 2671 videretur.

179 2719 325 2791 Greatns
352 2740 435 2809 ergo
462 2708 943 2811 3113331311833331133313
975 2719 1256 2809 cancellariatuS,
1292 2739 1356 2808 per
1374 2739 1484 2808 ’quem
1511 2738 1593 2789 vero
1619 2717 1726 2791 fuerit

177 2840 325 2931 primum
351 2839 472 2912 ducem
499 2846 647 2931 creatus,
674 2859 796 2931 parum
823 2844 971 2930 constat3
999 2840 1185 2911 verisimile
1212 2844 1329 2911 autom
1356 2844 1442 2929 erat,
1470 2840 1561 2930 quod
1588 2839 1624 2909 in
1651 2839 1723 2931 331-

177 2960 313 3033 mordio
326 2959 521 3050 creationis,
547 2961 773 3050 magistratus
791 2962 865 3051 ipso
884 2960 1020 3032 nonnisi
1038 2960 1195 3051 personis
1214 2959 1457 3031 ecclesiasticis
1474 2959 1725 3049 conferebatur,

53 3065 57 3071 ⁵
178 3082 237 3172 qui
264 3086 302 3153 et
326 3101 470 3170 capaces
497 3086 597 3151 erant
624 3082 834 3154 decimarum
852 3081 1119 3172 manipularium
1135 3086 1173 3153 31
1190 3080 1319 3170 3331113
1337 3080 1511 3151 scribendi
1537 3080 1723 3171 pollebant
1868 3121 1872 3129 ·

177 3203 349 3273 Processu
374 3221 458 3273 vero
484 3203 668 3292 temporis,
705 3202 809 3273 etiam
836 3202 1062 3291 magistratus
1090 3203 1164 3291 ipse
1190 3201 1358 3272 laicorum
1390 3201 1548 3290 personis
1575 3200 1726 3273 destina·

177 3323 291 3411 batur,
317 3327 353 3393 et
378 3321 528 3411 pessimo
554 3322 666 3393 abusu
692 3327 797 3412 atque
824 3323 980 3412 exemplo
1008 3322 1161 3394 decimae
1178 3321 1425 3411 manipulares,
1448 3341 1536 3411 quae
1564 3326 1646 3391 sunt
1663 3320 1726 3421 tri-

178 3443 264 3515 buta
290 3442 463 3533 egentium
490 3442 692 3530 animarum,
719 3441 803 3512 33113
821 3441 1060 3513 sacerdotibus
1078 3440 1226 3531 debitae,
1253 3445 1290 3512 et
1306 3441 1454 3531 principi
1473 3460 1593 3530 regum
1610 3420 1726 3510 terra'e

178 3564 214 3633 in
240 3564 376 3654 signum
398 3563 604 3633 universalis
630 3562 773 3633 dominii
800 3568 1008 3652 reservatae,
1035 3582 1099 3652 por
1125 3562 1298 3652 quandam
1325 3560 1556 3650 corruptelam
1580 3560 1725 3650 alayois
1812 3637 1816 3643 ,

180 3684 471 3775 percipiebantur,
499 3702 601 3773 quam
629 3684 916 3754 clementissimus
942 3682 1038 3755 Deus
1064 3704 1133 3754 333
1159 3683 1328 3772 13133333,
1365 3682 1516 3753 decimas
1543 3682 1637 3772 ipsas
1663 3702 1727 3752 sua

178 3804 426 3894 propitiatione
453 3804 489 3875 in
516 3809 645 3875 sortem
673 3804 829 3875 restituit
855 3803 1057 3875 clericalem.
1084 3802 1172 3874 Sunt
1198 3808 1314 3873 autem
1342 3803 1400 3874 isti
1426 3807 1616 3892 proventus
1645 3822 1727 3871 oan-

179 3924 341 3995 cellariae
367 3924 592 4015 ¹Syradiensis
627 3944 736 4014 prope
772 3923 937 4014 oppidum
975 3924 1298 4014 Brzesznycza
1330 3923 1366 3992 in
1397 3927 1493 3992 terra
1527 3921 1728 4014 Syradiensi

179 4045 417 4118 consistentes.

281 4164 512 4256 Wusszunn,
549 4167 632 4237 villa
667 4168 731 4238 sub
758 4167 924 4257 parocbia
959 4165 1124 4237 ecclesiae
1151 4165 1194 4236 de
1229 4164 1472 4256 Payaczno
1508 4165 1594 4253 sito,
1630 4164 1727 4234 33133

178 4286 374 4377 proprietas
401 4290 439 4359 et
463 4287 639 4377 integrum
674 4287 862 4359 dominium
888 4287 934 4358 ad
960 4285 1240 4357 cancellariatum
1274 4284 1515 4377 Syradiensem
1549 4283 1727 4375 pertinens

179 4412 218 4478 et
242 4408 288 4479 ad
314 4407 501 4496 magistros
537 4406 760 4480 beneficiatos
786 4407 819 4479 S.
846 4406 1021 4497 Floriani,
1056 4407 1093 4477 in
1129 4428 1198 4497 qua
1225 4410 1306 4478 sunt
1339 4404 1601 4497 quatuordecim
1636 4403 1728 4475 lanei

180 4526 423 4616 emethonales,
451 4533 488 4598 31
513 4527 661 4618 quilibet
687 4529 821 4599 cmetho
850 4528 955 4599 solvit
979 4527 1022 4599 de
1044 4526 1145 4598 laneo
1171 4548 1236 4618 pro
1263 4548 1368 4599 censu
1394 4547 1509 4597 annuo
1536 4524 1727 4597 33333133-

179 4654 295 4719 tonem
320 4647 471 4719 latorum
497 4668 697 4738 grossorum
723 4647 960 4739 Prageusium,
986 4669 1051 4739 pro
1077 4647 1167 4720 festo
1194 4644 1227 4719 S.
1254 4647 1409 4737 Martini,
1437 4667 1500 4737 333
1527 4644 1616 4719 13313
1642 4665 1728 4717 3333

179 4768 211 4838 S.
237 4765 408 4839 Johaunis
435 4766 617 4858 Bapu‘stae
642 4772 721 4841 octo
747 4788 891 4859 grossos
916 4768 1107 4840 communis
1132 4768 1307 4858 33333133.
1347 4766 1436 4839 Item
1463 4766 1579 4838 estin
1606 4764 1729 4837 eadem

178 4888 262 4959 villa
285 4887 433 4959 taberna
458 4887 591 4960 habens
618 4907 734 4980 agros,
759 4908 849 4980 quae
875 4908 940 4979 333
966 4906 1079 4961 censu·
1098 4888 1204 4961 solvit
1228 4906 1334 4960 unam
1359 4906 1512 4959 marcam
1538 4885 1727 4958 communis

178 5007 363 5099 pecuniae,
398 5008 483 5080 item
509 5009 626 5079 estin
652 5008 773 5081 eadem
799 5009 884 5080 villa
909 5009 1145 5081 molendinum
1181 5008 1287 5079 etiam
1322 5008 1454 5079 habens
1481 5026 1603 5103 agros,
1637 4995 1729 5097 quod
1820 5020 1826 5029 “

45 5133 51 5142 “
178 5148 242 5219 333
270 5142 385 5198 33333
413 5147 520 5199 censu
545 5129 650 5201 solvit
676 5127 762 5201 duas
787 5148 933 5218 3333333
960 5129 1045 5201 item
1062 5112 1136 5201 tam
1153 5128 1246 5200 lanei
1264 5126 1506 5218 emethonales,
1533 5146 1635 5218 quam
1653 5127 1729 5217 agri
1869 5127 1871 5131 ’

178 5248 346 5319 tabemaa
372 5251 410 5320 31
434 5248 631 5340 molendini,
659 5249 799 5321 solvunt
824 5250 993 5322 decimam
1018 5248 1269 5340 manipularem
1304 5266 1369 5340 pro
1396 5247 1601 5321 cancellaria
1625 5246 1729 5340 Syra·

183 5367 295 5441 diensi
321 5372 359 5442 et
384 5368 573 5461 magistris
587 5368 802 5444 benefidatis
828 5368 863 5444 S.
879 5368 1047 5467 11331331,
1063 5372 1103 5445 31
1118 5368 1251 5445 ducunt
1266 5388 1344 5455 3333
1361 5368 1561 5447 3333113333
1577 5367 1729 5462 propriis
