4050 6054
269 391 343 469 378

265 602 362 673 cuius
388 599 510 670 haeres
536 597 626 668 idem
653 594 810 666 Andreas
836 590 1150 682 Parazowsky,
1175 591 1212 662 in
1239 612 1308 682 qua
1334 598 1417 664 sunt
1442 590 1534 665 lanei
1561 599 1636 666 tres
1657 596 1832 673 cmetho·

263 721 377 809 nales,
404 719 446 789 de
483 717 607 808 quibus
634 715 766 786 decima
792 714 1014 807 manipularis
1042 720 1077 784 et
1103 734 1167 803 per
1193 717 1340 803 quatuor
1367 715 1505 804 ierugas
1535 717 1718 805 canapalis
1749 720 1829 792 sol-

262 841 359 912 vitur
392 836 611 928 praebendae
645 834 923 926 Dwyekoszkey‚
949 855 1019 905 non
1056 840 1173 905 tamen
1208 835 1307 904 aunis
1342 835 1513 906 continuis
1548 836 1612 906 sed
1639 838 1825 932 alteratis,

262 959 373 1031 altero
409 958 499 1028 enlm
535 977 624 1027 anno
663 955 811 1045 percipit
844 954 939 1024 illam
979 953 1176 1044 praebenda
1214 953 1503 1026 Sandomirieusis
1541 956 1823 1054 Dzywkowska,

260 1086 298 1151 et
325 1079 454 1150 ducunt
488 1098 564 1148 eam
591 1076 789 1147 emethones
814 1076 851 1145 in
876 1076 1038 1146 horreum
1066 1095 1087 1145 a
1113 1075 1278 1145 canonico
1304 1074 1486 1147 locandum
1512 1082 1549 1148 et
1575 1077 1678 1150 valor
1704 1083 1821 1154 aesti-

258 1205 375 1270 matur
400 1199 474 1270 elus
500 1197 545 1269 ad
572 1197 656 1267 duas
681 1215 825 1267 marcas.
851 1195 939 1266 Item
965 1195 1132 1267 tabernae
1157 1216 1226 1267 nou
1244 1201 1344 1283 sunt;
1370 1197 1455 1267 item
1471 1197 1703 1291 hortulaniae,
1724 1203 1819 1275 item
1959 1220 1963 1227 ·

256 1318 436 1410 praedium
463 1317 511 1388 ibi
537 1317 675 1387 unIcum
700 1315 861 1405 militare,
887 1316 930 1387 de
957 1336 1026 1406 quo
1053 1315 1185 1387 decima
1211 1315 1436 1406 manipularis
1462 1317 1611 1389 solvitur
1637 1320 1817 1396 ecclesiae

256 1438 447 1531 parochiali
473 1439 510 1508 in
536 1436 837 1529 Potrukoszy.
1664 1462 1668 1469 ¹

358 1557 592 1646 Parnason,
617 1557 701 1628 villa
726 1557 858 1628 habens
883 1558 920 1628 in
947 1578 984 1628 se
1010 1557 1242 1647 parochialem
1259 1558 1447 1649 ecclesiam,
1466 1561 1565 1632 cuius
1581 1560 1709 1634 haeres
1725 1562 1814 1638 Sta-

254 1678 386 1752 nislaus
412 1677 742 1768 Potrukoszky
769 1677 811 1749 de
838 1679 944 1749 armis
970 1676 1303 1768 Odrowausch‚
1329 1680 1366 1750 in
1393 1700 1462 1770 qua
1487 1687 1569 1753 sunt
1593 1682 1686 1754 lauei
1714 1705 1814 1759 cme-

253 1799 431 1891 cloades,
458 1799 500 1870 de
537 1799 661 1889 quibus
696 1798 829 1869 decima
863 1799 1088 1890 manipularis
1123 1806 1159 1870 et
1192 1821 1255 1890 per
1282 1806 1430 1891 quatuor
1456 1803 1596 1893 ierugas
1622 1808 1809 1896 canapaIIs

254 1921 403 1994 solvitur
441 1919 661 2010 praebendae
699 1917 977 2012 Dwyelcoszkey‚
1012 1941 1081 1992 nou
1120 1926 1237 1992 tamen
1271 1922 1372 1993 aunis
1409 1925 1582 1995 continuis
1617 1926 1680 1997 sed
1716 1928 1811 2000 alte-

251 2043 356 2131 ratis,
383 2041 493 2111 altero
520 2041 611 2112 enim
638 2061 728 2111 anno
754 2042 903 2132 percipit
933 2040 1029 2112 illam
1054 2041 1254 2132 praebenda
1279 2041 1571 2116 SaudomIriensis
1597 2045 1809 2137 Dzwykow-

250 2164 332 2254 ska,
360 2169 396 2234 et
431 2161 561 2233 ducunt
592 2181 669 2233 eam
703 2163 903 2233 cmethones
938 2163 975 2232 in
1001 2163 1165 2233 horreum
1192 2184 1214 2233 a
1239 2164 1404 2235 canomco
1430 2163 1612 2236 locandum
1638 2174 1675 2239 et
1701 2169 1810 2243 valor

249 2285 453 2356 aestimatur
480 2283 554 2354 eius
580 2282 625 2353 ad
653 2282 739 2353 duas
765 2303 909 2354 marcas.
935 2282 1026 2354 Item
1053 2285 1229 2374 tabernae,
1247 2284 1332 2354 item
1349 2285 1578 2376 hortulauiae,
1596 2288 1681 2358 item
1697 2310 1809 2379 prae-

248 2405 345 2477 dium
371 2405 420 2476 ibi
446 2404 584 2475 unicum
601 2403 763 2493 militare,
781 2402 824 2474 de
842 2424 910 2494 quo
928 2404 1061 2475 decima
1078 2404 1303 2495 manipularis
1320 2404 1468 2477 solvitur
1485 2407 1651 2479 ecclesiae
1668 2409 1805 2484 ibidem

249 2527 286 2598 in
325 2524 617 2617 Potrukozy;
650 2524 736 2594 item
775 2525 975 2614 praebenda
1013 2522 1171 2615 praefata
1208 2524 1449 2615 Dwyekoszka
1487 2528 1595 2600 habet
1631 2528 1805 2605 Sando-

246 2646 411 2718 miriae
437 2645 473 2717 iu
500 2645 707 2718 coemeterIo
733 2644 873 2717 domum
898 2646 1024 2717 bonam
1050 2650 1088 2716 et
1112 2666 1230 2717 aream
1256 2647 1435 2719 sacristiae
1462 2647 1725 2722 confroutatam.

350 2769 438 2840 Item
464 2765 664 2858 praebenda
689 2763 849 2856 praefata
873 2766 973 2838 iuxta
998 2768 1142 2857 antiqua
1168 2773 1204 2839 et
1230 2789 1322 2841 nova
1346 2775 1505 2859 regestra
1530 2777 1652 2842 taxata
1677 2779 1734 2844 est
1751 2776 1801 2847 ad

245 2888 427 2962 duodecim
452 2908 597 2961 marcas.

607 3152 773 3234 vicaria
809 3151 1082 3235 Praebendae
1114 3150 1429 3262 Dwyelcoakey.

347 3373 637 3451 Sandomirieusis
663 3374 860 3466 praebenda
886 3374 1129 3468 Dwyekoszka
1153 3376 1259 3447 habet
1284 3377 1481 3468 habereque
1508 3379 1688 3451 cousuevit
1712 3401 1794 3470 per-

241 3506 383 3592 petuam
422 3498 588 3571 vicariam
626 3497 663 3567 in
703 3495 849 3567 ecclesia
884 3495 1172 3587 Sandomirieusi,
1207 3498 1305 3570 cuius
1336 3498 1519 3570 canonicus
1548 3499 1793 3593 Dwyekoszlry

246 3643 311 3713 pro
338 3626 494 3711 tempore
522 3619 645 3691 unIcus
671 3624 727 3689 est
753 3617 899 3690 collator
929 3624 967 3690 et
996 3623 1175 3708 pomanus,
1207 3638 1310 3709 quam
1339 3639 1431 3690 nunc
1461 3620 1597 3692 obtinet
1628 3620 1794 3695 Nicolaus

239 3745 283 3816 de
310 3741 548 3833 Ghodczya
573 3720 781 3831 presbyter,
794 3738 908 3810 dictus
933 3739 1127 3831 Nadzey,
1154 3760 1242 3830 quae
1269 3760 1333 3830 pro
1360 3741 1414 3812 sui
1440 3740 1667 3814 subsistentia
1684 3748 1789 3835 atque

240 3864 321 3937 dote
356 3863 465 3935 habet
500 3861 652 3932 decimas
688 3865 725 3930 et
750 3859 925 3932 introitus
961 3858 1216 3952 inlrascriptas,
1243 3882 1389 3952 quarum
1415 3860 1683 3952 descriptionem
1708 3867 1791 3938 sub

366 4005 417 4055 us.

238 3991 566 4193 necumDurrnnozr,
593 4100 678 4173 villa
703 4100 768 4173 sub
794 4100 961 4192 parocbia
987 4100 1030 4172 de
1048 4098 1172 4193 Gory
1198 4103 1277 4194 sita
1296 4104 1392 4175 cuius
1410 4103 1607 4194 proprietas
1625 4112 1662 4177 et
1678 4106 1789 4178 domi-

236 4227 332 4300 nium
367 4225 413 4298 ad
449 4224 650 4296 canonicum
681 4222 900 4314 praebendae
930 4222 1194 4314 Dwyekoszkey
1220 4224 1390 4315 pertinet,
1418 4231 1459 4296 ut
1483 4225 1520 4295 in
1551 4227 1788 4317 superioribus

235 4347 499 4439 descripsimus,
526 4344 563 4414 in
589 4364 659 4435 qua
683 4348 739 4415 est
762 4342 944 4434 praedium
968 4344 1096 4415 bonum
1123 4344 1297 4435 canonici,
1323 4345 1366 4416 de
1393 4346 1491 4417 cuius
1516 4347 1610 4437 agris
1637 4348 1787 4421 solvitur

234 4468 369 4542 decima
415 4464 642 4557 manipularis
685 4464 838 4535 vicariae
882 4462 1154 4536 Sandomiriensi
1197 4465 1458 4558 Dwyekoszlrey
1497 4473 1534 4538 et
1573 4466 1672 4540 valor
1710 4470 1786 4543 eius

234 4592 442 4663 aestimatur
475 4587 521 4659 ad
555 4587 644 4658 duas
668 4605 815 4657 marcas.
839 4584 929 4671 ltem
955 4585 1088 4657 decima
1114 4586 1340 4677 manipularis
1365 4593 1447 4677 post
1471 4587 1592 4661 laneos
1617 4595 1655 4660 et
1680 4610 1784 4680 agros

233 4710 467 4784 cmetbonales
501 4714 539 4780 et
574 4708 661 4780 alios
697 4727 800 4799 agros
834 4705 988 4778 eiusdem
1023 4707 1145 4798 villae,
1171 4707 1319 4779 soluitur
1344 4728 1409 4799 pro
1435 4709 1634 4800 praebenda
1659 4710 1784 4803 Dwye

233 4833 376 4905 koszka
722 4866 725 4873 ·

336 4953 538 5042 Bozruna,
565 4948 650 5022 villa
674 4948 740 5021 sub
767 4947 935 5039 parochia
959 4947 1125 5021 ecclesiae
1151 4947 1270 5021 Sancti
1296 4946 1393 5022 Petri
1419 4948 1463 5022 de
1488 4949 1784 5024 Sandomiria

232 5094 341 5167 supra
372 5072 550 5146 Vislam
587 5071 674 5161 sita,
700 5069 745 5142 ad
771 5069 1021 5161 proprietatem
1048 5075 1085 5141 et
1109 5069 1298 5142 dominium
1325 5070 1543 5161 praebendae
1569 5072 1783 5145 Sandomiri-

232 5196 326 5269 eusis
364 5192 645 5285 Dwyekoezkey‚
671 5196 713 5262 ut
754 5191 792 5262 in
830 5190 1068 5282 superloribue
1107 5190 1323 5282 scripsimus,
1357 5193 1554 5284 perlinam
1589 5212 1678 5285 quae
1714 5188 1813 5266 etei

231 5314 278 5387 ab
311 5314 485 5387 abusione
512 5310 676 5386 Vislae
700 5311 738 5382 in
764 5310 837 5382 suis
862 5309 994 5403 campb
1019 5331 1084 5403 pro
1110 5330 1236 5402 magno
1259 5318 1362 5404 parte
1387 5313 1572 5404 absorpta,
1598 5320 1781 5386 remanent
1811 5364 1815 5379 2
