<?xml version="1.0" encoding="UTF-8"?>
<!DOCTYPE html PUBLIC "-//W3C//DTD XHTML 1.0 Transitional//EN"
    "http://www.w3.org/TR/xhtml1/DTD/xhtml1-transitional.dtd">
<html xmlns="http://www.w3.org/1999/xhtml" xml:lang="en" lang="en">
 <head>
  <title>
</title>
<meta http-equiv="Content-Type" content="text/html;charset=utf-8" />
  <meta name='ocr-system' content='tesseract 3.04.00' />
  <meta name='ocr-capabilities' content='ocr_page ocr_carea ocr_par ocr_line ocrx_word'/>
</head>
<body>
  <div class='ocr_page' id='page_1' title='image "./joannisdugoszse00dugoog_0646.png"; bbox 0 0 4050 6054; ppageno 0'>
   <div class='ocr_carea' id='block_1_1' title="bbox 1626 479 1699 555">
    <p class='ocr_par' dir='ltr' id='par_1_1' title="bbox 1626 479 1699 555">
     <span class='ocr_line' id='line_1_1' title="bbox 1626 479 1699 555; baseline -0.027 0"><span class='ocrx_word' id='word_1_1' title='bbox 1626 479 1699 555; x_wconf 82' lang='lat'>615</span> 
     </span>
    </p>
   </div>
   <div class='ocr_carea' id='block_1_2' title="bbox 149 679 1698 777">
    <p class='ocr_par' dir='ltr' id='par_1_2' title="bbox 149 679 1698 777">
     <span class='ocr_line' id='line_1_2' title="bbox 149 679 1698 777; baseline 0.005 -25"><span class='ocrx_word' id='word_1_2' title='bbox 149 681 211 756; x_wconf 92' lang='lat' dir='ltr'>sed</span> <span class='ocrx_word' id='word_1_3' title='bbox 237 701 301 772; x_wconf 94' lang='lat' dir='ltr'>pro</span> <span class='ocrx_word' id='word_1_4' title='bbox 327 679 478 755; x_wconf 90' lang='lat' dir='ltr'>haerede</span> <span class='ocrx_word' id='word_1_5' title='bbox 504 686 540 755; x_wconf 92' lang='lat' dir='ltr'>et</span> <span class='ocrx_word' id='word_1_6' title='bbox 566 681 705 755; x_wconf 91' lang='lat' dir='ltr'>domino</span> <span class='ocrx_word' id='word_1_7' title='bbox 732 680 973 773; x_wconf 75' lang='lat' dir='ltr'>lemoviensi,</span> <span class='ocrx_word' id='word_1_8' title='bbox 1009 681 1156 774; x_wconf 82' lang='lat' dir='ltr'>quilibet</span> <span class='ocrx_word' id='word_1_9' title='bbox 1172 681 1226 754; x_wconf 92' lang='lat' dir='ltr'>de</span> <span class='ocrx_word' id='word_1_10' title='bbox 1251 682 1352 756; x_wconf 91' lang='lat' dir='ltr'>laneo</span> <span class='ocrx_word' id='word_1_11' title='bbox 1393 684 1479 756; x_wconf 87' lang='lat' dir='ltr'>duas</span> <span class='ocrx_word' id='word_1_12' title='bbox 1506 706 1698 777; x_wconf 74' lang='lat' dir='ltr'>mensuras,</span> 
     </span>
    </p>
   </div>
   <div class='ocr_carea' id='block_1_3' title="bbox 147 803 1701 1861">
    <p class='ocr_par' dir='ltr' id='par_1_3' title="bbox 147 803 1701 1861">
     <span class='ocr_line' id='line_1_3' title="bbox 149 803 1700 898; baseline 0.004 -25"><span class='ocrx_word' id='word_1_13' title='bbox 149 803 232 874; x_wconf 93' lang='lat' dir='ltr'>item</span> <span class='ocrx_word' id='word_1_14' title='bbox 259 804 295 874; x_wconf 92' lang='lat' dir='ltr'>in</span> <span class='ocrx_word' id='word_1_15' title='bbox 321 804 463 894; x_wconf 90' lang='lat' dir='ltr'>praedio</span> <span class='ocrx_word' id='word_1_16' title='bbox 500 805 655 875; x_wconf 89' lang='lat' dir='ltr'>canonici</span> <span class='ocrx_word' id='word_1_17' title='bbox 690 803 819 875; x_wconf 84' lang='lat' dir='ltr'><strong>ibidem</strong></span> <span class='ocrx_word' id='word_1_18' title='bbox 850 804 886 876; x_wconf 96' lang='lat' dir='ltr'>in</span> <span class='ocrx_word' id='word_1_19' title='bbox 913 803 1084 875; x_wconf 81' lang='lat' dir='ltr'>Lulrow</span> <span class='ocrx_word' id='word_1_20' title='bbox 1119 804 1281 875; x_wconf 86' lang='lat' dir='ltr'>laborant</span> <span class='ocrx_word' id='word_1_21' title='bbox 1316 825 1379 894; x_wconf 93' lang='lat' dir='ltr'>pro</span> <span class='ocrx_word' id='word_1_22' title='bbox 1407 825 1490 876; x_wconf 90' lang='lat' dir='ltr'>vere</span> <span class='ocrx_word' id='word_1_23' title='bbox 1515 810 1552 877; x_wconf 92' lang='lat' dir='ltr'>et</span> <span class='ocrx_word' id='word_1_24' title='bbox 1577 807 1700 898; x_wconf 80' lang='lat' dir='ltr'><strong>hyeme</strong></span> 
     </span>
     <span class='ocr_line' id='line_1_4' title="bbox 147 919 1700 1019; baseline 0.004 -25"><span class='ocrx_word' id='word_1_25' title='bbox 147 919 299 1019; x_wconf 68' lang='lat' dir='ltr'>intri&#39;pm</span> <span class='ocrx_word' id='word_1_26' title='bbox 324 923 473 1014; x_wconf 92' lang='lat' dir='ltr'>arando,</span> <span class='ocrx_word' id='word_1_27' title='bbox 501 925 706 1014; x_wconf 91' lang='lat' dir='ltr'>arpicando,</span> <span class='ocrx_word' id='word_1_28' title='bbox 734 924 954 1015; x_wconf 90' lang='lat' dir='ltr'>seminando,</span> <span class='ocrx_word' id='word_1_29' title='bbox 980 923 1160 1013; x_wconf 92' lang='lat' dir='ltr'>metendo,</span> <span class='ocrx_word' id='word_1_30' title='bbox 1188 922 1421 996; x_wconf 89' lang='lat' dir='ltr'>conducendo.</span> <span class='ocrx_word' id='word_1_31' title='bbox 1465 924 1554 997; x_wconf 86' lang='lat' dir='ltr'><strong>Item</strong></span> <span class='ocrx_word' id='word_1_32' title='bbox 1582 931 1637 998; x_wconf 93' lang='lat' dir='ltr'>est</span> <span class='ocrx_word' id='word_1_33' title='bbox 1663 927 1700 1000; x_wconf 91' lang='lat' dir='ltr'>in</span> 
     </span>
     <span class='ocr_line' id='line_1_5' title="bbox 149 1041 1701 1136; baseline 0.003 -22"><span class='ocrx_word' id='word_1_34' title='bbox 149 1041 268 1116; x_wconf 88' lang='lat' dir='ltr'>eadem</span> <span class='ocrx_word' id='word_1_35' title='bbox 294 1045 379 1117; x_wconf 83' lang='lat' dir='ltr'>villa</span> <span class='ocrx_word' id='word_1_36' title='bbox 404 1044 585 1134; x_wconf 82' lang='lat' dir='ltr'>praedium</span> <span class='ocrx_word' id='word_1_37' title='bbox 613 1045 811 1117; x_wconf 84' lang='lat' dir='ltr'>canonicale</span> <span class='ocrx_word' id='word_1_38' title='bbox 836 1045 968 1118; x_wconf 90' lang='lat' dir='ltr'>babens</span> <span class='ocrx_word' id='word_1_39' title='bbox 996 1065 1113 1136; x_wconf 84' lang='lat' dir='ltr'>agros,</span> <span class='ocrx_word' id='word_1_40' title='bbox 1141 1044 1184 1116; x_wconf 92' lang='lat' dir='ltr'>de</span> <span class='ocrx_word' id='word_1_41' title='bbox 1211 1045 1335 1134; x_wconf 91' lang='lat' dir='ltr'>quibus</span> <span class='ocrx_word' id='word_1_42' title='bbox 1361 1045 1449 1116; x_wconf 92' lang='lat' dir='ltr'>nulli</span> <span class='ocrx_word' id='word_1_43' title='bbox 1475 1046 1581 1118; x_wconf 86' lang='lat' dir='ltr'>solvit</span> <span class='ocrx_word' id='word_1_44' title='bbox 1607 1047 1701 1119; x_wconf 93' lang='lat' dir='ltr'>deci-</span> 
     </span>
     <span class='ocr_line' id='line_1_6' title="bbox 149 1165 1700 1256; baseline 0.002 -21"><span class='ocrx_word' id='word_1_45' title='bbox 149 1185 239 1236; x_wconf 90' lang='lat' dir='ltr'>mam</span> <span class='ocrx_word' id='word_1_46' title='bbox 265 1166 525 1256; x_wconf 86' lang='lat' dir='ltr'>manipularem,</span> <span class='ocrx_word' id='word_1_47' title='bbox 552 1165 614 1237; x_wconf 92' lang='lat' dir='ltr'>sed</span> <span class='ocrx_word' id='word_1_48' title='bbox 641 1186 717 1237; x_wconf 91' lang='lat' dir='ltr'>eam</span> <span class='ocrx_word' id='word_1_49' title='bbox 744 1185 808 1255; x_wconf 94' lang='lat' dir='ltr'>pro</span> <span class='ocrx_word' id='word_1_50' title='bbox 835 1186 873 1236; x_wconf 91' lang='lat' dir='ltr'>se</span> <span class='ocrx_word' id='word_1_51' title='bbox 899 1165 993 1236; x_wconf 91' lang='lat' dir='ltr'>tollit</span> <span class='ocrx_word' id='word_1_52' title='bbox 1019 1165 1109 1237; x_wconf 90' lang='lat' dir='ltr'>etin</span> <span class='ocrx_word' id='word_1_53' title='bbox 1127 1166 1291 1236; x_wconf 89' lang='lat' dir='ltr'>borreum</span> <span class='ocrx_word' id='word_1_54' title='bbox 1319 1186 1418 1237; x_wconf 92' lang='lat' dir='ltr'>snum</span> <span class='ocrx_word' id='word_1_55' title='bbox 1445 1166 1589 1255; x_wconf 73' lang='lat' dir='ltr'>inducit,</span> <span class='ocrx_word' id='word_1_56' title='bbox 1616 1168 1700 1240; x_wconf 89' lang='lat' dir='ltr'>item</span> 
     </span>
     <span class='ocr_line' id='line_1_7' title="bbox 147 1284 1700 1379; baseline 0.003 -24"><span class='ocrx_word' id='word_1_57' title='bbox 147 1286 184 1356; x_wconf 94' lang='lat' dir='ltr'>in</span> <span class='ocrx_word' id='word_1_58' title='bbox 211 1286 330 1357; x_wconf 91' lang='lat' dir='ltr'>eadem</span> <span class='ocrx_word' id='word_1_59' title='bbox 347 1284 432 1359; x_wconf 81' lang='lat' dir='ltr'>villa</span> <span class='ocrx_word' id='word_1_60' title='bbox 449 1292 504 1361; x_wconf 91' lang='lat' dir='ltr'>est</span> <span class='ocrx_word' id='word_1_61' title='bbox 522 1287 619 1358; x_wconf 91' lang='lat' dir='ltr'>curia</span> <span class='ocrx_word' id='word_1_62' title='bbox 636 1286 845 1358; x_wconf 89' lang='lat' dir='ltr'>canonicalis</span> <span class='ocrx_word' id='word_1_63' title='bbox 862 1287 964 1376; x_wconf 92' lang='lat' dir='ltr'>bona,</span> <span class='ocrx_word' id='word_1_64' title='bbox 990 1286 1122 1357; x_wconf 87' lang='lat' dir='ltr'>babens</span> <span class='ocrx_word' id='word_1_65' title='bbox 1140 1287 1343 1375; x_wconf 84' lang='lat' dir='ltr'>pomerium3</span> <span class='ocrx_word' id='word_1_66' title='bbox 1369 1286 1453 1357; x_wconf 93' lang='lat' dir='ltr'>item</span> <span class='ocrx_word' id='word_1_67' title='bbox 1472 1292 1525 1359; x_wconf 90' lang='lat' dir='ltr'>est</span> <span class='ocrx_word' id='word_1_68' title='bbox 1543 1288 1700 1379; x_wconf 90' lang='lat' dir='ltr'>taberna,</span> 
     </span>
     <span class='ocr_line' id='line_1_8' title="bbox 147 1406 1700 1498; baseline 0.001 -21"><span class='ocrx_word' id='word_1_69' title='bbox 147 1406 209 1478; x_wconf 90' lang='lat' dir='ltr'>sed</span> <span class='ocrx_word' id='word_1_70' title='bbox 236 1427 305 1477; x_wconf 93' lang='lat' dir='ltr'>non</span> <span class='ocrx_word' id='word_1_71' title='bbox 331 1407 438 1479; x_wconf 88' lang='lat' dir='ltr'>babet</span> <span class='ocrx_word' id='word_1_72' title='bbox 464 1428 585 1498; x_wconf 89' lang='lat' dir='ltr'>agros,</span> <span class='ocrx_word' id='word_1_73' title='bbox 623 1428 711 1497; x_wconf 86' lang='lat' dir='ltr'>quae</span> <span class='ocrx_word' id='word_1_74' title='bbox 738 1427 801 1497; x_wconf 94' lang='lat' dir='ltr'>pro</span> <span class='ocrx_word' id='word_1_75' title='bbox 829 1426 935 1478; x_wconf 92' lang='lat' dir='ltr'>censu</span> <span class='ocrx_word' id='word_1_76' title='bbox 961 1427 1075 1477; x_wconf 90' lang='lat' dir='ltr'>annuo</span> <span class='ocrx_word' id='word_1_77' title='bbox 1102 1406 1207 1479; x_wconf 89' lang='lat' dir='ltr'>solvit</span> <span class='ocrx_word' id='word_1_78' title='bbox 1234 1407 1398 1478; x_wconf 90' lang='lat' dir='ltr'>canonico</span> <span class='ocrx_word' id='word_1_79' title='bbox 1417 1461 1589 1498; x_wconf 87' lang='lat'><strong><em>.......</em></strong></span> <span class='ocrx_word' id='word_1_80' title='bbox 1616 1410 1700 1481; x_wconf 92' lang='lat' dir='ltr'>item</span> 
     </span>
     <span class='ocr_line' id='line_1_9' title="bbox 148 1527 1699 1619; baseline 0.002 -21"><span class='ocrx_word' id='word_1_81' title='bbox 148 1532 229 1599; x_wconf 90' lang='lat' dir='ltr'>sunt</span> <span class='ocrx_word' id='word_1_82' title='bbox 253 1527 473 1601; x_wconf 87' lang='lat' dir='ltr'>bortulauiae</span> <span class='ocrx_word' id='word_1_83' title='bbox 492 1582 608 1619; x_wconf 89' lang='lat'><strong>.....</strong></span> <span class='ocrx_word' id='word_1_84' title='bbox 644 1529 727 1600; x_wconf 91' lang='lat' dir='ltr'>item</span> <span class='ocrx_word' id='word_1_85' title='bbox 754 1534 836 1599; x_wconf 90' lang='lat' dir='ltr'>sunt</span> <span class='ocrx_word' id='word_1_86' title='bbox 867 1527 1020 1617; x_wconf 85' lang='lat' dir='ltr'>piscinae</span> <span class='ocrx_word' id='word_1_87' title='bbox 1039 1582 1047 1597; x_wconf 94' lang='lat'><strong><em>.</em></strong></span> <span class='ocrx_word' id='word_1_88' title='bbox 1066 1583 1074 1597; x_wconf 91' lang='lat'><strong>.</strong></span> <span class='ocrx_word' id='word_1_89' title='bbox 1092 1582 1127 1597; x_wconf 89' lang='lat'>..</span> <span class='ocrx_word' id='word_1_90' title='bbox 1172 1529 1337 1600; x_wconf 85' lang='lat' dir='ltr'>canonIci.</span> <span class='ocrx_word' id='word_1_91' title='bbox 1381 1528 1471 1599; x_wconf 91' lang='lat' dir='ltr'>Item</span> <span class='ocrx_word' id='word_1_92' title='bbox 1499 1530 1699 1617; x_wconf 85' lang='lat' dir='ltr'>cmetbnnes</span> 
     </span>
     <span class='ocr_line' id='line_1_10' title="bbox 147 1647 1696 1740; baseline 0.001 -20"><span class='ocrx_word' id='word_1_93' title='bbox 147 1649 250 1721; x_wconf 87' lang='lat' dir='ltr'>villae</span> <span class='ocrx_word' id='word_1_94' title='bbox 276 1647 454 1740; x_wconf 86' lang='lat' dir='ltr'>praelatae</span> <span class='ocrx_word' id='word_1_95' title='bbox 480 1649 649 1722; x_wconf 83' lang='lat' dir='ltr'>Lnlrow</span> <span class='ocrx_word' id='word_1_96' title='bbox 683 1650 824 1721; x_wconf 88' lang='lat' dir='ltr'>solvunt</span> <span class='ocrx_word' id='word_1_97' title='bbox 851 1648 1019 1720; x_wconf 87' lang='lat' dir='ltr'>decimam</span> <span class='ocrx_word' id='word_1_98' title='bbox 1045 1649 1295 1740; x_wconf 86' lang='lat' dir='ltr'>manipularem</span> <span class='ocrx_word' id='word_1_99' title='bbox 1323 1648 1506 1721; x_wconf 88' lang='lat' dir='ltr'>decanatui</span> <span class='ocrx_word' id='word_1_100' title='bbox 1533 1649 1696 1723; x_wconf 75' lang='lat' dir='ltr'>cracovi-</span> 
     </span>
     <span class='ocr_line' id='line_1_11' title="bbox 147 1769 1701 1861; baseline 0.001 -20"><span class='ocrx_word' id='word_1_101' title='bbox 147 1770 232 1860; x_wconf 87' lang='lat' dir='ltr'>ensi,</span> <span class='ocrx_word' id='word_1_102' title='bbox 259 1774 295 1841; x_wconf 93' lang='lat' dir='ltr'>et</span> <span class='ocrx_word' id='word_1_103' title='bbox 321 1770 452 1842; x_wconf 92' lang='lat' dir='ltr'>ducunt</span> <span class='ocrx_word' id='word_1_104' title='bbox 486 1791 562 1841; x_wconf 93' lang='lat' dir='ltr'>eam</span> <span class='ocrx_word' id='word_1_105' title='bbox 597 1770 749 1861; x_wconf 93' lang='lat' dir='ltr'>propriis</span> <span class='ocrx_word' id='word_1_106' title='bbox 786 1770 945 1841; x_wconf 90' lang='lat' dir='ltr'>curribus</span> <span class='ocrx_word' id='word_1_107' title='bbox 977 1770 1012 1840; x_wconf 93' lang='lat' dir='ltr'>in</span> <span class='ocrx_word' id='word_1_108' title='bbox 1039 1770 1204 1842; x_wconf 91' lang='lat' dir='ltr'>borreum</span> <span class='ocrx_word' id='word_1_109' title='bbox 1230 1791 1251 1840; x_wconf 92' lang='lat' dir='ltr'>a</span> <span class='ocrx_word' id='word_1_110' title='bbox 1278 1769 1407 1840; x_wconf 89' lang='lat' dir='ltr'>decano</span> <span class='ocrx_word' id='word_1_111' title='bbox 1434 1770 1636 1861; x_wconf 90' lang='lat' dir='ltr'>locandum,</span> <span class='ocrx_word' id='word_1_112' title='bbox 1663 1778 1701 1842; x_wconf 92' lang='lat' dir='ltr'>et</span> 
     </span>
    </p>
   </div>
   <div class='ocr_carea' id='block_1_4' title="bbox 147 1889 1825 1981">
    <p class='ocr_par' dir='ltr' id='par_1_4' title="bbox 147 1889 1825 1981">
     <span class='ocr_line' id='line_1_12' title="bbox 147 1889 1825 1981; baseline 0.001 -20"><span class='ocrx_word' id='word_1_113' title='bbox 147 1892 221 1961; x_wconf 92' lang='lat' dir='ltr'>eius</span> <span class='ocrx_word' id='word_1_114' title='bbox 257 1891 462 1962; x_wconf 91' lang='lat' dir='ltr'>aestimatur</span> <span class='ocrx_word' id='word_1_115' title='bbox 496 1892 595 1963; x_wconf 85' lang='lat' dir='ltr'>valor</span> <span class='ocrx_word' id='word_1_116' title='bbox 631 1890 675 1962; x_wconf 93' lang='lat' dir='ltr'>ad</span> <span class='ocrx_word' id='word_1_117' title='bbox 703 1891 964 1981; x_wconf 87' lang='lat' dir='ltr'>quatuordecim</span> <span class='ocrx_word' id='word_1_118' title='bbox 998 1911 1152 1979; x_wconf 81' lang='lat' dir='ltr'>marcas3</span> <span class='ocrx_word' id='word_1_119' title='bbox 1188 1891 1269 1961; x_wconf 90' lang='lat' dir='ltr'>item</span> <span class='ocrx_word' id='word_1_120' title='bbox 1306 1889 1464 1980; x_wconf 86' lang='lat' dir='ltr'>praelata</span> <span class='ocrx_word' id='word_1_121' title='bbox 1499 1891 1698 1980; x_wconf 90' lang='lat' dir='ltr'>praebenda</span> <span class='ocrx_word' id='word_1_122' title='bbox 1822 1908 1825 1915; x_wconf 87' lang='lat'>·</span> 
     </span>
    </p>
   </div>
   <div class='ocr_carea' id='block_1_5' title="bbox 147 2010 1700 2465">
    <p class='ocr_par' dir='ltr' id='par_1_5' title="bbox 147 2010 1700 2223">
     <span class='ocr_line' id='line_1_13' title="bbox 147 2010 1700 2103; baseline 0.001 -20"><span class='ocrx_word' id='word_1_123' title='bbox 147 2012 253 2083; x_wconf 85' lang='lat' dir='ltr'>babet</span> <span class='ocrx_word' id='word_1_124' title='bbox 280 2011 417 2084; x_wconf 93' lang='lat' dir='ltr'>domum</span> <span class='ocrx_word' id='word_1_125' title='bbox 445 2033 508 2103; x_wconf 93' lang='lat' dir='ltr'>pro</span> <span class='ocrx_word' id='word_1_126' title='bbox 536 2033 602 2083; x_wconf 92' lang='lat' dir='ltr'>sua</span> <span class='ocrx_word' id='word_1_127' title='bbox 627 2012 827 2102; x_wconf 91' lang='lat' dir='ltr'>praebenda</span> <span class='ocrx_word' id='word_1_128' title='bbox 852 2013 888 2083; x_wconf 93' lang='lat' dir='ltr'>in</span> <span class='ocrx_word' id='word_1_129' title='bbox 917 2011 1115 2102; x_wconf 87' lang='lat' dir='ltr'>Tarnow,</span> <span class='ocrx_word' id='word_1_130' title='bbox 1154 2011 1253 2083; x_wconf 84' lang='lat' dir='ltr'>iuxta</span> <span class='ocrx_word' id='word_1_131' title='bbox 1288 2010 1425 2083; x_wconf 93' lang='lat' dir='ltr'>domum</span> <span class='ocrx_word' id='word_1_132' title='bbox 1462 2013 1700 2102; x_wconf 81' lang='lat' dir='ltr'>praepositis</span> 
     </span>
     <span class='ocr_line' id='line_1_14' title="bbox 148 2131 1344 2223; baseline 0 -20"><span class='ocrx_word' id='word_1_133' title='bbox 148 2133 301 2221; x_wconf 85' lang='lat' dir='ltr'>sinistra,</span> <span class='ocrx_word' id='word_1_134' title='bbox 328 2139 364 2203; x_wconf 89' lang='lat' dir='ltr'>et</span> <span class='ocrx_word' id='word_1_135' title='bbox 391 2133 528 2203; x_wconf 90' lang='lat' dir='ltr'>domum</span> <span class='ocrx_word' id='word_1_136' title='bbox 556 2132 773 2223; x_wconf 88' lang='lat' dir='ltr'>praebendae</span> <span class='ocrx_word' id='word_1_137' title='bbox 800 2131 834 2204; x_wconf 88' lang='lat' dir='ltr'>S.</span> <span class='ocrx_word' id='word_1_138' title='bbox 861 2132 997 2203; x_wconf 89' lang='lat' dir='ltr'>Mariae</span> <span class='ocrx_word' id='word_1_139' title='bbox 1024 2152 1046 2203; x_wconf 91' lang='lat' dir='ltr'>a</span> <span class='ocrx_word' id='word_1_140' title='bbox 1072 2133 1204 2223; x_wconf 86' lang='lat' dir='ltr'>dextra,</span> <span class='ocrx_word' id='word_1_141' title='bbox 1232 2133 1344 2203; x_wconf 91' lang='lat' dir='ltr'>sitam.</span> 
     </span>
    </p>

    <p class='ocr_par' dir='ltr' id='par_1_6' title="bbox 251 2252 1167 2343">
     <span class='ocr_line' id='line_1_15' title="bbox 251 2252 1167 2343; baseline 0 -20"><span class='ocrx_word' id='word_1_142' title='bbox 251 2253 340 2324; x_wconf 92' lang='lat' dir='ltr'>ltem</span> <span class='ocrx_word' id='word_1_143' title='bbox 366 2253 450 2324; x_wconf 88' lang='lat' dir='ltr'>villa</span> <span class='ocrx_word' id='word_1_144' title='bbox 476 2253 634 2343; x_wconf 86' lang='lat' dir='ltr'>praefata</span> <span class='ocrx_word' id='word_1_145' title='bbox 660 2253 811 2325; x_wconf 90' lang='lat' dir='ltr'>confinat</span> <span class='ocrx_word' id='word_1_146' title='bbox 838 2274 916 2325; x_wconf 92' lang='lat' dir='ltr'>cum</span> <span class='ocrx_word' id='word_1_147' title='bbox 941 2252 1033 2324; x_wconf 86' lang='lat' dir='ltr'>villis</span> <span class='ocrx_word' id='word_1_148' title='bbox 1053 2306 1167 2323; x_wconf 93' lang='grc'><strong>.....</strong></span> 
     </span>
    </p>

    <p class='ocr_par' dir='ltr' id='par_1_7' title="bbox 251 2373 1407 2465">
     <span class='ocr_line' id='line_1_16' title="bbox 251 2373 1407 2465; baseline 0.003 -23"><span class='ocrx_word' id='word_1_149' title='bbox 251 2373 339 2445; x_wconf 82' lang='lat' dir='ltr'>Item</span> <span class='ocrx_word' id='word_1_150' title='bbox 365 2373 524 2465; x_wconf 88' lang='lat' dir='ltr'>praefata</span> <span class='ocrx_word' id='word_1_151' title='bbox 549 2374 749 2464; x_wconf 87' lang='lat' dir='ltr'>praebenda</span> <span class='ocrx_word' id='word_1_152' title='bbox 774 2373 974 2446; x_wconf 83' lang='lat' dir='ltr'>Lulrowska</span> <span class='ocrx_word' id='word_1_153' title='bbox 1000 2378 1122 2446; x_wconf 85' lang='lat' dir='ltr'>taxata</span> <span class='ocrx_word' id='word_1_154' title='bbox 1148 2380 1203 2446; x_wconf 90' lang='lat' dir='ltr'>est</span> <span class='ocrx_word' id='word_1_155' title='bbox 1229 2374 1274 2446; x_wconf 94' lang='lat' dir='ltr'>ad</span> <span class='ocrx_word' id='word_1_156' title='bbox 1292 2428 1407 2446; x_wconf 92' lang='grc'><strong>.....</strong></span> 
     </span>
    </p>
   </div>
   <div class='ocr_carea' id='block_1_6' title="bbox 586 2638 1255 2741">
    <p class='ocr_par' dir='ltr' id='par_1_8' title="bbox 586 2638 1255 2741">
     <span class='ocr_line' id='line_1_17' title="bbox 586 2638 1255 2741; baseline 0 -23"><span class='ocrx_word' id='word_1_157' title='bbox 586 2638 750 2719; x_wconf 86' lang='lat' dir='ltr'>llicaria</span> <span class='ocrx_word' id='word_1_158' title='bbox 783 2639 937 2719; x_wconf 84' lang='lat' dir='ltr'>tertiae</span> <span class='ocrx_word' id='word_1_159' title='bbox 971 2638 1255 2741; x_wconf 74' lang='lat' dir='ltr'>praebendae.</span> 
     </span>
    </p>
   </div>
   <div class='ocr_carea' id='block_1_7' title="bbox 132 2816 1699 3192">
    <p class='ocr_par' dir='ltr' id='par_1_9' title="bbox 132 2816 1699 3192">
     <span class='ocr_line' id='line_1_18' title="bbox 132 2816 1698 2950; baseline 0.001 -22"><span class='ocrx_word' id='word_1_160' title='bbox 132 2914 138 2921; x_wconf 92' lang='lat'>.</span> <span class='ocrx_word' id='word_1_161' title='bbox 251 2858 339 2931; x_wconf 87' lang='lat' dir='ltr'>Item</span> <span class='ocrx_word' id='word_1_162' title='bbox 366 2855 523 2948; x_wconf 85' lang='lat' dir='ltr'>praefata</span> <span class='ocrx_word' id='word_1_163' title='bbox 552 2857 751 2949; x_wconf 90' lang='lat' dir='ltr'>praebenda</span> <span class='ocrx_word' id='word_1_164' title='bbox 774 2816 976 2930; x_wconf 64' lang='lat' dir='ltr'>bukowskn</span> <span class='ocrx_word' id='word_1_165' title='bbox 1010 2858 1118 2930; x_wconf 89' lang='lat' dir='ltr'>tertia</span> <span class='ocrx_word' id='word_1_166' title='bbox 1152 2859 1259 2931; x_wconf 89' lang='lat' dir='ltr'>babet</span> <span class='ocrx_word' id='word_1_167' title='bbox 1295 2856 1459 2931; x_wconf 87' lang='lat' dir='ltr'>vicariam</span> <span class='ocrx_word' id='word_1_168' title='bbox 1495 2865 1698 2950; x_wconf 87' lang='lat' dir='ltr'>perpetuam</span> 
     </span>
     <span class='ocr_line' id='line_1_19' title="bbox 147 2979 1699 3070; baseline 0.001 -20"><span class='ocrx_word' id='word_1_169' title='bbox 147 2980 184 3051; x_wconf 93' lang='lat' dir='ltr'>in</span> <span class='ocrx_word' id='word_1_170' title='bbox 210 2979 357 3051; x_wconf 87' lang='lat' dir='ltr'>ecclesia</span> <span class='ocrx_word' id='word_1_171' title='bbox 384 2979 620 3069; x_wconf 75' lang='lat' dir='ltr'>lemoviensi,</span> <span class='ocrx_word' id='word_1_172' title='bbox 648 2979 745 3051; x_wconf 92' lang='lat' dir='ltr'>cuius</span> <span class='ocrx_word' id='word_1_173' title='bbox 773 2979 958 3051; x_wconf 90' lang='lat' dir='ltr'>canonicus</span> <span class='ocrx_word' id='word_1_174' title='bbox 984 3000 1049 3068; x_wconf 89' lang='lat' dir='ltr'>pro</span> <span class='ocrx_word' id='word_1_175' title='bbox 1075 2984 1231 3070; x_wconf 88' lang='lat' dir='ltr'>tempore</span> <span class='ocrx_word' id='word_1_176' title='bbox 1261 2980 1383 3051; x_wconf 92' lang='lat' dir='ltr'>unicus</span> <span class='ocrx_word' id='word_1_177' title='bbox 1410 2987 1465 3052; x_wconf 90' lang='lat' dir='ltr'>est</span> <span class='ocrx_word' id='word_1_178' title='bbox 1491 2980 1699 3052; x_wconf 85' lang='lat' dir='ltr'>collaboret</span> 
     </span>
     <span class='ocr_line' id='line_1_20' title="bbox 147 3106 855 3192; baseline -0.004 -19"><span class='ocrx_word' id='word_1_179' title='bbox 147 3107 325 3192; x_wconf 77' lang='lat' dir='ltr'>patronum,</span> <span class='ocrx_word' id='word_1_180' title='bbox 353 3121 455 3192; x_wconf 92' lang='lat' dir='ltr'>quam</span> <span class='ocrx_word' id='word_1_181' title='bbox 482 3121 573 3172; x_wconf 91' lang='lat' dir='ltr'>nunc</span> <span class='ocrx_word' id='word_1_182' title='bbox 600 3106 696 3171; x_wconf 93' lang='lat' dir='ltr'>tenet</span> <span class='ocrx_word' id='word_1_183' title='bbox 714 3154 855 3171; x_wconf 91' lang='grc'><strong>......</strong></span> 
     </span>
    </p>
   </div>
   <div class='ocr_carea' id='block_1_8' title="bbox 366 3362 1481 3448">
    <p class='ocr_par' dir='ltr' id='par_1_10' title="bbox 366 3362 1481 3448">
     <span class='ocr_line' id='line_1_21' title="bbox 366 3362 1481 3448; baseline -0.002 -4"><span class='ocrx_word' id='word_1_184' title='bbox 366 3365 478 3448; x_wconf 82' lang='lat' dir='ltr'>Bona</span> <span class='ocrx_word' id='word_1_185' title='bbox 511 3363 768 3443; x_wconf 82' lang='lat' dir='ltr'>vicariorum</span> <span class='ocrx_word' id='word_1_186' title='bbox 800 3362 1151 3444; x_wconf 83' lang='lat' dir='ltr'>Tarnovlanaium</span> <span class='ocrx_word' id='word_1_187' title='bbox 1185 3365 1224 3442; x_wconf 89' lang='lat' dir='ltr'>in</span> <span class='ocrx_word' id='word_1_188' title='bbox 1257 3364 1481 3445; x_wconf 85' lang='lat' dir='ltr'>communi.</span> 
     </span>
    </p>
   </div>
   <div class='ocr_carea' id='block_1_9' title="bbox 138 3582 1698 4760">
    <p class='ocr_par' dir='ltr' id='par_1_11' title="bbox 138 3582 1698 4279">
     <span class='ocr_line' id='line_1_22' title="bbox 249 3582 1697 3674; baseline -0.001 -16"><span class='ocrx_word' id='word_1_189' title='bbox 249 3582 382 3659; x_wconf 88' lang='lat' dir='ltr'>Vicarii</span> <span class='ocrx_word' id='word_1_190' title='bbox 417 3583 695 3655; x_wconf 84' lang='lat' dir='ltr'>Tharnorienses</span> <span class='ocrx_word' id='word_1_191' title='bbox 732 3589 917 3673; x_wconf 89' lang='lat' dir='ltr'>postquam</span> <span class='ocrx_word' id='word_1_192' title='bbox 944 3604 987 3655; x_wconf 86' lang='lat' dir='ltr'>ex</span> <span class='ocrx_word' id='word_1_193' title='bbox 1015 3584 1234 3657; x_wconf 90' lang='lat' dir='ltr'>manualibus</span> <span class='ocrx_word' id='word_1_194' title='bbox 1269 3588 1306 3655; x_wconf 91' lang='lat' dir='ltr'>et</span> <span class='ocrx_word' id='word_1_195' title='bbox 1331 3583 1580 3674; x_wconf 77' lang='lat' dir='ltr'>temporalibus</span> <span class='ocrx_word' id='word_1_196' title='bbox 1607 3606 1697 3657; x_wconf 88' lang='lat' dir='ltr'>anuo</span> 
     </span>
     <span class='ocr_line' id='line_1_23' title="bbox 138 3703 1698 3796; baseline -0.001 -18"><span class='ocrx_word' id='word_1_197' title='bbox 138 3706 286 3779; x_wconf 82' lang='lat' dir='ltr'>nonni</span> <span class='ocrx_word' id='word_1_198' title='bbox 317 3707 446 3777; x_wconf 83' lang='lat'><strong>146......</strong></span> <span class='ocrx_word' id='word_1_199' title='bbox 472 3725 536 3795; x_wconf 92' lang='lat' dir='ltr'>per</span> <span class='ocrx_word' id='word_1_200' title='bbox 562 3704 774 3776; x_wconf 89' lang='lat' dir='ltr'>Thomam</span> <span class='ocrx_word' id='word_1_201' title='bbox 810 3705 1007 3795; x_wconf 91' lang='lat' dir='ltr'>episcopum</span> <span class='ocrx_word' id='word_1_202' title='bbox 1043 3703 1325 3796; x_wconf 84' lang='lat' dir='ltr'>Cracoviensem,</span> <span class='ocrx_word' id='word_1_203' title='bbox 1360 3705 1405 3776; x_wconf 89' lang='lat' dir='ltr'>ad</span> <span class='ocrx_word' id='word_1_204' title='bbox 1432 3706 1635 3794; x_wconf 91' lang='lat' dir='ltr'>petitionem</span> <span class='ocrx_word' id='word_1_205' title='bbox 1661 3711 1698 3776; x_wconf 91' lang='lat' dir='ltr'>et</span> 
     </span>
     <span class='ocr_line' id='line_1_24' title="bbox 146 3824 1693 3916; baseline -0.001 -18"><span class='ocrx_word' id='word_1_206' title='bbox 146 3827 349 3899; x_wconf 85' lang='lat' dir='ltr'>instantiam</span> <span class='ocrx_word' id='word_1_207' title='bbox 367 3824 537 3898; x_wconf 82' lang='lat' dir='ltr'>JobaunIs</span> <span class='ocrx_word' id='word_1_208' title='bbox 555 3825 689 3897; x_wconf 88' lang='lat' dir='ltr'>Amor</span> <span class='ocrx_word' id='word_1_209' title='bbox 712 3826 755 3896; x_wconf 94' lang='lat' dir='ltr'>de</span> <span class='ocrx_word' id='word_1_210' title='bbox 774 3824 999 3898; x_wconf 89' lang='lat' dir='ltr'>Tbarnow</span> <span class='ocrx_word' id='word_1_211' title='bbox 1024 3826 1173 3916; x_wconf 88' lang='lat' dir='ltr'>patroni,</span> <span class='ocrx_word' id='word_1_212' title='bbox 1201 3832 1237 3896; x_wconf 92' lang='lat' dir='ltr'>et</span> <span class='ocrx_word' id='word_1_213' title='bbox 1254 3824 1439 3897; x_wconf 90' lang='lat' dir='ltr'>Nicolai</span> <span class='ocrx_word' id='word_1_214' title='bbox 1466 3825 1508 3896; x_wconf 94' lang='lat' dir='ltr'>de</span> <span class='ocrx_word' id='word_1_215' title='bbox 1528 3824 1693 3897; x_wconf 87' lang='lat' dir='ltr'>Radlow</span> 
     </span>
     <span class='ocr_line' id='line_1_25' title="bbox 147 3945 1696 4038; baseline -0.002 -19"><span class='ocrx_word' id='word_1_216' title='bbox 147 3947 338 4038; x_wconf 88' lang='lat' dir='ltr'>praepositi</span> <span class='ocrx_word' id='word_1_217' title='bbox 366 3945 610 4018; x_wconf 88' lang='lat' dir='ltr'>Tamoviensis</span> <span class='ocrx_word' id='word_1_218' title='bbox 636 3945 812 4035; x_wconf 90' lang='lat' dir='ltr'>ecclesiae,</span> <span class='ocrx_word' id='word_1_219' title='bbox 839 3947 1000 4035; x_wconf 90' lang='lat' dir='ltr'>perpetui</span> <span class='ocrx_word' id='word_1_220' title='bbox 1026 3947 1133 4017; x_wconf 89' lang='lat' dir='ltr'>creati</span> <span class='ocrx_word' id='word_1_221' title='bbox 1153 3949 1241 4035; x_wconf 90' lang='lat' dir='ltr'>suut,</span> <span class='ocrx_word' id='word_1_222' title='bbox 1267 3951 1456 4036; x_wconf 89' lang='lat' dir='ltr'>proventus</span> <span class='ocrx_word' id='word_1_223' title='bbox 1484 3945 1589 4016; x_wconf 92' lang='lat' dir='ltr'>etiam</span> <span class='ocrx_word' id='word_1_224' title='bbox 1615 3965 1696 4034; x_wconf 88' lang='lat' dir='ltr'>pro·</span> 
     </span>
     <span class='ocr_line' id='line_1_26' title="bbox 147 4063 1694 4159; baseline -0.001 -22"><span class='ocrx_word' id='word_1_225' title='bbox 147 4066 243 4159; x_wconf 91' lang='lat' dir='ltr'>prios</span> <span class='ocrx_word' id='word_1_226' title='bbox 269 4074 306 4138; x_wconf 92' lang='lat' dir='ltr'>et</span> <span class='ocrx_word' id='word_1_227' title='bbox 331 4071 526 4157; x_wconf 77' lang='lat' dir='ltr'>perpetuae,</span> <span class='ocrx_word' id='word_1_228' title='bbox 554 4088 640 4156; x_wconf 92' lang='lat' dir='ltr'>quos</span> <span class='ocrx_word' id='word_1_229' title='bbox 667 4066 860 4156; x_wconf 89' lang='lat' dir='ltr'>aequaliter</span> <span class='ocrx_word' id='word_1_230' title='bbox 885 4066 978 4137; x_wconf 91' lang='lat' dir='ltr'>inter</span> <span class='ocrx_word' id='word_1_231' title='bbox 1005 4086 1042 4137; x_wconf 91' lang='lat' dir='ltr'>se</span> <span class='ocrx_word' id='word_1_232' title='bbox 1069 4066 1169 4136; x_wconf 89' lang='lat' dir='ltr'>annis</span> <span class='ocrx_word' id='word_1_233' title='bbox 1197 4066 1342 4155; x_wconf 88' lang='lat' dir='ltr'>singulis</span> <span class='ocrx_word' id='word_1_234' title='bbox 1369 4063 1537 4157; x_wconf 84' lang='lat' dir='ltr'>dividunt,</span> <span class='ocrx_word' id='word_1_235' title='bbox 1564 4065 1694 4138; x_wconf 90' lang='lat' dir='ltr'>babere</span> 
     </span>
     <span class='ocr_line' id='line_1_27' title="bbox 147 4162 1536 4279; baseline -0.002 -20"><span class='ocrx_word' id='word_1_236' title='bbox 147 4193 343 4279; x_wconf 88' lang='lat' dir='ltr'>coeperunt,</span> <span class='ocrx_word' id='word_1_237' title='bbox 371 4207 457 4277; x_wconf 90' lang='lat' dir='ltr'>qnos</span> <span class='ocrx_word' id='word_1_238' title='bbox 484 4186 650 4258; x_wconf 84' lang='lat' dir='ltr'>etiamid</span> <span class='ocrx_word' id='word_1_239' title='bbox 677 4187 854 4277; x_wconf 90' lang='lat' dir='ltr'>praesenti</span> <span class='ocrx_word' id='word_1_240' title='bbox 880 4191 1037 4276; x_wconf 88' lang='lat' dir='ltr'>regestro</span> <span class='ocrx_word' id='word_1_241' title='bbox 1064 4185 1316 4257; x_wconf 86' lang='lat' dir='ltr'>annotabimus.</span> <span class='ocrx_word' id='word_1_242' title='bbox 1526 4162 1536 4175; x_wconf 43' lang='lat'>⁸</span> 
     </span>
    </p>

    <p class='ocr_par' dir='ltr' id='par_1_12' title="bbox 145 4306 1695 4760">
     <span class='ocr_line' id='line_1_28' title="bbox 249 4306 1694 4398; baseline -0.001 -19"><span class='ocrx_word' id='word_1_243' title='bbox 249 4307 413 4398; x_wconf 88' lang='lat' dir='ltr'>Inprimis</span> <span class='ocrx_word' id='word_1_244' title='bbox 438 4308 569 4379; x_wconf 90' lang='lat' dir='ltr'>babent</span> <span class='ocrx_word' id='word_1_245' title='bbox 594 4307 714 4379; x_wconf 73' lang='lat' dir='ltr'>alcarii</span> <span class='ocrx_word' id='word_1_246' title='bbox 733 4306 985 4379; x_wconf 85' lang='lat' dir='ltr'>Tarnorienses</span> <span class='ocrx_word' id='word_1_247' title='bbox 1004 4326 1122 4378; x_wconf 92' lang='lat' dir='ltr'>omnes</span> <span class='ocrx_word' id='word_1_248' title='bbox 1141 4306 1344 4397; x_wconf 71' lang='lat' dir='ltr'>oblationes</span> <span class='ocrx_word' id='word_1_249' title='bbox 1371 4307 1487 4379; x_wconf 84' lang='lat' dir='ltr'>omnIa</span> <span class='ocrx_word' id='word_1_250' title='bbox 1509 4306 1694 4397; x_wconf 84' lang='lat' dir='ltr'>offertoria,</span> 
     </span>
     <span class='ocr_line' id='line_1_29' title="bbox 145 4428 1694 4518; baseline -0.001 -18"><span class='ocrx_word' id='word_1_251' title='bbox 145 4429 229 4500; x_wconf 90' lang='lat' dir='ltr'>item</span> <span class='ocrx_word' id='word_1_252' title='bbox 257 4449 375 4501; x_wconf 91' lang='lat' dir='ltr'>omnes</span> <span class='ocrx_word' id='word_1_253' title='bbox 407 4435 570 4518; x_wconf 88' lang='lat' dir='ltr'>quaestus</span> <span class='ocrx_word' id='word_1_254' title='bbox 598 4433 634 4499; x_wconf 93' lang='lat' dir='ltr'>et</span> <span class='ocrx_word' id='word_1_255' title='bbox 660 4428 906 4518; x_wconf 88' lang='lat' dir='ltr'>obventiones,</span> <span class='ocrx_word' id='word_1_256' title='bbox 934 4446 1166 4518; x_wconf 88' lang='lat' dir='ltr'>quaecumque</span> <span class='ocrx_word' id='word_1_257' title='bbox 1193 4433 1231 4498; x_wconf 92' lang='lat' dir='ltr'>et</span> <span class='ocrx_word' id='word_1_258' title='bbox 1258 4428 1452 4518; x_wconf 91' lang='lat' dir='ltr'>quicunque</span> <span class='ocrx_word' id='word_1_259' title='bbox 1479 4428 1522 4499; x_wconf 94' lang='lat' dir='ltr'>de</span> <span class='ocrx_word' id='word_1_260' title='bbox 1549 4428 1694 4499; x_wconf 92' lang='lat' dir='ltr'>ecclesia</span> 
     </span>
     <span class='ocr_line' id='line_1_30' title="bbox 145 4547 1694 4641; baseline -0.001 -21"><span class='ocrx_word' id='word_1_261' title='bbox 145 4549 337 4641; x_wconf 89' lang='lat' dir='ltr'>parochiali</span> <span class='ocrx_word' id='word_1_262' title='bbox 364 4554 400 4620; x_wconf 93' lang='lat' dir='ltr'>et</span> <span class='ocrx_word' id='word_1_263' title='bbox 426 4548 608 4638; x_wconf 87' lang='lat' dir='ltr'>collegiata</span> <span class='ocrx_word' id='word_1_264' title='bbox 635 4547 886 4622; x_wconf 86' lang='lat' dir='ltr'>Tbamoviensi</span> <span class='ocrx_word' id='word_1_265' title='bbox 912 4547 1122 4640; x_wconf 88' lang='lat' dir='ltr'>proveniunt</span> <span class='ocrx_word' id='word_1_266' title='bbox 1158 4548 1435 4638; x_wconf 87' lang='lat' dir='ltr'>quomodolibet;</span> <span class='ocrx_word' id='word_1_267' title='bbox 1461 4549 1545 4619; x_wconf 91' lang='lat' dir='ltr'>item</span> <span class='ocrx_word' id='word_1_268' title='bbox 1573 4549 1694 4619; x_wconf 91' lang='lat' dir='ltr'>morti-</span> 
     </span>
     <span class='ocr_line' id='line_1_31' title="bbox 147 4667 1695 4760; baseline -0.001 -19"><span class='ocrx_word' id='word_1_269' title='bbox 147 4670 239 4741; x_wconf 75' lang='lat' dir='ltr'>cInia</span> <span class='ocrx_word' id='word_1_270' title='bbox 264 4670 379 4741; x_wconf 91' lang='lat' dir='ltr'>omnia</span> <span class='ocrx_word' id='word_1_271' title='bbox 406 4669 479 4739; x_wconf 89' lang='lat' dir='ltr'>sive</span> <span class='ocrx_word' id='word_1_272' title='bbox 505 4667 684 4754; x_wconf 81' lang='lat' dir='ltr'>funeralis,</span> <span class='ocrx_word' id='word_1_273' title='bbox 713 4688 801 4758; x_wconf 90' lang='lat' dir='ltr'>quae</span> <span class='ocrx_word' id='word_1_274' title='bbox 827 4669 864 4740; x_wconf 92' lang='lat' dir='ltr'>in</span> <span class='ocrx_word' id='word_1_275' title='bbox 888 4669 1040 4741; x_wconf 90' lang='lat' dir='ltr'>funereis</span> <span class='ocrx_word' id='word_1_276' title='bbox 1059 4669 1215 4760; x_wconf 87' lang='lat' dir='ltr'>exequiis</span> <span class='ocrx_word' id='word_1_277' title='bbox 1241 4675 1426 4759; x_wconf 90' lang='lat' dir='ltr'>ponuntur,</span> <span class='ocrx_word' id='word_1_278' title='bbox 1453 4673 1695 4759; x_wconf 77' lang='lat' dir='ltr'>praeterpur-</span> 
     </span>
    </p>
   </div>
   <div class='ocr_carea' id='block_1_10' title="bbox 17 4786 1695 4881">
    <p class='ocr_par' dir='ltr' id='par_1_13' title="bbox 17 4786 1695 4881">
     <span class='ocr_line' id='line_1_32' title="bbox 17 4786 1695 4881; baseline -0.001 -19"><span class='ocrx_word' id='word_1_279' title='bbox 17 4808 20 4819; x_wconf 91' lang='lat'>·</span> <span class='ocrx_word' id='word_1_280' title='bbox 146 4809 253 4881; x_wconf 90' lang='lat' dir='ltr'>puras</span> <span class='ocrx_word' id='word_1_281' title='bbox 280 4809 365 4861; x_wconf 90' lang='lat' dir='ltr'>auro</span> <span class='ocrx_word' id='word_1_282' title='bbox 392 4788 553 4877; x_wconf 84' lang='lat' dir='ltr'>intextas,</span> <span class='ocrx_word' id='word_1_283' title='bbox 581 4793 643 4859; x_wconf 91' lang='lat' dir='ltr'>aut</span> <span class='ocrx_word' id='word_1_284' title='bbox 668 4808 802 4878; x_wconf 90' lang='lat' dir='ltr'>pannos</span> <span class='ocrx_word' id='word_1_285' title='bbox 829 4786 1064 4859; x_wconf 86' lang='lat' dir='ltr'>adamasciuns</span> <span class='ocrx_word' id='word_1_286' title='bbox 1099 4788 1435 4879; x_wconf 72' lang='lat' dir='ltr'>autumantibus,</span> <span class='ocrx_word' id='word_1_287' title='bbox 1463 4809 1553 4879; x_wconf 88' lang='lat' dir='ltr'>qnae</span> <span class='ocrx_word' id='word_1_288' title='bbox 1580 4793 1617 4860; x_wconf 91' lang='lat' dir='ltr'>et</span> <span class='ocrx_word' id='word_1_289' title='bbox 1634 4788 1695 4879; x_wconf 84' lang='lat' dir='ltr'>qui</span> 
     </span>
    </p>
   </div>
   <div class='ocr_carea' id='block_1_11' title="bbox 145 4906 1694 5495">
    <p class='ocr_par' dir='ltr' id='par_1_14' title="bbox 145 4906 1694 5495">
     <span class='ocr_line' id='line_1_33' title="bbox 146 4906 1690 4984; baseline 0.001 -4"><span class='ocrx_word' id='word_1_290' title='bbox 146 4911 182 4983; x_wconf 90' lang='lat' dir='ltr'>in</span> <span class='ocrx_word' id='word_1_291' title='bbox 208 4914 411 4984; x_wconf 90' lang='lat' dir='ltr'>ornamenta</span> <span class='ocrx_word' id='word_1_292' title='bbox 447 4908 612 4980; x_wconf 89' lang='lat' dir='ltr'>ecclesiae</span> <span class='ocrx_word' id='word_1_293' title='bbox 648 4906 918 4980; x_wconf 87' lang='lat' dir='ltr'>Tbarnovieusis</span> <span class='ocrx_word' id='word_1_294' title='bbox 944 4907 1074 4980; x_wconf 91' lang='lat' dir='ltr'>debent</span> <span class='ocrx_word' id='word_1_295' title='bbox 1099 4911 1265 4981; x_wconf 85' lang='lat' dir='ltr'>converti.</span> <span class='ocrx_word' id='word_1_296' title='bbox 1282 4908 1371 4980; x_wconf 89' lang='lat' dir='ltr'>Item</span> <span class='ocrx_word' id='word_1_297' title='bbox 1397 4910 1529 4982; x_wconf 91' lang='lat' dir='ltr'>habent</span> <span class='ocrx_word' id='word_1_298' title='bbox 1554 4929 1690 4983; x_wconf 90' lang='lat' dir='ltr'>omnem</span> 
     </span>
     <span class='ocr_line' id='line_1_34' title="bbox 147 5023 1694 5119; baseline 0.001 -18"><span class='ocrx_word' id='word_1_299' title='bbox 147 5050 287 5102; x_wconf 90' lang='lat' dir='ltr'>censum</span> <span class='ocrx_word' id='word_1_300' title='bbox 313 5029 516 5102; x_wconf 90' lang='lat' dir='ltr'>mensalium</span> <span class='ocrx_word' id='word_1_301' title='bbox 544 5028 662 5118; x_wconf 91' lang='lat' dir='ltr'>oppidi</span> <span class='ocrx_word' id='word_1_302' title='bbox 690 5033 726 5098; x_wconf 88' lang='lat' dir='ltr'>nt</span> <span class='ocrx_word' id='word_1_303' title='bbox 751 5028 994 5100; x_wconf 89' lang='lat' dir='ltr'>suburbiorum</span> <span class='ocrx_word' id='word_1_304' title='bbox 1013 5023 1333 5119; x_wconf 86' lang='lat' dir='ltr'>Tharnovieusium,</span> <span class='ocrx_word' id='word_1_305' title='bbox 1359 5029 1403 5100; x_wconf 90' lang='lat' dir='ltr'>ad</span> <span class='ocrx_word' id='word_1_306' title='bbox 1429 5044 1532 5119; x_wconf 86' lang='lat' dir='ltr'>¹quem</span> <span class='ocrx_word' id='word_1_307' title='bbox 1558 5030 1694 5102; x_wconf 82' lang='lat' dir='ltr'>solven-</span> 
     </span>
     <span class='ocr_line' id='line_1_35' title="bbox 146 5146 1690 5239; baseline 0.001 -20"><span class='ocrx_word' id='word_1_308' title='bbox 146 5149 227 5220; x_wconf 91' lang='lat' dir='ltr'>dum</span> <span class='ocrx_word' id='word_1_309' title='bbox 253 5149 380 5239; x_wconf 85' lang='lat' dir='ltr'>singuli</span> <span class='ocrx_word' id='word_1_310' title='bbox 415 5146 578 5239; x_wconf 93' lang='lat' dir='ltr'>oppidani</span> <span class='ocrx_word' id='word_1_311' title='bbox 613 5147 802 5218; x_wconf 88' lang='lat' dir='ltr'>suburbani</span> <span class='ocrx_word' id='word_1_312' title='bbox 828 5154 865 5218; x_wconf 93' lang='lat' dir='ltr'>et</span> <span class='ocrx_word' id='word_1_313' title='bbox 891 5147 1050 5236; x_wconf 91' lang='lat' dir='ltr'>inquilini</span> <span class='ocrx_word' id='word_1_314' title='bbox 1077 5146 1293 5237; x_wconf 85' lang='lat' dir='ltr'>obligantur,</span> <span class='ocrx_word' id='word_1_315' title='bbox 1327 5147 1378 5217; x_wconf 89' lang='lat' dir='ltr'>ita</span> <span class='ocrx_word' id='word_1_316' title='bbox 1414 5146 1505 5237; x_wconf 91' lang='lat' dir='ltr'>quod</span> <span class='ocrx_word' id='word_1_317' title='bbox 1542 5148 1690 5238; x_wconf 89' lang='lat' dir='ltr'>quilibet</span> 
     </span>
     <span class='ocr_line' id='line_1_36' title="bbox 146 5266 1692 5359; baseline 0.001 -20"><span class='ocrx_word' id='word_1_318' title='bbox 146 5268 271 5357; x_wconf 90' lang='lat' dir='ltr'>bospes</span> <span class='ocrx_word' id='word_1_319' title='bbox 297 5267 468 5359; x_wconf 82' lang='lat' dir='ltr'>profesto</span> <span class='ocrx_word' id='word_1_320' title='bbox 487 5266 641 5339; x_wconf 85' lang='lat' dir='ltr'>Paschae</span> <span class='ocrx_word' id='word_1_321' title='bbox 667 5272 807 5339; x_wconf 90' lang='lat' dir='ltr'>tenetur</span> <span class='ocrx_word' id='word_1_322' title='bbox 824 5267 975 5339; x_wconf 92' lang='lat' dir='ltr'>medium</span> <span class='ocrx_word' id='word_1_323' title='bbox 1000 5287 1170 5357; x_wconf 90' lang='lat' dir='ltr'>grossum,</span> <span class='ocrx_word' id='word_1_324' title='bbox 1197 5288 1260 5356; x_wconf 93' lang='lat' dir='ltr'>pro</span> <span class='ocrx_word' id='word_1_325' title='bbox 1278 5266 1367 5340; x_wconf 88' lang='lat' dir='ltr'>lesto</span> <span class='ocrx_word' id='word_1_326' title='bbox 1385 5289 1469 5340; x_wconf 87' lang='lat' dir='ltr'>vero</span> <span class='ocrx_word' id='word_1_327' title='bbox 1487 5267 1520 5339; x_wconf 85' lang='lat' dir='ltr'>S.</span> <span class='ocrx_word' id='word_1_328' title='bbox 1537 5267 1692 5341; x_wconf 88' lang='lat' dir='ltr'>Michae-</span> 
     </span>
     <span class='ocr_line' id='line_1_37' title="bbox 145 5388 1689 5495; baseline 0.001 -35"><span class='ocrx_word' id='word_1_329' title='bbox 145 5388 188 5460; x_wconf 79' lang='lat' dir='ltr'>IIs</span> <span class='ocrx_word' id='word_1_330' title='bbox 214 5389 321 5461; x_wconf 91' lang='lat' dir='ltr'>alium</span> <span class='ocrx_word' id='word_1_331' title='bbox 345 5389 497 5461; x_wconf 93' lang='lat' dir='ltr'>medium</span> <span class='ocrx_word' id='word_1_332' title='bbox 523 5410 701 5495; x_wconf 82' lang='lat' dir='ltr'>grossum,</span> <span class='ocrx_word' id='word_1_333' title='bbox 728 5393 765 5460; x_wconf 89' lang='lat' dir='ltr'>et</span> <span class='ocrx_word' id='word_1_334' title='bbox 791 5388 937 5478; x_wconf 91' lang='lat' dir='ltr'>quilibet</span> <span class='ocrx_word' id='word_1_335' title='bbox 962 5388 1150 5480; x_wconf 88' lang='lat' dir='ltr'>inquilinus</span> <span class='ocrx_word' id='word_1_336' title='bbox 1177 5394 1312 5461; x_wconf 89' lang='lat' dir='ltr'>tantum</span> <span class='ocrx_word' id='word_1_337' title='bbox 1340 5388 1518 5462; x_wconf 89' lang='lat' dir='ltr'>dimidium</span> <span class='ocrx_word' id='word_1_338' title='bbox 1545 5388 1689 5487; x_wconf 85' lang='lat' dir='ltr'>solvere,</span> 
     </span>
    </p>
   </div>
   <div class='ocr_carea' id='block_1_12' title="bbox 0 0 2030 6053">
    <p class='ocr_par' dir='ltr' id='par_1_15' title="bbox 0 0 2030 6053">
     <span class='ocr_line' id='line_1_38' title="bbox 0 0 2030 6053; baseline 0 0"><span class='ocrx_word' id='word_1_339' title='bbox 0 0 2030 6053; x_wconf 95' lang='lat' dir='ltr'> </span> 
     </span>
    </p>
   </div>
  </div>
 </body>
</html>
