4050 6054
1611 494 1616 505 “
1705 470 1778 542 519

231 667 495 762 praepositurae
521 666 807 764 ScarbImiricnsi',
834 676 871 744 et
896 666 1027 746 ducunt
1054 692 1130 745 eam
1152 672 1351 746 emetbones
1377 673 1414 747 in
1440 672 1608 748 horreum·
1630 696 1652 748 a
1677 696 1779 766 prae»

230 792 346 883 posito
372 791 564 882 locandum,
592 792 688 864 cuius
715 793 930 865 aestimatur·
945 794 1045 867 valor
1070 793 1116 866 ad
1142 799 1220 868 octo
1247 814 1389 867 marcas.
1717 869 1724 879 ,

334 914 423 983 Item
450 911 650 1027 notandum,
678 913 770 1003 quod
796 915 872 1004 agri
899 915 1131 987 cmetbonales
1159 915 1233 988 dati
1259 895 1394 989 suntin
1411 913 1612 989 fundatione
1630 917 1778 1007 plebano

231 1033 267 1104 in
294 1033 483 1124 praedium,
510 1033 589 1105 ideo
616 1053 660 1104 ex
686 1033 755 1105 illis
782 1034 887 1106 solvit
912 1039 948 1106 et
973 1036 1108 1108 solvere
1134 1039 1274 1110 tenetur
1300 1037 1565 1129 praepositurae
1593 1036 1777 1110 Scarbimi-

231 1154 337 1226 riensi
364 1153 530 1224 decimam
556 1154 808 1244 manipularem
834 1155 871 1227 iu
894 1151 1111 1251 qondbwana

333 1275 422 1345 Item
449 1274 566 1364 opinio
592 1274 780 1346 multorum
807 1280 877 1366 est,
913 1280 949 1346 et
975 1277 1201 1371 existimatio,
1237 1277 1328 1368 quod
1356 1276 1487 1349 decima
1512 1276 1671 1368 praelata
1696 1284 1777 1368 post

231 1394 348 1467 laneos
375 1395 608 1467 emethonales
644 1394 680 1465 in
706 1395 1049 1488 Sanczygnyew
1084 1419 1153 1471 non
1180 1398 1226 1469 ad
1254 1398 1530 1488 praeposituram
1558 1397 1778 1471 Scarbimiri-

230 1534 356 1604 cnsem‚
383 1514 444 1586 sed
471 1515 517 1586 ad
542 1515 775 1604 praebendam
801 1515 1075 1608 Oracoviensem,
1101 1538 1189 1608 quae
1215 1515 1480 1591 Goreczslra
1508 1518 1644 1609 dicitur,
1671 1520 1776 1610 pcrti-

230 1636 345 1726 nebat,
363 1635 425 1707 sed
443 1635 524 1707 dum
550 1635 684 1707 Dzivi
695 1637 820 1708 ssius
847 1636 890 1708 de
916 1637 1166 1711 Paczonou
1192 1639 1291 1711 annis
1308 1638 1427 1711 multis
1445 1643 1481 1709 et
1498 1639 1775 1729 praeposituram

230 1759 267 1825 et
290 1755 524 1845 praebendam
550 1757 759 1828 coniunctim
784 1758 962 1848 tenuisset,
987 1762 1100 1830 morte
1117 1779 1181 1830 sua
1197 1764 1352 1851 sequuta,
1378 1758 1460 1830 dum
1486 1765 1631 1849 propter
1657 1780 1777 1831 caren-

230 1875 316 1947 tiam
350 1868 586 1966 r'egestrornm
621 1878 657 1948 in
685 1877 826 1950 dubium
861 1884 1104 1969 revocaretur,
1139 1878 1235 1951 onius
1270 1878 1430 1951 beneficii
1465 1878 1575 1970 foret,
1612 1879 1776 1952 Nicolaus

195 1992 200 1998 ’
230 1993 571 2087 Lyaszoczsky,
599 1998 659 2087 qui
684 1998 925 2070 Dzivissio
952 1998 988 2070 in
1006 1999 1283 2090 praeposituram
1298 1997 1618 2071 Scarbimiriensem
1636 2006 1776 2089 aposto

230 2102 308 2186 lica
323 2118 520 2206 provisione
547 2139 577 2188 a.
604 2118 644 2188 D.
676 2119 784 2190 1433.
811 2120 995 2210 successit,
1031 2141 1107 2190 eam
1138 2121 1247 2195 veluti
1274 2119 1551 2191 Scarbimiriensi
1586 2120 1713 2211 oppido
1740 2126 1777 2192 et

162 2324 170 2338 .
230 2256 314 2307 suae
341 2239 602 2327 praepositurae
622 2239 912 2331 propinquiorem,
939 2240 994 2311 vel
1012 2240 1103 2311 iuste
1116 2240 1285 2331 possedit,
1312 2241 1493 2330 incertum,
1511 2241 1567 2312 vel
1586 2243 1776 2330 occupavit.

228 2358 316 2428 Item
344 2360 460 2429 estin
487 2357 608 2429 eadem
636 2359 718 2429 villa
744 2360 925 2449 praedium
950 2361 1088 2432 unIcum
1115 2358 1285 2449 militare,
1312 2360 1355 2432 de
1383 2361 1479 2432 cuius
1507 2361 1602 2450 agris
1628 2361 1804 2434 solvitur

230 2477 363 2550 decima
388 2478 615 2569 manipularis
642 2480 806 2550 ecclesiae
832 2481 1023 2570 parochiali
1049 2481 1086 2551 in
1113 2478 1465 2572 Sanczygnyew.

332 2598 431 2688 Item,
459 2598 605 2690 quilibet
632 2600 850 2690 praepositus
877 2599 1172 2672 Scarbimiriensis
1199 2600 1242 2672 de
1269 2601 1354 2691 iure,
1381 2600 1628 2673 consvetudine
1650 2607 1687 2672 ct
1704 2601 1777 2691 pri·

229 2718 365 2810 vilegio,
392 2719 567 2809 obligatur
602 2721 701 2790 annis
729 2720 874 2810 singulis
901 2720 944 2792 dc
970 2722 1144 2793 universis
1170 2721 1371 2794 introitibus
1404 2739 1487 2792 suae
1513 2722 1776 2811 praepositurae

229 2841 364 2912 solvere
390 2840 596 2911 scholastico
624 2839 900 2912 Scarbimiriensi
926 2861 990 2931 pro
1008 2840 1097 2913 festo
1116 2840 1149 2913 S.
1167 2840 1313 2911 Martini
1333 2861 1393 2912 sex
1411 2860 1555 2931 marcas,
1582 2842 1647 2913 sub
1664 2862 1777 2932 poena

229 2960 591 3033 excommunicationis
618 2981 681 3050 per
708 2962 904 3051 episcopum
932 2968 995 3033 aut
1021 2982 1102 3033 suos
1129 2959 1294 3033 officiales
1320 2961 1472 3033 ferenda.

331 3081 419 3153 Item
437 3082 678 3172 praepositura
695 3081 991 3153 Scarbimiriensis
1009 3082 1108 3153 iuxta
1125 3082 1241 3154 omnia
1258 3087 1415 3173 regestra
1431 3088 1554 3153 taxata
1571 3088 1626 3154 est
1644 3082 1689 3154 ad

598 3344 999 3450 vicepraoposltura
1034 3343 1408 3426 Scarbimiriensis.

330 3561 579 3656 Praepositum
606 3566 900 3639 Scarbimiriensis
936 3564 1044 3638 habet
1070 3564 1236 3637 vicarium
1268 3585 1330 3635 seu
1356 3563 1669 3655 vicepraepositum
1695 3583 1775 3655 per·

228 3691 380 3778 petuum,
407 3687 504 3758 cuius
530 3708 621 3757 nunc
637 3687 789 3759 Iacobus
816 3687 858 3759 de
885 3686 1162 3758 Andrzeiow
1187 3685 1371 3775 presbyter
1398 3690 1452 3756 est
1471 3685 1774 3774 vicepraepositus,

227 3808 564 3897 vicepraepositurae
591 3812 707 3878 autern
729 3828 791 3878 seu
808 3808 959 3878 vicariae
985 3805 1183 3878 huiusmodi
1209 3805 1331 3876 unicus
1357 3810 1413 3875 est
1439 3803 1584 3876 collator
1601 3810 1638 3875 ct
1655 3810 1774 3894 patro-

227 3946 292 3999 nus
317 3928 537 4019 praepositus
565 3926 858 3999 Scarbimiriensis
885 3948 949 4019 pro
975 3932 1141 4016 tempore.
1166 3925 1256 3997 Item
1274 3924 1592 4015 vicepraepositura
1618 3923 1775 4015 praefata

228 4048 302 4120 sire
327 4047 468 4138 vicaria,
495 4048 602 4118 habet
628 4068 692 4137 pro
721 4068 784 4118 sua
811 4047 892 4120 dote
920 4047 1086 4118 decimam
1103 4046 1353 4137 manipularem
1380 4050 1460 4136 post
1485 4065 1588 4136 agros
1615 4043 1774 4135 praedia-

227 4169 279 4240 les
313 4168 505 4260 praepositi
541 4168 835 4240 Scarbimiriensis
872 4170 907 4240 in
933 4168 1195 4257 Zamoscze,
1232 4168 1329 4238 cuius
1365 4166 1463 4238 valor
1498 4166 1703 4238 aestimatur
1728 4164 1774 4237 ad

227 4294 301 4360 tres
327 4309 471 4378 marcas3
499 4289 582 4360 item
609 4289 715 4360 habet
741 4278 887 4360 alteram
919 4288 1086 4360 decimam
1112 4286 1362 4377 manipularem
1388 4286 1425 4355 in
1451 4285 1534 4357 villa
1560 4284 1774 4376 Kuyawlry

227 4414 308 4500 post
334 4430 438 4500 agros
473 4409 665 4499 praediales
701 4409 940 4481 tantummodo
976 4410 1080 4480 etiam
1111 4408 1302 4497 praepositi
1329 4405 1641 4496 Scarbimiriensis,
1676 4404 1773 4476 cuius

228 4531 327 4602 valor
352 4531 556 4602 aestimatur
583 4529 628 4600 ad
654 4536 804 4622 quatuor
829 4551 983 4619 marcas3
1020 4531 1103 4629 item
1129 4527 1451 4617 vicepraepositnra
1473 4524 1631 4616 praelata
1664 4526 1773 4597 habet

227 4651 372 4741 siugulis
399 4651 601 4741 septimanis
628 4651 664 4721 in
691 4651 818 4741 oppido
845 4648 1122 4722 Scarbimiriensi
1157 4667 1221 4738 pro
1251 4636 1339 4717 feria
1366 4646 1487 4737 quinta
1512 4645 1631 4718 forale.
1674 4645 1773 4736 Item,

229 4772 321 4863 quod
347 4771 493 4863 quilibet
518 4771 670 4844 vendens
698 4792 822 4855 carnes,
845 4775 984 4841 tenetur
1008 4768 1286 4867 vicepraeposito
1314 4767 1398 4839 dare
1425 4767 1511 4839 duos
1539 4766 1711 4856 denarios
1737 4766 1773 4837 id

228 4898 344 4964 annm
370 4892 479 4964 lorale
507 4892 719 4982 arendatum,
747 4890 851 4962 solvit
868 4889 1143 4980 vicepraeposito
1171 4888 1270 4960 annis
1288 4887 1433 4978 singulis
1460 4887 1545 4959 duas
1573 4906 1773 4977 sexagenas

227 5013 312 5084 item
338 5013 632 5103 vicepraepositus
670 5011 816 5100 quilibet
850 5010 957 5082 habet
985 5030 1061 5080 cum
1089 5008 1166 5079 aliis
1193 5008 1334 5080 ricariIs
1361 5007 1703 5079 ScarbimIriensibus
1729 5005 1772 5078 de

228 5132 383 5223 qualibet
409 5134 599 5219 braxatura
626 5130 792 5201 cervisiae
819 5134 968 5220 quatuor
995 5128 1166 5218 denarios
1201 5129 1286 5200 item
1311 5128 1419 5200 habet
1445 5127 1640 5216 portionem
1667 5146 1771 5219 quae-

228 5259 302 5325 stus
329 5254 506 5345 aequalem
533 5251 575 5323 de
602 5250 755 5341 ecclesia,
785 5250 868 5321 Item
896 5249 939 5320 de
966 5248 1161 5337 offertoriis,
1189 5250 1273 5319 item
1291 5247 1334 5319 de
1352 5247 1481 5338 spoliis,
1508 5248 1593 5318 item
1619 5247 1662 5319 de
1681 5247 1773 5319 deci·

226 5374 293 5444 mis
332 5373 590 5460 communibus,
631 5371 712 5442 item
754 5370 796 5441 de
837 5371 1107 5461 quibuscumque
1152 5369 1230 5440 aliis
1270 5369 1470 5440 introitibus
1515 5369 1551 5439 in
1591 5388 1770 5442 commune
