4050 6054
251 640 423 714 universis
457 640 721 735 praepositurae
757 639 1052 717 Scarbimiriensis
1088 665 1149 716 sex
1183 666 1319 717 marcas
1346 642 1389 717 de
1416 665 1530 718 annuo
1557 666 1681 738 censu,
1720 670 1806 739 quas

252 765 319 836 sibi
345 766 565 854 praepositus
592 763 889 837 Scarbimiriensis
915 766 952 836 in
978 764 1068 837 festo
1095 765 1128 837 S.
1150 765 1296 837 Martini
1321 771 1462 839 tenetur
1489 766 1532 839 de
1560 768 1637 839 iure
1664 769 1808 842 solvere.

357 884 445 955 Item
472 885 679 958 scholastria
705 884 998 958 Scarbimiriensis
1025 892 1146 959 taxata
1172 891 1226 960 est
1252 887 1297 958 ad
1322 887 1447 977 viginti
1472 907 1616 960 marcas.

809 1108 975 1230 vicaria
1009 1147 1244 1234 scolastici.
1316 1232 1318 1236 ,

356 1367 544 1439 Scolastria
561 1367 855 1453 Scarbimiriensis
881 1370 988 1443 habet
1004 1369 1204 1462 habereque
1232 1371 1411 1443 consuevit
1433 1372 1614 1463 proprium
1640 1373 1807 1448 vicarium

250 1493 453 1578 perpetuum
480 1490 516 1559 in
535 1490 680 1560 ecelesia
707 1489 999 1582 Scarbimiriensi,
1029 1498 1065 1563 et
1085 1493 1252 1563 vicariam
1278 1493 1389 1583 ipsam
1415 1498 1513 1565 tenet
1539 1515 1629 1565 nunc
1654 1494 1807 1568 Jacobus

227 1609 295 1679 de
322 1609 574 1681 Stobnicza
600 1613 802 1702 presbyter,
829 1613 926 1685 cuius
944 1613 1065 1684 unicus
1083 1613 1230 1684 collator
1257 1617 1293 1684 et
1311 1613 1480 1702 patronus
1506 1620 1561 1685 est
1579 1615 1804 1688 scholasticus

224 1729 542 1802 -Sandomiriensis
578 1752 641 1821 pro
668 1738 844 1824 tempore3
880 1735 966 1804 haec
999 1753 1062 1824 pro
1090 1754 1152 1805 suo
1178 1733 1285 1805 fundo
1320 1740 1356 1806 et
1383 1734 1464 1805 dote
1491 1735 1599 1807 habet
1635 1737 1804 1809 decimam

251 1871 356 1922 unam
392 1852 643 1941 manipularem
678 1858 759 1942 post
793 1874 896 1944 agros
931 1853 1125 1944 praediales
1159 1854 1356 1951 scholastici
1383 1854 1699 1945 Scarbimiriensis3
1725 1857 1808 1929 item
1949 1942 1951 1947 ¹

251 1971 357 2042 hahet
393 1972 539 2042 alteram
575 1973 742 2044 decimam
777 1980 858 2065 post
893 1995 995 2065 agros
1031 1974 1251 2047 hortulanise
1288 1974 1458 2047 secundae
1490 1977 1534 2046 ad
1561 1978 1807 2049 scholasticum

259 2092 491 2183 pertinentes,
521 2099 557 2164 et
575 2095 697 2165 ambae
716 2094 869 2166 decimae
887 2096 1117 2166 aestimantur
1134 2095 1179 2166 ad
1197 2115 1272 2186 sex,
1299 2095 1484 2188 aliquando
1503 2095 1548 2166 ad
1567 2102 1645 2167 octo
1662 2116 1806 2169 marcas.

255 2213 342 2283 Item
370 2214 477 2284 habet
504 2214 643 2286 domum
669 2216 847 2305 propriam
883 2237 959 2287 cum
986 2237 1068 2287 area
1094 2236 1203 2307 prope
1239 2217 1367 2287 scolam
1404 2237 1468 2308 pro
1495 2237 1559 2289 sua
1584 2215 1809 2309 habitatione,

252 2335 334 2404 item
352 2341 417 2411 ,est
445 2335 539 2405 scola
573 2357 637 2425 pro
665 2336 857 2408 scolaribus
884 2338 918 2407 in
947 2336 1068 2409 eodem
1096 2336 1241 2427 oppido,
1268 2358 1371 2426 quam
1399 2338 1602 2409 scolasticus
1629 2358 1693 2427 pro
1720 2344 1807 2410 tem-

252 2475 336 2544 pore
364 2455 506 2546 conlert,
534 2456 694 2527 aedificat
721 2463 757 2529 et
774 2457 955 2546 providet;
982 2459 1066 2528 item
1091 2458 1243 2529 vicarius
1270 2457 1467 2529 scholastici
1494 2459 1601 2529 habet
1628 2459 1806 2549 aequalem

251 2577 445 2665 portionem
466 2598 542 2670 cum
569 2579 647 2648 aliis
665 2579 803 2649 vicariis
830 2577 1187 2667 Scarbimiriensibus,
1213 2577 1455 2668 participando
1483 2577 1527 2648 de
1545 2577 1689 2649 decimis
1716 2599 1808 2650 com-
1905 2643 1906 2648 ,

253 2698 423 2787 munibus,
448 2699 640 2770 braxatura
668 2700 844 2789 cervisiae,
872 2698 1064 2790 offertorio,
1092 2699 1212 2789 spoliis
1239 2704 1275 2769 et
1302 2699 1458 2789 quolibet
1484 2704 1640 2789 quaestu.

722 2960 924 3044 Custodia
959 2961 1333 3045 Scarbimiriensis.

364 3181 483 3254 Tertia
516 3189 597 3273 post
622 3182 847 3273 principalem
883 3184 919 3255 in
946 3183 1091 3256 ecclesia
1123 3182 1402 3255 Scarbimiriensi
1437 3190 1473 3256 et
1508 3182 1631 3256 ultima
1656 3183 1808 3276 dignitas

252 3304 326 3389 sive
360 3309 584 3394 personatus,
619 3310 675 3376 est
709 3304 885 3394 custodia,
921 3324 1024 3401 quam
1061 3325 1155 3375 nunc
1188 3304 1324 3376 obtinet
1358 3304 1524 3376 Nicolaus
1559 3303 1730 3376 Christini
1763 3306 1807 3377 de
1911 3325 1914 3328 ’

251 3424 397 3514 Lublin,
424 3425 584 3495 altarista
610 3425 728 3495 Sancti
747 3425 900 3510 Thomae
927 3420 1189 3496 Cantuariensis
1221 3424 1257 3494 in
1276 3423 1423 3495 ecclesia
1449 3423 1690 3516 cracoviensi,
1718 3446 1807 3516 quae

250 3566 315 3635 pro
333 3567 396 3617 suo
421 3544 528 3616 fundo
555 3552 659 3636 atque
686 3545 767 3617 dote
793 3546 901 3617 habet
927 3547 963 3617 in
987 3544 1114 3635 oppido
1142 3543 1419 3615 Scarbimiriensi
1446 3543 1533 3617 duos
1560 3546 1679 3616 laneos
1705 3565 1807 3637 agro·

250 3685 338 3756 rum,
365 3686 511 3756 quorum
538 3667 684 3756 quilibet
710 3666 817 3738 habet
843 3667 987 3757 propria
1012 3670 1134 3756 prata,
1170 3669 1206 3735 et
1233 3663 1381 3754 quilibet
1412 3665 1518 3736 solvit
1544 3665 1680 3737 custodi
1706 3665 1807 3737 Scar-

250 3786 443 3858 bimiriensi
477 3808 541 3876 pro
576 3807 680 3859 censu
707 3807 821 3859 annuo
857 3787 893 3857 in
918 3786 1009 3858 festo
1045 3785 1078 3856 S.
1105 3784 1253 3857 Martini
1287 3790 1361 3856 tres
1396 3804 1473 3856 cum
1509 3785 1623 3857 media
1659 3806 1803 3859 marcas.

250 3908 338 3979 Item
364 3907 471 3979 habet
496 3914 635 3998 pratum
662 3909 829 3999 optimum
855 3928 919 3998 pro
939 3928 1002 3978 sua
1019 3906 1226 3978 necessitate
1253 3911 1290 3977 et
1308 3920 1390 3997 usu,
1417 3907 1515 3977 iuxta
1540 3911 1678 3995 pratum
1706 3908 1806 3978 scho-

249 4028 364 4100 lastici
382 4027 675 4101 Scarbimiriensis
698 4029 910 4118 consistens;
936 4030 1020 4100 item
1038 4029 1145 4099 hahet
1162 4025 1321 4118 praefata
1338 4026 1496 4098 custodia
1513 4026 1806 4109 Scarbimiriensis

252 4149 399 4221 invilla
434 4148 678 4241 quaschyn
714 4151 799 4221 duos
826 4150 946 4222 laneos
973 4148 1207 4221 emethonales
1234 4148 1380 4238 liberos,
1416 4147 1551 4219 custodi
1578 4153 1734 4238 tantum,
1769 4154 1806 4220 et
1918 4131 1922 4139 ¹
2019 4166 2022 4173 ·

251 4290 321 4341 non
346 4270 407 4341 alii
434 4272 619 4360 obnoxioS,
655 4277 692 4342 et
718 4270 865 4360 quilibet
899 4292 964 4361 pro
992 4290 1097 4341 censu
1132 4290 1248 4341 annuo
1275 4268 1428 4341 infesto
1458 4269 1492 4341 S.
1519 4268 1666 4340 Martini
1703 4268 1809 4342 solvit

251 4391 388 4464 custodi
414 4391 689 4464 Scarbimiriensi
717 4392 802 4463 duas
829 4412 981 4482 marcas,
1018 4393 1079 4482 qui
1104 4390 1217 4463 nullos
1244 4389 1319 4461 dies
1350 4390 1387 4460 in
1414 4390 1608 4479 septimana
1634 4389 1805 4480 laborant,

250 4532 363 4603 neque
397 4513 561 4586 ducturas
591 4512 743 4603 faciunt3
778 4513 862 4584 item
889 4534 958 4583 non
985 4511 1126 4582 solvunt
1152 4530 1319 4601 capones,
1354 4530 1466 4600 neque
1493 4530 1658 4599 avenam,
1694 4529 1806 4602 neque

245 4654 330 4724 ova,
357 4656 468 4725 neque
495 4655 635 4722 case0s3
663 4634 829 4705 decimam
854 4638 972 4704 temen
998 4632 1252 4724 manipularem
1279 4632 1419 4703 solvunt
1445 4631 1661 4722 episcopatui
1679 4629 1807 4703 Gracc

221 4754 375 4846 ‚viensi,
412 4760 448 4826 et
474 4755 605 4827 ducunt
631 4776 707 4847 eam
734 4755 885 4846 propriis
912 4753 1073 4825 curribus
1100 4754 1136 4825 in
1161 4754 1327 4826 horreum
1354 4753 1399 4824 ab
1425 4754 1587 4842 episcopo
1613 4751 1805 4841 locandum,

250 4875 333 4947 item
360 4874 528 4947 decimam
554 4875 694 4947 solvunt
720 4874 920 4965 canapalem
946 4895 1010 4964 per
1037 4879 1186 4964 quatuor
1211 4875 1360 4965 ierugas.
1799 4882 1802 4889 “

366 4996 455 5068 Item
498 4996 655 5086 praefata
686 4985 845 5067 custodia
888 4994 1184 5067 Scarbimiriensis
1216 4994 1336 5065 'hahet
1370 4993 1515 5084 singulis
1560 4991 1660 5063 annis
1704 5011 1807 5064 unam
1911 5091 1914 5098 ι

251 5115 306 5188 vel
334 5117 420 5188 duas
447 5138 490 5188 ex
517 5117 661 5187 decimis
687 5116 960 5206 manipularibus
987 5116 1152 5187 ecclesiae
1179 5114 1492 5203 Scarbimiriensis,
1520 5133 1563 5184 ex
1581 5112 1702 5185 ordine
1728 5133 1805 5184 eam

251 5238 525 5328 contingentem,
561 5256 650 5329 qnae
685 5242 758 5307 tam
793 5237 860 5308 sibi
896 5258 998 5327 quam
1033 5237 1111 5307 aliis
1147 5234 1354 5325 praebendis
1388 5233 1733 5306 Scarbimiriensibus
1767 5235 1805 5304 in

251 5359 472 5451 perceptione
500 5359 636 5450 aequali
662 5365 743 5430 sunt
770 5379 981 5445 communes3
1008 5359 1092 5428 item
1120 5355 1188 5427 duo
1215 5355 1308 5427 lanei
1334 5354 1487 5446 praefati·
1510 5353 1742 5427 emethonales
1769 5354 1806 5424 in
1840 5428 1846 5433 ,

355 5502 403 5544 nnc.
417 5502 513 5544 neusse.
1598 5493 1639 5553 66
