4050 6054
323 523 399 594 400

324 728 530 799 vicariorum
547 746 611 816 per
629 726 826 816 episcopum
845 724 1108 796 Cracoviensem
1135 722 1304 794 Joannem
1331 721 1598 803 Luthkonis
1626 722 1875 812 confirmatam,

322 848 435 919 dando
464 846 532 919 illis
559 866 623 938 pro
645 846 841 943 buiusmodi
868 846 1066 916 introitibus
1094 845 1272 915 scoltetiae
1301 844 1418 914 decem
1444 864 1578 916 marcas
1606 848 1728 915 cen'sus
1756 845 1874 932 annui,

322 975 358 1039 et
384 968 550 1038 decimam
575 967 825 1058 manipularem
851 973 932 1056 post
959 966 1076 1037 decem
1103 971 1139 1036 et
1165 972 1243 1036 octo
1271 965 1389 1036 laneos
1418 964 1669 1055 cmethonales,
1706 970 1743 1036 et
1768 985 1874 1053 agros

322 1089 585 1160 tabematorum
603 1093 640 1159 et
656 1087 938 1178 hortulanorum,
965 1088 1062 1158 cuius
1081 1087 1179 1158 valor
1197 1087 1297 1158 annis
1316 1087 1461 1177 singulis
1479 1088 1683 1158 aestimatur
1709 1085 1755 1158 ad
1772 1085 1873 1158 sedc-

321 1209 387 1279 cim
413 1229 556 1279 marcas.
921 1276 924 1281 .

425 1328 580 1419 Lapidea
614 1329 735 1400 domus
762 1328 798 1397 in
825 1326 1116 1399 Sandomiria
1151 1329 1187 1398 in
1215 1327 1352 1399 circulo.
1390 1329 1484 1415 =ltem
1512 1328 1581 1398 alia
1607 1328 1728 1399 domus
1755 1327 1873 1417 lignea

322 1449 425 1519 etiam
451 1450 488 1519 in
515 1447 825 1520 Sandomiria:
853 1449 971 1520 ambas
999 1448 1119 1519 domos
1145 1448 1342 1539 praedictas
1378 1449 1413 1518 iu
1440 1448 1711 1519 Sandomiriensi
1744 1447 1873 1538 oppido

322 1570 422 1659 sitas,
449 1569 611 1640 videlicet
628 1576 797 1640 muratam
824 1570 860 1639 iu
880 1569 1007 1641 circulo
1027 1576 1062 1640 et
1080 1570 1243 1660 ligneam,
1266 1570 1408 1641 donavit
1426 1570 1646 1640 universitati
1664 1568 1873 1641 vicariorum

322 1689 650 1761 Sandomiriensium
682 1690 867 1760 donatione
903 1696 1073 1779 perpetua
1102 1691 1157 1761 vir
1184 1690 1329 1761 ‹levotus
1364 1690 1492 1760 Paulus
1522 1689 1732 1761 Misznar
1759 1687 1874 1760 dictus

322 1810 537 1909 Lamberk3
573 1810 615 1879 de
643 1816 789 1899 utraque
825 1810 952 1881 dantur
977 1817 1052 1881 tres
1078 1831 1215 1881 marcae
1251 1810 1294 1881 de
1322 1832 1435 1882 annuo
1464 1831 1586 1898 censu,
1622 1810 1759 1881 ratione
1786 1830 1874 1899 quo-

322 1952 399 2001 rum
434 1937 584 2020 aguntur
617 1931 684 2002 sibi
719 1951 782 2021 per
816 1931 964 2002 vicarios
1000 1932 1036 2001 in
1073 1932 1285 2021 quibuslibet
1321 1937 1469 2021 quatuor
1503 1932 1716 2022 temporibus
1748 1950 1873 2002 noveru

322 2051 508 2123 lectionum
536 2052 674 2140 vigiliae
701 2058 737 2122 et
755 2053 861 2123 missa
888 2051 1127 2123 defunctorum
1155 2054 1191 2123 in
1215 2073 1298 2123 voce
1325 2074 1461 2123 sonora.

426 2172 685 2243 Brascatorium
721 2172 757 2241 in
785 2172 911 2263 oppido
939 2172 1210 2244 Sandomirieusi
1238 2173 1447 2263 consistam,
1484 2172 1626 2243 donavit
1653 2172 1874 2257 universitati
1892 2220 1908 2231 .

322 2292 530 2363 vicariorum
548 2292 875 2364 Sandomiriensium
894 2291 1071 2383 praefatus
1090 2293 1218 2364 Paulus
1244 2293 1465 2383 Misznar‚
1492 2293 1604 2364 dictus
1631 2292 1873 2381 Lamberk,

323 2413 408 2483 civis
435 2411 740 2503 Sandomiriensis,
769 2412 859 2503 quod
887 2414 1091 2484 arcndatum
1124 2414 1228 2486 solvit
1254 2435 1317 2505 pro
1345 2435 1450 2485 censu
1477 2434 1591 2486 annuo
1619 2414 1758 2484 vicariis
1786 2412 1874 2484 San-

323 2531 589 2604 domiriensibus
624 2554 727 2604 unam
762 2554 930 2622 marcam,
967 2535 1102 2605 ratione
1129 2535 1226 2605 cuius
1255 2535 1408 2624 qualibet
1440 2527 1495 2605 (lie
1522 2535 1659 2606 veneris
1687 2533 1873 2605 cuiuslibet

323 2652 558 2724 hebdomadae
586 2653 713 2744 legitur
740 2655 845 2725 missa
871 2654 1109 2725 defunctorum
1141 2656 1176 2725 in
1205 2677 1286 2727 suae
1312 2662 1349 2727 et
1376 2657 1526 2727 omnium
1553 2656 1704 2726 fidelium
1733 2653 1873 2725 deiunc-

323 2778 437 2843 torum
463 2773 655 2844 animarum
680 2775 883 2865 remedium,
919 2782 954 2846 et
981 2777 1126 2866 pecunia
1152 2777 1358 2866 proveniens
1395 2777 1487 2846 inter
1514 2777 1662 2848 vicarios
1689 2774 1871 2846 Sandomi-

324 2892 456 2965 rienses
490 2894 687 2966 laborantes
723 2902 758 2965 et
785 2902 986 2986 praesentes
1023 2897 1250 2986 aequabiliter
1285 2898 1454 2987 partitur,
1492 2898 1552 2988 qui
1579 2897 1623 2967 ad
1650 2895 1872 2967 refectionem

326 3020 364 3085 et
379 3014 660 3087 reformationem
680 3016 832 3088 eiusdem
850 3017 1057 3088 brascatorii
1080 3019 1184 3089 toties
1208 3019 1343 3109 quoties
1362 3039 1449 3109 opus
1468 3024 1540 3108 est,
1567 3023 1602 3089 et
1622 3017 1772 3089 omnium
1790 3037 1873 3107 sup·
1945 3078 1949 3083 .

294 3135 546 3225 ,pellectilium
573 3138 657 3228 eius,
683 3145 848 3211 tenentur
874 3139 1063 3212 intendere.

679 3402 856 3485 Macella
891 3401 1136 3485 carnificum
1170 3404 1209 3483 in
1242 3400 1517 3484 sandomiria.

427 3622 467 3693 In
486 3624 637 3695 macellis
664 3624 862 3695 carnificum
880 3625 972 3715 apucl
990 3625 1240 3696 Sandomiriam
1260 3625 1542 3713 consistentibus,
1570 3623 1759 3695 advocatus
1786 3622 1872 3694 San-

324 3742 560 3832 domiriensiS,
588 3752 730 3815 vocatus
748 3743 1046 3836 Lyaszkoszy
1057 3767 1087 3836 a,
1114 3766 1175 3815 sex
1193 3745 1325 3834 lapides
1353 3746 1427 3836 sepi
1445 3744 1590 3834 singulis
1617 3745 1717 3815 annis
1735 3743 1871 3817 solven-

324 3861 405 3951 daS,
432 3883 517 3953 quae
545 3862 588 3934 acl
606 3862 856 3953 proprietatem
882 3872 918 3935 ct
936 3865 989 3934 ius
1009 3884 1090 3935 suae
1113 3864 1313 3934 advocatiae
1331 3863 1621 3934 Sandomiriensis
1639 3863 1872 3953 pertinebant,

324 3982 463 4053 vicariis
490 3983 826 4055 Saudomiriensibus
858 3985 1000 4056 donavit
1035 3992 1070 4055 et
1097 3985 1275 4074 inscripsit
1311 3984 1496 4055 donatione
1523 3989 1709 4073 perpetua,
1736 3984 1872 4054 ratione

325 4122 470 4193 quorum
505 4103 611 4174 habet
635 4105 727 4194 apud
762 4106 910 4176 vicarios
946 4105 1243 4177 Sarrdomirienscs
1280 4106 1554 4177 anniversarium
1581 4110 1800 4195 perpetuum,
1836 4112 1872 4175 et

324 4228 507 4294 cantantur
534 4225 569 4294 in
587 4224 776 4295 remedium
804 4226 937 4297 animae
965 4246 1047 4297 suac
1074 4226 1344 4315 inquibuslibet
1372 4234 1518 4316 quatuor
1544 4226 1764 4315 temporibus.
1785 4225 1873 4313 vigi-

324 4342 392 4415 liae
418 4364 541 4417 novcm
576 4344 772 4443 lectionum
799 4352 835 4416 et
870 4347 975 4417 missa
1002 4346 1261 4435 defunctorum,
1295 4346 1352 4416 hic
1378 4345 1679 4436 Lyaszkosza
1706 4345 1873 4433 imagines

326 4464 359 4532 in
387 4462 558 4557 Elbiug
583 4472 752 4558 receptae,
779 4467 944 4539 ecclcsiae
971 4466 1242 4539 Sandomiricusi
1269 4487 1373 4538 curru
1400 4487 1461 4538 suo
1489 4466 1638 4538 advexit.

634 4726 746 4811 Area
780 4732 819 4809 in
843 4731 979 4835 platea
1013 4731 1054 4810 8.
1083 4729 1242 4811 Mariae
1277 4728 1561 4834 Mapdalenae.

427 4946 524 5021 Haec
536 4971 618 5022 area
631 4952 667 5023 in
681 4952 797 5043 platea
809 4950 956 5024 Sanctae
968 4936 1103 5023 Mariae
1117 4951 1345 5041 Magdalenae
1363 4950 1651 5022 Sandomiriae
1669 4948 1872 5038 consistens

325 5070 395 5143 sita
421 5076 476 5143 est
492 5072 584 5143 inter
609 5072 746 5144 domurn
775 5071 1009 5144 Matthiae
1037 5072 1216 5143 ltaczno
1244 5074 1289 5143 ab
1307 5092 1393 5162 una,
1420 5076 1456 5142 et
1473 5070 1611 5141 domum
1629 5069 1874 5162 Kolybaba

324 5192 484 5283 partibus
519 5195 563 5265 ab
589 5194 718 5285 altera,
754 5214 842 5285 quae
876 5213 941 5283 per
966 5192 1116 5263 nobilem
1143 5191 1305 5263 laminam
1332 5191 1555 5264 Catherinam
1581 5188 1873 5263 Sochaczou·

325 5313 408 5385 ska
433 5312 653 5386 universitati
680 5314 888 5387 vicariorum
915 5311 1244 5385 Sandomiriensium
1281 5320 1447 5405 perpetue
1474 5300 1603 5383 donata
1635 5317 1707 5401 est,
1732 5310 1776 5382 de
1803 5332 1874 5401 qua

325 5454 430 5526 super
456 5434 644 5507 aedificata
663 5433 764 5507 domo
790 5454 895 5507 unam
921 5453 1074 5506 marcam
1091 5434 1196 5505 annui
1223 5441 1344 5507 census
1370 5434 1583 5526 percipiunt,
1610 5432 1746 5505 ratione
1774 5432 1872 5503 cuius
