4050 6054
1576 590 1750 670 ·5o

305 809 393 911 Item
420 810 620 904 praebenda
645 805 804 901 praefata
830 813 952 881 taxata
978 812 1032 880 est
1058 807 1155 878 iuxta
1118 813 1225 878 tan
1227 805 1324 897 tiqua
1350 826 1450 897 reges
1452 810 1516 896 tra,
1452 805 1624 877 ttad
1608 806 1753 895 triginta

204 936 355 1039 quinque
380 953 523 1004 marcas.
969 942 973 951 '

307 1054 396 1124 Item
421 1052 620 1144 praebenda
655 1050 813 1142 praefata
847 1051 1068 1140 incorporata
1103 1056 1159 1121 est
1185 1070 1248 1141 per
1275 1048 1390 1121 sedem
1417 1069 1502 1138 apos
1502 1048 1648 1138 tolicam,
1675 1048 1752 1119 nni·

205 1174 363 1246 versitati
398 1171 629 1263 Oiacoviensi,
665 1192 728 1263 pro
764 1173 844 1243 doct
829 1176 904 1243 tore
932 1172 1017 1242 iuris
1054 1166 1218 1260 canonici,
1246 1174 1325 1241 actu
1361 1190 1510 1241 canones
1536 1169 1692 1260 legente,
1718 1173 1755 1240 et

206 1295 312 1365 babet
346 1294 517 1366 universit
518 1314 556 1364 as
501 1291 859 1364 tCracovicnsis
850 1314 903 1363 rus
930 1291 1123 1363 collationis
1150 1290 1325 1381 praefatae
1352 1288 1590 1379 praebendae,
1618 1310 1685 1420 quo
1687 1289 1754 1360 ties

206 1414 302 1485 illam
327 1434 453 1487 vacare
479 1412 656 1504 contingit.

286 1660 529 1741 Praebenda
563 1666 607 1740 ιι
638 1661 914 1790 canonicatus
946 1658 1249 1739 Oracovienais
1283 1660 1321 1738 in
1350 1660 1484 1738 choro
1517 1657 1684 1758 dextro,

650 1820 760 1900 quae
793 1803 973 1879 vocatur
1007 1797 1329 1877 Lantbkowska.

321 2018 525 2090 Praebenda
561 2025 596 2089 et
631 2018 853 2089 canonicatus
889 2017 1165 2118 Lantbkouslra,
1198 2038 1299 2108 quam
1335 2037 1426 2087 nunc
1460 2021 1557 2088 tenet
1591 2017 1756 2107 magister

210 2139 389 2211 Johannes
417 2140 459 2210 de
486 2139 592 2210 Dam
604 2138 799 2228 browlra',
827 2158 945 2211 sacrae
964 2138 1172 2231 Theologiae
1190 2138 1366 2229 professor
1384 2144 1421 2209 et
1439 2159 1607 2210 canonum
1626 2137 1757 2227 doctor,

62 2352 65 2355 ¹
211 2262 412 2331 nonhabet
445 2281 510 2350 pro
547 2261 628 2331 dote
655 2261 804 2350 aliquam
832 2259 948 2331 villam
977 2266 1038 2330 ant
1064 2258 1224 2349 fundum,
1252 2259 1312 2330 sed
1339 2258 1445 2331 habet
1472 2259 1622 2331 decimas
1648 2259 1758 2330 mani-

211 2381 351 2471 pulares
378 2380 624 2473 infrascriptos.
648 2381 697 2450 Et
723 2381 834 2484 primo
861 2401 902 2451 ac
927 2381 1166 2470 principaliter
1192 2380 1298 2452 habet
1325 2379 1491 2451 decimam
1510 2380 1759 2470 manipularem

87 2496 92 2504 “
213 2501 246 2571 in
284 2501 367 2572 villa
402 2501 692 2573 Lantbkowice
727 2522 834 2593 prope
870 2500 1133 2593 Szlomnylry,
1160 2500 1221 2573 ubi
1257 2507 1311 2572 cst
1337 2501 1441 2572 etiam
1469 2502 1504 2571 in
1531 2501 1650 2573 eadem
1679 2500 1761 2571 villa

213 2623 358 2693 ecclesia
391 2622 619 2716 parochialis,
647 2629 683 2694 et
710 2622 896 2694 dominium
932 2622 1035 2694 villae
1062 2622 1214 2713 pertinet
1239 2642 1330 2694 nunc
1357 2621 1401 2693 ad
1428 2622 1518 2693 filios
1543 2622 1690 2694 Joannis
1717 2621 1760 2693 de

215 2742 394 2814 Thancz
403 2766 467 2834 yn
495 2743 577 2815 olim
605 2743 785 2816 castellani
812 2742 1050 2815 Cracovicnsis
1077 2742 1120 2814 de
1147 2743 1253 2815 armis
1281 2742 1594 2833 Bippennium.
1624 2742 1664 2814 ln
1692 2763 1761 2833 qua

213 2870 295 2934 sunt
320 2865 478 2955 triginta
493 2864 585 2935 lanei
611 2870 702 2938 emet
687 2865 855 2956 t,houales
882 2864 926 2936 de
953 2864 1078 2954 quibus
1105 2864 1263 2937 omnibus
1290 2863 1351 2936 dat
1335 2870 1395 2935 tur
1420 2863 1553 2936 decima
1570 2861 1762 2954 manipula·
1847 2909 1848 2912 =

213 2985 264 3056 ris
298 2976 516 3089 praebendae
553 2985 748 3077 praefatae,
784 2991 820 3056 ιι
804 2984 994 3057 tducitur
1031 3005 1094 3076 per
1120 2992 1211 3057 emet
1195 2987 1319 3057 thonos
1354 2987 1505 3077 propriis
1541 2983 1736 3084 curribus
1725 3006 1762 3054 ιιι
1901 3021 1902 3024 ¹

214 3106 377 3212 horreum
405 3128 426 3177 a
452 3108 616 3179 canonico
644 3085 880 3198 deligendum,
907 3105 1021 3178 dando
1057 3106 1224 3178 decimam
1252 3108 1374 3198 canapi
1401 3127 1464 3197 per
1491 3079 1677 3198 quatuor
1667 3127 1762 3178 runc·

215 3215 323 3327 turus,
350 3233 450 3318 praet
451 3248 489 3297 er
516 3234 638 3319 except
639 3230 669 3300 is
623 3228 831 3300 tduobus
857 3227 966 3299 laneis
994 3228 1278 3319 umethonulibus,
1306 3216 1349 3299 de
1376 3227 1501 3319 quibus
1528 3227 1597 3302 duo
1623 3228 1763 3319 plebani

216 3349 380 3420 ecclesiae
415 3348 667 3438 parochialis
657 3372 693 3420 ιιι
729 3348 1025 3440 Morawicza,
1052 3369 1114 3440 per
1150 3350 1229 3420 abst
1213 3349 1482 3421 tractionemet
1509 3349 1647 3422 alienat
1622 3356 1761 3439 tionem,
1853 3395 1856 3398 -

217 3459 384 3541 decimam
410 3471 659 3562 manipularem
686 3471 892 3561 percipiunt,
914 3470 1078 3542 canonico
1096 3469 1272 3562 praefatae
1291 3469 1508 3561 praebendae
1526 3470 1764 3542 dissimulante

218 3597 254 3661 ιι
279 3614 348 3663 nou
374 3598 536 3682 curante,
564 3599 601 3663 et
627 3577 832 3663 aestimatur
857 3591 956 3663 valor
983 3591 1134 3662 decimae
1159 3590 1354 3682 praefatae,
1383 3597 1548 3681 quantum
1573 3613 1638 3683 pro
1665 3611 1766 3682 prae·

218 3713 332 3784 banda
367 3711 587 3785 Cracoviensi
623 3710 796 3803 praefata,
833 3711 877 3783 ad
914 3713 1116 3802 octuaginta
1150 3731 1293 3782 marcas.
1333 3711 1420 3783 Item
1456 3716 1538 3782 sunt
1563 3711 1614 3783 ibi
1640 3703 1764 3801 viginti

218 3833 396 3924 tabernae,
423 3835 591 3905 babentes
619 3853 721 3923 agros
748 3832 924 3923 speciales,
952 3831 995 3904 de
1014 3832 1139 3922 quibus
1158 3831 1316 3903 omnibus
1333 3830 1499 3903 decimam
1517 3832 1765 3922 manipularem
1907 3877 1917 3889 -

219 3955 367 4045 percipit
393 3954 560 4044 plebanus
587 3960 624 4025 et
650 3953 796 4025 ecclesia
822 3952 951 4026 ibidem
976 3953 1013 4022 iu
1040 3951 1412 4043 Lanthkowicze,
1440 3958 1522 4024 sunt
1548 3953 1617 4025 duo
1643 3954 1765 4027 hortu·

219 4075 291 4145 faui
319 4073 363 4145 ad
389 4075 573 4166 plebanum
600 4075 825 4165 pertinentes,
851 4074 913 4146 sed
939 4073 1052 4145 nullos
1079 4073 1210 4145 babent
1237 4094 1349 4164 agros.
1376 4072 1443 4145 Est
1469 4075 1573 4146 etiarn
1591 4075 1642 4147 ibi
1660 4077 1765 4167 curia,

219 4195 353 4267 babens
380 4215 482 4286 agros
514 4195 723 4287 praediales,
751 4195 794 4267 de
822 4195 946 4287 quibus
973 4194 1105 4266 decima
1131 4195 1356 4285 manipularis
1383 4195 1530 4268 solvitur
1556 4182 1704 4286 plebano
1731 4204 1768 4269 et

221 4316 386 4389 ecclesiae
412 4316 590 4407 praefatae
617 4319 652 4388 in
680 4315 1051 4390 Lantbkowicze.

324 4437 413 4509 Item
430 4437 536 4509 habet
554 4439 699 4511 alteram
717 4438 967 4529 manipularem
985 4436 1151 4509 decimam
1170 4437 1206 4508 in
1223 4436 1585 4531 Klymyantbow,
1602 4439 1685 4512 uilla
1703 4439 1768 4512 sub

222 4559 387 4648 parochia
413 4560 578 4631 ecclesiae
605 4561 640 4630 in
668 4558 994 4648 Proszowiczc,
1021 4559 1117 4631 cuius
1143 4558 1340 4651 proprietas
1358 4565 1395 4632 et
1412 4560 1600 4634 dominium
1619 4562 1770 4653 pertinet

221 4680 265 4752 ad
291 4668 538 4757 monasterium
566 4681 877 4753 sanctimonialium
903 4681 938 4750 in
966 4679 1268 4773 Stanyatbky.
1294 4681 1335 4753 In
1354 4702 1423 4773 qna
1440 4688 1523 4754 sunt
1541 4683 1664 4773 viginti
1684 4703 1766 4772 qna-

221 4806 303 4874 tuor
329 4784 420 4874 lanei
447 4803 689 4892 cmethouales,
716 4802 759 4874 de
786 4801 910 4893 quibus
937 4802 1095 4874 omnibus
1121 4799 1270 4891 solvitur
1297 4801 1429 4875 decima
1455 4802 1679 4893 manipularis
1705 4822 1769 4892 pro

221 4923 419 5013 praebenda
444 4923 609 5015 praefata,
637 4928 674 4996 et
700 4922 838 4996 ducitur
864 4923 1014 5014 propriis
1042 4923 1200 4997 curribus
1226 4943 1290 5016 per
1316 4923 1516 4996 emethones
1544 4924 1579 4994 in
1606 4922 1770 4996 horreum

223 5061 245 5112 a
272 5043 436 5114 canonico
464 5042 654 5134 locandum,
680 5046 822 5135 praeter
848 5048 884 5115 et
901 5021 1053 5137 exceptis
1071 5044 1228 5134 partibus
1247 5045 1350 5115 certis
1369 5064 1541 5135 agrorum,
1560 5064 1648 5135 qnae
1667 5045 1771 5117 datae

223 5171 305 5236 sunt
331 5165 529 5256 praedictae
555 5164 658 5236 villae
685 5165 721 5237 in
748 5164 1021 5257 supplementum
1046 5167 1236 5254 laneorum,
1255 5165 1313 5255 qui
1340 5171 1508 5236 vocantur
1526 5163 1771 5262 przyrupurloy,

160 5281 162 5285 ⁴
224 5307 313 5376 quae
339 5285 576 5359 diversificant
560 5291 618 5359 tur
645 5287 680 5357 in
708 5273 793 5358 duas
812 5287 1027 5378 praebendas
1046 5287 1301 5375 Gracovienses,
1319 5285 1507 5357 videlicet
1464 5291 1533 5357 t1n
1551 5294 1771 5377 praesentem
1851 5370 1854 5378 ,

223 5406 457 5497 praebendam
492 5407 832 5497 Lantbkowslm,t
796 5413 832 5478 ιι
866 5408 902 5478 in
937 5406 1167 5508 praebendam
1204 5403 1468 5531 Gosczyczslra,
1486 5408 1536 5478 ita
1545 5408 1700 5499 ,quod
1704 5426 1773 5481 nna
1848 5420 1850 5424 '
1907 5498 1910 5505 ι

223 5527 430 5624 praebenda,
457 5549 525 5601 uno
553 5549 642 5602 anno
670 5528 818 5621 percipit
844 5527 1034 5623 aestivalia,
1060 5532 1098 5599 et
1123 5526 1234 5601 altero
1260 5548 1352 5599 anno
1376 5501 1557 5626 hyemalia.
1584 5529 1651 5603 Est
1636 5528 1728 5605 cetu
