4050 6054
230 476 321 588 404¹
410 490 412 497 '

231 719 419 810 dignitates
444 725 481 790 et
506 717 725 809 praebendae
751 718 916 789 ecclesiae
943 715 1129 808 praefatae,
1156 737 1198 789 ex
1216 716 1359 789 decimis
1386 720 1422 788 et
1449 716 1675 807 proventibus
1692 714 1778 788 dua·

229 861 307 911 rum
343 838 591 929 parochialium
625 837 865 929 ecclesiarum,
905 838 1075 910 videlicet·
1093 838 1309 910 Vislieiensis
1346 844 1382 909 ct
1411 838 1448 908 in
1475 836 1662 929 Ghotel,
1701 859 1778 909 cum

229 959 426 1032 Ohotlensis
453 960 616 1031 ecclesiae
643 960 828 1051 parochiae
864 959 1055 1050 amplitudo
1082 960 1117 1030 in
1145 959 1307 1030 milliaria
1337 959 1506 1049 quinque,
1541 956 1778 1050 infrequentes

230 1082 359 1153 etenim
385 1087 469 1153 tunc
495 1087 605 1171 erant,
632 1080 773 1152 Polonis
799 1087 958 1154 recenter
976 1082 1020 1152 ab
1039 1080 1203 1152 idolatria
1229 1080 1273 1151 ad
1300 1081 1379 1152 iura
1405 1080 1670 1152 christianitatis
1697 1101 1779 1154 con-

229 1204 348 1293 versis,
375 1203 569 1293 parochiae,
594 1203 812 1293 tendebatur,
838 1224 902 1294 pro
929 1202 1053 1276 maiori
1081 1208 1182 1294 parte
1207 1201 1372 1274 fundatae
1399 1208 1488 1274 sunt
1516 1201 1631 1274 Habet
1662 1208 1780 1275 autem

229 1322 447 1396 Vislieiensis
473 1323 620 1396 ecclesia
645 1328 795 1414 quatuor
820 1344 988 1414 personas
1023 1323 1097 1395 sive
1125 1323 1329 1415 dignitates,
1366 1322 1527 1395 videlicet
1561 1324 1780 1414 praepositu-

229 1465 314 1535 ram,
349 1446 553 1534 cantoriam,
590 1445 830 1517 scholastriam
858 1451 894 1517 ct
920 1445 1132 1535 custodiam,
1158 1451 1194 1517 et
1220 1450 1370 1535 quatuor
1396 1444 1612 1536 praebendas
1628 1447 1676 1517 'et
1701 1448 1780 1517 acto

230 1567 399 1657 vicerim,
434 1567 477 1637 de
505 1587 648 1657 quarum
686 1567 831 1657 singulis
867 1567 1010 1639 inferius
1046 1568 1081 1637 in
1108 1567 1193 1639 locis
1229 1566 1300 1638 suis
1333 1567 1551 1639 disseremus.
1595 1566 1782 1639 Fabricata

230 1694 346 1759 autem
373 1693 449 1758 erat
474 1686 632 1780 praefata
658 1686 875 1760 Vislieiensis
912 1687 1056 1759 ecclesia
1082 1708 1104 1758 a
1129 1687 1307 1778 primaeva
1338 1689 1391 1759 sui
1417 1687 1620 1760 fundatione
1648 1687 1779 1778 quadro

229 1808 354 1899 lapide,
383 1815 528 1899 anguste
555 1814 670 1881 tamen
698 1814 734 1880 et
761 1809 924 1900 obscure,
960 1830 1037 1880 cum
1073 1809 1186 1900 cripta
1217 1804 1446 1881 subterranea
1464 1811 1499 1880 in
1526 1809 1719 1899 priscorum
1745 1813 1782 1880 et

229 1930 435 2020 praesertim
463 1928 675 2001 Graecorum
703 1951 807 2001 more.
835 1928 1094 2001 Gasimirus
1120 1930 1261 2001 tandem
1288 1929 1479 2021 Secundus,
1514 1929 1680 2002 Poloniae
1707 1952 1781 2021 rex,

231 2051 289 2140 qui
316 2050 409 2121 illam
436 2050 603 2141 singulari
631 2052 864 2123 venerabatur
891 2051 1074 2124 devotione
1098 2057 1133 2122 ct
1152 2053 1297 2141 cultura,
1324 2072 1451 2142 parens
1469 2052 1559 2122 enim
1578 2072 1660 2123 suus
1686 2050 1780 2122 Vla-

230 2170 413 2244 dislaus
439 2170 638 2262 Laktek,
674 2170 982 2244 Venccslaum
1008 2171 1159 2263 fugiens,
1185 2170 1351 2244 Poloniac
1378 2177 1414 2243 et
1439 2173 1626 2244 Bohemiae
1654 2192 1780 2262 regem,

231 2297 266 2364 et
292 2293 327 2364 in
355 2294 468 2385 cripta
494 2292 586 2365 illius
605 2292 758 2383 latitanS,
785 2292 946 2384 imaginis
965 2293 1140 2365 cuiusdam
1159 2293 1290 2365 Beatae
1308 2292 1441 2365 Mariae
1459 2292 1616 2384 Virginis
1635 2314 1781 2384 puerum

231 2414 416 2486 baiulantis
444 2435 486 2485 ex
513 2418 615 2505 petra
641 2414 776 2485 nuditer
803 2411 995 2504 effigiatae,
1031 2415 1067 2484 in
1094 2415 1166 2485 suis
1201 2413 1503 2505 tribulationibus,
1539 2415 1569 2485 si
1596 2412 1678 2505 quid
1705 2415 1780 2486 veri

232 2541 332 2607 vetus
358 2536 465 2607 habet
491 2524 625 2625 relatio,
652 2535 781 2608 habere
808 2534 941 2606 solebat
977 2534 1127 2607 solantia
1153 2534 1248 2605 illum
1277 2534 1464 2627 colloquia,
1492 2534 1661 2625 angustiis
1687 2535 1783 2606 illius

231 2654 389 2746 abolitiS,
425 2676 549 2729 novam
577 2654 755 2727 ecclesiam
782 2656 818 2727 in
844 2655 920 2728 loco
947 2655 1056 2746 priori
1093 2657 1197 2727 ctiam
1225 2658 1278 2726 ex'
1295 2654 1411 2746 lapide
1438 2656 1588 2747 quadro,
1625 2656 1781 2727 iustioris
1822 2742 1833 2763 .

231 2782 345 2848 tamen
373 2777 578 2867 quantitatis
604 2776 794 2867 fabricavit,
824 2784 859 2848 ot
885 2777 921 2847 in
939 2777 1140 2849 memoriam
1167 2777 1351 2867 imaginem
1379 2778 1488 2867 ipsam
1515 2777 1575 2847 uni
1602 2776 1782 2848 columnae

232 2897 352 2990 affixit,
379 2919 447 2989 qua
473 2899 518 2970 ad
545 2899 716 2989 integrum
745 2905 980 2970 consummata
1006 2898 1159 2970 doluisse
1185 2898 1308 2989 fertur,
1335 2898 1427 2989 quod
1454 2897 1488 2969 in
1507 2898 1583 2971 loco
1605 2898 1718 2988 basso,
1745 2904 1784 2969 et

232 3040 302 3109 non
328 3021 363 3091 in
380 3038 443 3111 eo,
469 3021 593 3111 inquo
621 3024 675 3091 est
702 3020 809 3111 regia,
834 3020 1000 3092 fabricam
1027 3021 1101 3092 cius
1127 3020 1299 3111 posuerit,
1327 3026 1363 3091 et
1388 3019 1463 3091 loco
1486 3001 1625 3091 ¹meliori
1652 3041 1716 3112 pro
1744 3040 1784 3091 sc

230 3146 409 3214 reservato
446 3141 666 3214 devotionem
692 3142 767 3214 Deo
795 3143 1070 3232 consignaverit:
1107 3162 1175 3233 qua
1211 3141 1253 3212 de
1290 3162 1329 3212 rc
1356 3141 1570 3233 poenitentia
1604 3139 1777 3232 frequent'

231 3268 340 3354 actua,
367 3262 546 3334 ecclesiam
574 3263 642 3333 iam
669 3261 858 3353 perfectam
885 3262 1064 3352 demolire,
1092 3267 1128 3332 et
1154 3263 1190 3333 in
1218 3263 1315 3353 regia
1343 3283 1432 3334 novo
1460 3282 1564 3352 opere
1590 3261 1684 3332 illam
1711 3262 1781 3332 eri-

231 3403 314 3472 gere
340 3383 548 3473 destinabat,
575 3383 643 3455 nisi
670 3384 934 3456 saluberrimum
958 3384 1033 3456 eius
1051 3383 1265 3474 propositum
1285 3384 1484 3475 importuna
1500 3403 1782 3474 procerumcou·

232 3505 385 3595 sultntio,
412 3505 616 3595 verentium,
644 3526 687 3576 ne
715 3505 804 3576 diem
831 3507 950 3577 obiens
977 3504 1109 3576 fabrica
1127 3505 1393 3597 relinqueretur,
1420 3503 1548 3575 infecta
1575 3505 1781 3577 damnasset.

336 3624 492 3698 Ecclesia
518 3627 749 3724 Wisliciensis
776 3648 845 3698 non
872 3627 981 3698 solum
1002 3626 1194 3718 collegiata,
1213 3626 1273 3698 sed
1292 3631 1328 3698 et
1345 3626 1554 3717 parochialis
1572 3632 1636 3717 est,
1662 3646 1780 3698 curam

231 3748 363 3819 habens
390 3749 582 3819 animarum
608 3749 644 3818 in
671 3749 819 3819 vicarios
838 3747 1061 3819 Vislieienses
1088 3747 1280 3838 aequaliter
1302 3749 1478 3839 partitam,
1505 3749 1570 3819 snb
1597 3748 1694 3819 cuius
1719 3768 1783 3839 pa-

215 3870 353 3941 rochia
379 3870 535 3941 consistit
554 3869 717 3959 oppidum
736 3868 951 3960 Vislieiense,
970 3870 1058 3940 item·
1073 3870 1175 3941 villae
1194 3868 1551 3959 Konieczmoscze,
1569 3868 1781 3959 Kuchary,

98 3978 102 3985 ’
234 3989 566 4063 Wawrovvicze.

609 4288 612 4295 ·
690 4254 987 4362 Praepositum
1019 4252 1321 4339 Wisliciensis.

335 4478 496 4570 Dignitas
532 4498 591 4551 seu
624 4484 832 4569 personatus
867 4479 1067 4570 principalis
1103 4479 1138 4549 in
1166 4477 1311 4551 ecclesia
1345 4475 1519 4569 praefata,
1556 4496 1658 4568 quam
1690 4496 1782 4550 nunc
1854 4532 1859 4541 .

233 4604 369 4675 obtinet
393 4600 545 4672 lacobus
572 4601 972 4692 Dominikowsky,
1012 4600 1138 4672 nobilis
1166 4600 1337 4672 dedomo
1365 4598 1782 4690 Grzymalitarum,

232 4744 321 4816 quae
347 4743 412 4814 pro
439 4723 492 4794 sui
520 4722 601 4795 dote
626 4723 733 4794 habet
759 4723 794 4793 in
820 4720 927 4794 londo
955 4721 1041 4793 duas
1068 4721 1216 4812 villulas,
1242 4720 1405 4793 videlicet
1431 4719 1783 4791 Mistrzovvicne

233 4850 269 4916 et
295 4844 654 4938 Symonovvicze,
680 4850 716 4915 et
743 4843 858 4915 decem
880 4847 916 4914 et
934 4848 1012 4914 octo
1040 4842 1190 4914 decimas
1213 4841 1445 4932 manipulares
1472 4839 1562 4911 inira
1588 4843 1784 4927 annotatas.

337 4965 657 5055 Mususzowvczs,
684 4963 767 5036 villa
792 4965 906 5055 prima
932 4963 1027 5036 fundi
1055 4963 1317 5056 praepositurae
1331 4960 1570 5051 WisliciensiS,
1597 4960 1661 5033 sub
1679 4980 1784 5051 paro-

232 5088 311 5160 cbia
337 5086 502 5161 ecclesiae
530 5087 573 5158 de
599 5084 971 5177 Oppathowyecz
998 5084 1075 5174 sita,
1102 5084 1137 5154 in
1165 5104 1234 5175 qua
1254 5088 1310 5155 cst
1336 5083 1432 5154 curia
1460 5082 1644 5154 benacum
1662 5100 1781 5171 pome-

232 5211 304 5302 riis,
331 5210 443 5300 pratis
470 5214 506 5280 et
533 5207 709 5298 aedificiis,
735 5212 840 5297 atquc
870 5208 956 5296 gais.
1000 5206 1087 5277 Item
1115 5209 1169 5276 est
1204 5205 1252 5277 ibi
1288 5204 1468 5296 praedium
1494 5204 1622 5275 bonum
1649 5203 1783 5273 habens
1918 5250 1922 5255 -

231 5353 335 5421 agros
362 5332 480 5421 bonos,
507 5331 542 5400 in
570 5335 720 5421 quatuor
746 5348 886 5417 campos
913 5326 1109 5416 distinctos,
1145 5326 1187 5398 dc
1214 5326 1338 5417 quibus
1365 5324 1450 5397 nulli
1478 5323 1585 5398 solvit
1611 5323 1781 5395 decimam

231 5452 500 5544 manipularem,
535 5442 597 5523 se'd
623 5470 698 5522 eam
724 5470 790 5541 pro
817 5470 855 5521 se
881 5449 975 5521 tollit
1001 5454 1038 5521 et
1064 5450 1099 5520 in
1126 5448 1289 5521 horreum
1326 5446 1480 5537 inducit3
1515 5447 1597 5519 item
1623 5466 1688 5536 pro
1714 5456 1781 5522 atta
