4050 6054
1168 594 1174 625 ἒ
1683 505 1757 583 223

214 712 319 790 armis
345 638 669 810 D'fiszyui'ssin
696 716 794 791 cuius
812 725 913 809 parte
931 724 1013 789 sunt
1032 773 1039 788 .
1058 772 1065 788 .
1086 772 1094 788 .
1112 678 1266 815 ,βοὶ
1283 698 1518 791 matronales·
1537 721 1573 788 et
1591 716 1634 789 de
1652 719 1761 789 omni·

72 894 74 901 a
212 840 278 911 bus
305 840 399 929 agris
425 840 527 911 villae
553 838 729 930 praefatae
756 841 904 911 solvitur
920 845 957 910 et
975 840 1179 912 conducitur
1204 839 1336 921 decima
1361 837 1588 928 manipularis
1605 843 1642 908 et
1659 857 1761 909 cana·
1789 844 1791 851 '

211 957 303 1050 palis
330 980 392 1048 pro
419 960 524 1051 altari
549 958 584 1033 S.
611 958 741 1031 Crucis,

315 1078 514 1151 Notandum
540 1082 668 1169 autem,
692 1079 788 1172 quod
804 1079 916 1179 ⁴villae
944 1080 1217 1170 suprascriptae,
1252 1078 1415 1151 uidelicet
1440 1077 1761 1169 Krolyewiozo

210 1205 248 1273 et
284 1172 479 1283 cffltzl
541 1220 580 1290 a,
616 1205 722 1290 erant·
743 1198 827 1271 olim
857 1219 927 1270 una
961 1218 1039 1270 cum
1079 1168 1241 1270 decimis¹
1256 1196 1529 1288 manipularibus
1564 1219 1681 1270 aarum
1718 1198 1761 1270 de

210 1319 286 1390 inre
312 1325 349 1390 et
374 1312 471 1411 pro*
553 1326 588 1390 te
621 1320 940 1411 archiepiscopatus
967 1324 1003 1391 et
1029 1319 1193 1390 ecclesiae
1220 1317 1451 1408 Gneznensis,
1486 1319 1549 1410 sed
1575 1314 1761 1391 casimi-

210 1438 569 1531 rusSecuudns,
597 1440 761 1513 Poloniae
788 1462 861 1530 rex,
888 1461 947 1511 eas
970 1461 992 1510 a
1017 1439 1241 1511 Jaroslao
1268 1439 1311 1510 de
1338 1438 1620 1530 Skothuiky,
1647 1438 1761 1511 arabi-

210 1560 371 1651 episcopo
389 1568 473 1632 tuuc
490 1559 696 1652 Gneznensi,
713 1568 793 1633 'una
810 1580 887 1631 cum
906 1559 1047 1631 decimis
1064 1560 1337 1651 manipularibus
1356 1561 1552 1650 earundem,
1577 1538 1761 1651 capitulaii

197 1683 395 1754 accedente
412 1703 600 1772 consensu,
631 1678 1059 1785 datisuillistyenya
1089 1680 1389 1753 etMichalow
1419 1654 1528 1772 pro'pe
1559 1679 1761 1770 Galisch,

213 1802 250 1872 iu
268 1804 373 1874 terris
392 1800 540 1872 Maioris
573 1768 1055 1993 Polomepiscopo
1086 1798 1280 1901 Gneznensi
1310 1801 1346 1872 in
1376 1782 1632 1892 recompensam
1660 1823 1690 1873 a
1719 1802 1761 1873 D.

202 1956 208 1963 ·
237 1922 323 2019 lidii.
341 1922 562 2012 permutavit,
581 1927 617 1991 et
635 1900 701 1991 tim
864 1904 950 1990 ri'in
968 1920 1110 1992 titulum
1127 1919 1160 1992 S.
1178 1908 1297 1993 Crucis
1312 1923 1347 1991 in
1362 1908 1507 1993 ecclesia
1520 1919 1761 2013 Ormouicnsi,

218 2034 221 2039 ’
252 2136 256 2143 Ι
296 2040 451 2137 ''fdiotas
478 2040 564 2111 duas
591 2039 742 2111 decimas
768 2040 1003 2130 manipulares
1033 2042 1069 2111 in
1095 2040 1387 2114 Krolowioze
1415 2046 1451 2113 et
1477 2028 1759 2115 Chroszliiib

208 2140 246 2233 in
277 2178 301 2232 'e
390 2165 521 2232 sortem
555 2166 591 2232 et
617 2161 731 2232 dotem
768 2160 916 2232 contulit
950 2167 986 2233 et
1022 2162 1218 2252 inscripsit,
1256 2164 1471 2253 proprietate
1498 2163 1658 2236 villarum
1692 2162 1760 2259 albi

208 2286 418 2353 reservata*

548 2594 694 2678 Alione
727 2596 909 2680 Sanctae
941 2595 1195 2680 catharinae
1229 2601 1418 2704 primum.

309 2888 432 2960 Altare
457 2884 491 2959 S.
518 2883 729 2960 catharinae
763 2886 913 2978 primum
948 2887 1056 2962 habet
1092 2891 1129 2961 iu
1156 2850 1299 2962 eccl‘eff'a
1335 2888 1556 2962 cracoviensi
1592 2893 1757 2982 cupellam

133 2990 143 3009 ⁴
185 2992 392 3103 ‘stapriam
418 3010 455 3080 in
474 3007 599 3099 angulo
627 3028 748 3080 versus
766 3008 935 3083 orientem
963 3011 1144 3082 sacristiae
1170 3011 1367 3101 contiguam
1394 3012 1507 3103 sitam,
1535 3013 1627 3103 quod
1645 3012 1756 3084 Nan-

205 3130 365 3222 kerus,
400 3130 581 3220 episcopus
617 3126 876 3220 Graoovieu'sis,
911 3130 1038 3203 nobilis
1065 3132 1108 3203 de
1135 3132 1236 3203 domo
1263 3131 1375 3220 Oxa,
1411 3131 1455 3202 ad
1491 3115 1691 3204 instantiam
1719 3141 1755 3205 et

205 3251 305 3342 peti·
353 3271 409 3323 cm
427 3245 594 3341 'magistri
621 3248 868 3323 Cristanni
894 3253 1051 3323 canonici
1077 3249 1332 3342 Cracovicnsis,
1370 3252 1477 3322 etad
1504 3252 1579 3323 eius
1606 3253 1754 3325 dotatio·

203 3382 293 3443 uem·
346 3371 468 3443 ndavit
494 3392 524 3442 a.
550 3370 591 3442 D.
623 3372 747 3461 1325,
773 3371 829 3442 cui
856 3371 994 3462 quidem
1021 3370 1124 3443 altari
1149 3371 1326 3463 praelatus
1357 3372 1524 3462 magister
1551 3371 1608 3443 Gr
1740 3415 1754 3427 -

205 3513 287 3564 uus
312 3481 462 3686 wit
477 3493 514 3563 iu
532 3492 648 3564 dotem
675 3491 762 3563 duos
788 3492 911 3563 hortos
938 3472 1281 3703 simmmbio
1304 3493 1458 3563 civitatis
1486 3358 1754 3684 Οιιῶ,

203 3634 310 3685 unum
374 3614 377 3619 ’
454 3619 600 3704 portam,
628 3633 715 3703 quae
742 3594 1037 3683 slawkoviensiss
1156 3617 1249 3702 atur,
1276 3633 1298 3684 a
1324 3604 1378 3684 d'
1428 3612 1436 3629 ⁸
1483 3614 1597 3684 eundo
1613 3620 1645 3684 'a
1703 3634 1755 3684 ιι-

203 3739 276 3863 ima
302 3734 491 3825 praedicta,
511 3754 554 3805 ex
572 3732 732 3824 opposito
760 3732 826 3804 loci
853 3733 956 3822 illius,
984 3714 1233 3824 quiquoniam
1260 3730 1383 3804 diceba
1458 3720 1754 3833 'Byalyaufye-

203 3875 295 3945 sna,
322 3856 453 3946 inquo
481 3853 693 3946 episcopales
720 3852 815 3924 horti
840 3852 946 3924 locati
973 3858 1065 3941 sunt,
1102 3857 1253 3941 emptum
1280 3850 1324 3924 ab
1351 3851 1523 3924 Hankone
1550 3850 1752 3943 Vinrici,

202 3962 277 4047 cive
303 3972 542 4065 Cracovieusi,
577 3995 642 4065 pro
670 3973 864 4064 quindecim
890 3973 1016 4043 marcis
1048 3971 1198 4043 latorum
1223 3992 1443 4062 grossorum
1480 3973 1627 4045 alterum
1654 3972 1753 4047 iuxta

202 4074 539 4186 Rupellam-seu
566 4094 746 4166 ecclesiam
781 4093 814 4164 S.
841 4092 1041 4185 Michaelis,
1078 4112 1179 4187 quem
1214 4093 1282 4165 emi
1308 4088 1422 4186 'apud
1449 4093 1591 4165 Petrum
1628 4072 1791 4195 Giufi&

202 4216 415 4306 advocatum,
441 4234 506 4305 pru
533 4222 611 4288 octo
638 4215 764 4287 marcis
788 4206 948 4286 denario'
1034 4188 1162 4303 ¹{fiper
1188 4180 1280 4304 ὦ·
1329 4194 1483 4291 14ἅίιιιοιιιι
1511 4223 1548 4286 et
1574 4216 1707 4287 dotatio
1756 4198 1773 4243 ‘²
1828 4206 1831 4211 ’

201 4336 352 4409 habetur
377 4318 595 4427 privilegidn
613 4298 763 4426 ostiola
789 4334 826 4406 iu
852 4334 990 4407 aerario
1072 4335 1234 4425 noviensi,
1261 4300 1457 4427 dispo‘fflns,
1484 4337 1577 4426 quod
1602 4333 1751 4425 praefati

130 4543 133 4548 ¹
202 4456 324 4529 altaris
350 4457 489 4529 collatio
504 4456 544 4529 'et
561 4457 715 4547 provisio
734 4456 777 4526 ad
797 4448 988 4545 capisslum
1006 4453 1233 4526 Gracoviense
1252 4455 1377 4529 debeat
1399 4457 1584 4547 pertinere,
1604 4463 1641 4526 et
1658 4455 1751 4546 quod

201 4599 270 4652 non
297 4578 424 4651 debeat
440 4578 544 4650 alteri
562 4577 720 4668 conferri,
748 4578 815 4647 nisi
833 4577 894 4648 uni
1023 4580 1030 4595 ‘
1072 4576 1113 4646 ”s
1132 4575 1427 4667 Cracovieusibus,
1456 4578 1614 4667 obligans
1632 4575 1751 4646 altari·

73 4752 78 4760 .
200 4705 290 4770 stam
317 4699 362 4770 ad
387 4720 491 4771 unam
528 4699 667 4769 missam
704 4696 864 4770 delimato
1080 4697 1124 4767 lis
1163 4698 1364 4789 septimanis
1396 4699 1432 4769 in
1458 4697 1648 4769 remedium
1675 4696 1750 4767 ani-

199 4839 334 4890 marum
352 4825 389 4891 et
406 4817 554 4909 praefati
573 4817 764 4890 Cristan
775 4818 819 4889 ui
845 4796 1017 4889 dotatm'is
1034 4816 1231 4909 legendam3
1248 4824 1347 4891 tenet
1363 4818 1455 4931 *nc
1472 4818 1597 4889 Petrus
1615 4814 1749 4908 Sum·-

199 4938 324 5011 thlik
351 4939 394 5011 de
419 4938 860 5028 Mochocin,vica1ius
887 4944 924 5010 et
949 4937 1141 5010 vicecustos
1228 4936 1418 5010 niensis.
1633 4938 1644 4965 ‘¹

302 5059 501 5133 Notandum
527 5066 653 5149 autem,
680 5058 773 5149 quod
798 5060 835 5130 in
861 5058 937 5131 loco
964 5060 1068 5150 primi
1093 4937 1456 5163 hortaepraeurbio
1482 5057 1634 5130 civitatis
1653 5056 1747 5130 Cra·

199 5182 379 5270 coriae,
406 5188 442 5252 et
468 5180 567 5275 iuxta
592 5187 738 5270 portam,
767 5200 855 5270 qnae
872 5179 1067 5252 Slawkovie
1110 5178 1139 5249 is
1166 5178 1294 5250 dicitur
1311 5177 1380 5269 siti,
1406 5177 1540 5250 locatae
1566 5185 1649 5251 sunt
1665 5200 1746 5270 pro·

233 5288 239 5299 ”
273 5322 298 5373 u
323 5303 508 5393 temporis,
535 5308 572 5373 et
598 5301 803 5391 praesertim
837 5308 1020 5392 postquam
1131 5312 1220 5433 ιι,
1233 5291 1433 5389 Kleparz¹
1467 5296 1649 5372 fundatum
1677 5307 1746 5391 est,

168 5320 347 5549 &nor
373 5422 505 5512 domus,
532 5444 618 5515 quae
638 5429 720 5495 sunt
737 5421 894 5513 praefato
921 5421 1026 5493 altari
1051 5416 1229 5492 censuales
1247 5426 1284 5492 et
1300 5420 1517 5513 tributariae,
1542 5427 1745 5497 uuaautem
