4050 6054
307 466 380 547 386

305 703 374 754 non
401 686 482 753 sunt
507 680 557 752 ibi
583 679 758 769 tabernae,
785 700 855 761 non
882 684 964 750 sunt
990 675 1227 765 hortuloniae3
1262 675 1344 748 item
1363 672 1530 780 praefata
1556 673 1755 766 praebenda
1780 671 1864 767 My-

305 802 459 874 dlowska
486 821 555 872 non
582 800 688 872 habet
715 799 862 890 domum,
889 819 1000 890 neque
1028 816 1145 869 aream
1171 798 1208 868 in
1226 795 1523 869 Sandomiria
1550 797 1643 869 circa
1669 795 1859 869 ecclesiam.

407 921 495 992 Item
522 918 678 1011 praefata
704 919 903 1010 praebenda
928 918 1139 991 Midlowska
1164 919 1263 991 iuxta
1288 923 1447 1010 regestra
1473 938 1564 990 nova
1591 923 1626 989 et
1653 923 1774 990 vetera
1802 922 1892 1015 ta·-

305 1048 388 1114 xata
415 1047 469 1113 est
495 1039 539 1112 ad
568 1039 686 1112 decem
712 1060 857 1112 marcas.

731 1232 1029 1385 lliooouatodia
1063 1301 1431 1384 Sandomiriensis.
1528 1306 1530 1313 ’

410 1521 476 1596 Est
502 1524 539 1594 in
566 1523 711 1595 ecclesia
739 1523 1010 1596 Sandomiriensi
1037 1522 1270 1596 vioecustodia
1292 1527 1470 1614 perpetua,
1497 1521 1609 1612 magis
1635 1519 1785 1595 officium
1803 1541 1860 1592 re-

309 1644 438 1736 dolens,
466 1665 569 1736 quam
596 1651 831 1735 personatum
857 1644 1022 1717 ecclesiae
1040 1646 1131 1716 enim
1149 1643 1439 1743 Sandomiriensis
1458 1630 1623 1714 'cumnilia
1640 1642 1745 1716 habet
1767 1642 1861 1714 vicc-

308 1773 425 1839 custos
462 1765 753 1838 Sandomiriensis
780 1786 843 1856 pro
870 1772 1025 1856 tempore
1051 1767 1087 1837 i'n
1115 1786 1179 1837 sua
1205 1771 1399 1855 potestate,
1425 1765 1593 1855 regimine
1618 1769 1654 1837 et
1680 1761 1861 1851 custodia3

307 1887 391 1959 item
418 1892 454 1958 et
482 1885 697 1958 sanctuarios
725 1887 761 1956 in
789 1907 851 1959 sna
872 1888 1130 1977 gubernatione
1163 1893 1202 1958 et
1227 1876 1410 1976 disciplina
1436 1884 1713 1975 habere-debet,
1749 1882 1861 1955 almu-

308 2008 418 2079 ciatus
455 2027 591 2098 quoque
627 2008 805 2098 incedere,
842 2027 961 2079 vocem
988 2008 1024 2079 in
1052 2008 1203 2098 capitulo
1239 2007 1369 2083 habere
1400 2026 1468 2077 non
1496 2014 1536 2078 ut
1563 2005 1761 2096 praelatus,
1797 2009 1862 2075 aut

307 2128 511 2218 canonicus,
540 2127 600 2198 sed
627 2133 666 2198 ut
692 2128 849 2198 notarius
886 2128 1107 2219 capitularis,
1143 2129 1204 2199 sed
1231 2132 1267 2197 et
1292 2128 1398 2197 horas
1425 2132 1610 2199 nocturnas
1643 2131 1678 2197 et
1705 2125 1859 2215 diurnas,

307 2254 512 2339 caeteraque
538 2248 775 2320 ecclesiastica
801 2248 914 2320 officia
941 2269 1017 2319 omn
1045 2249 1192 2321 caeteris
1228 2248 1368 2321 vicariis
1394 2268 1457 2338 per
1484 2267 1540 2338 se,
1581 2246 1635 2318 vel
1663 2244 1859 2335 paralium

173 2346 180 2353 ’
308 2369 456 2460 explere,
483 2369 600 2440 vinum
628 2376 664 2439 et
690 2389 797 2458 panos
825 2369 991 2442 azimatos
1018 2390 1082 2459 pro
1110 2370 1273 2441 universa
1299 2368 1445 2439 ecclesia
1461 2365 1732 2438 Sandomiriensi
1750 2364 1860 2435 admi-

306 2488 458 2560 nistrare
486 2489 672 2561 consuevit.
698 2488 856 2561 Provisio
884 2495 1018 2581 autern,
1055 2489 1201 2579 collatio,
1229 2495 1265 2560 et
1291 2488 1433 2580 quaevis
1460 2488 1639 2578 praefatae
1665 2489 1857 2561 ricecusto-

308 2609 386 2680 diae
413 2608 594 2699 dispositio
622 2610 667 2681 ad
694 2608 882 2700 capitulum
909 2611 1147 2682 tantummodo
1175 2609 1452 2681 Sandomiriense
1480 2615 1615 2699 spectat
1640 2614 1678 2680 et
1703 2609 1858 2700 pertinet

306 2728 419 2821 pleno,
447 2731 538 2821 quod
566 2736 706 2802 tenetur
732 2729 777 2802 ad
804 2728 953 2802 officium
979 2730 1177 2802 huiusmodi
1204 2732 1316 2803 virum
1344 2731 1528 2821 probatum
1554 2730 1695 2821 eligere,
1720 2735 1758 2802 et
1788 2727 1857 2799 loci

306 2851 484 2921 ordinario
519 2850 771 2922 instituendum
806 2857 1040 2941 praesentare,
1067 2852 1097 2922 is
1123 2872 1215 2923 nnnc
1242 2858 1297 2923 est
1324 2851 1484 2923 Andreas
1519 2850 1562 2923 de
1588 2850 1859 2940 Mlosaowa,
1910 2925 1921 2932 .
1994 2830 2005 2840 ’

263 2975 265 2979 ’
306 2970 559 3075 vicecustodiae
587 2977 703 3043 autem
729 2969 908 3061 praefatae
934 2979 1124 3061 proventus
1152 2979 1233 3043 sunt
1260 2973 1481 3062 infrascripti.

410 3090 727 3181 Znaarnowrozn,
753 3091 837 3164 villa
855 3093 919 3164 sub
937 3092 1103 3183 parocbia
1121 3093 1285 3165 ecclesiae
1313 3093 1356 3165 de
1384 3092 1637 3184 Trzesnya,
1665 3099 1701 3164 et
1726 3092 1762 3163 in
1780 3089 1860 3182 ripa

306 3210 455 3283 fluminis
481 3211 647 3284 Vislae
674 3213 752 3303 sita,
779 3218 962 3304 utramque
989 3214 1144 3285 retinens
1170 3214 1303 3304 ripam,
1340 3215 1436 3286 cuins
1463 3214 1658 3304 proprietas
1686 3218 1722 3285 et
1747 3211 1859 3284 domi-

305 3334 400 3404 nium
426 3334 582 3423 plenarie
609 3332 653 3405 ad
680 3322 949 3406 vioeenstodiam
975 3333 1290 3406 Sandomiriensem
1313 3335 1480 3426 pertinet,
1507 3334 1543 3405 in
1571 3355 1638 3425 qua
1665 3340 1747 3407 sont
1773 3350 1859 3424 qua-

306 3460 388 3525 tuor
414 3452 506 3524 lanei
533 3454 777 3544 emethonales,
805 3474 950 3545 qnorum
978 3454 1123 3545 quilibet
1147 3476 1213 3545 pro
1240 3475 1355 3527 annuo
1383 3476 1486 3527 censu
1513 3455 1618 3526 solvit
1644 3438 1857 3527 vicecustodi

307 3580 385 3646 octo
413 3579 552 3664 scottos,
579 3574 726 3665 triginta
751 3595 818 3646 ova
844 3582 880 3645 et
899 3575 984 3646 duos
1011 3575 1133 3666 gallos3
1160 3597 1279 3647 caseos
1298 3596 1366 3647 non
1386 3576 1535 3665 solvunt,
1562 3595 1675 3666 neque
1701 3593 1856 3647 avenam.

305 3694 394 3766 Item
421 3694 457 3765 in
482 3694 603 3769 eadem
630 3694 714 3767 villa
740 3699 794 3767 est
820 3695 1000 3785 praedium
1026 3696 1175 3786 speciale
1195 3696 1433 3788 vicecustodis,
1463 3696 1505 3768 de
1533 3697 1631 3768 cuius
1658 3697 1754 3786 agris
1770 3694 1859 3766 nulli

306 3816 411 3888 solvit
437 3794 604 3888 decimam
636 3815 905 3907 manipularem,
940 3814 1000 3887 sed
1027 3836 1103 3887 eam
1130 3816 1224 3888 solus
1259 3818 1408 3907 percipit
1433 3823 1469 3888 et
1494 3818 1531 3887 in
1558 3817 1721 3888 horreum
1757 3794 1861 3910 snum

306 3936 448 4024 inducit3
475 3936 559 4007 item
587 3937 664 4026 agri
696 3937 912 4009 emethonum
940 3937 976 4008 in
1002 3937 1174 4010 solutione
1201 3937 1353 4010 decimae
1379 3936 1605 4027 manipularis
1632 3935 1857 4009 diversificati
1954 3996 1958 4005 .

307 4061 405 4146 sunt,
432 4076 511 4126 nam
548 4056 591 4126 de
620 4057 713 4146 agris
741 4056 934 4130 iacentibus
969 4078 1091 4129 versus
1126 4058 1245 4131 villam
1280 4059 1544 4151 Trzesznya
1578 4057 1726 4148 percipit
1761 4056 1857 4129 illam

307 4176 452 4248 ecclesia
479 4176 687 4266 parochialis
717 4178 753 4247 in
780 4176 1033 4270 Trzesnya,
1061 4180 1103 4250 de
1130 4180 1224 4270 agris
1252 4200 1335 4251 vero
1363 4180 1456 4250 circa
1482 4178 1599 4251 villam
1626 4177 1856 4270 Zarzyko-

306 4300 445 4370 wione
479 4298 573 4387 sitis,
600 4297 750 4395 percipit
784 4298 880 4369 illam
905 4299 1224 4393 vicepraepositura
1250 4299 1559 4390 Sandomiriensis;
1595 4299 1678 4370 item
1705 4298 1857 4371 confinat

307 4438 383 4492 curn
411 4418 693 4509 Trzesznya,
727 4417 1036 4511 Wyelyauies
1063 4427 1099 4491 et
1124 4420 1407 4513 Nabrzesze,
1445 4426 1480 4492 et
1505 4413 1634 4511 ubique
1661 4421 1769 4511 signa.

302 4581 304 4584 Δ
409 4539 600 4630 Prnrrnnr,
627 4538 711 4612 villa
729 4540 793 4612 snb
810 4541 975 4631 parochia
992 4540 1157 4613 ecclesiae
1184 4540 1227 4613 de
1253 4539 1500 4614 Obraszow
1526 4542 1604 4632 sita,
1630 4540 1856 4613 cuiusdomi-

305 4661 401 4732 nium
428 4659 698 4733 diversificatum
725 4667 796 4751 est,
831 4682 912 4732 nam
939 4661 1098 4733 custodia
1123 4660 1414 4737 Sandomiriensis
1439 4663 1548 4735 habet
1573 4647 1610 4733 in
1636 4681 1679 4735 ea
1706 4666 1857 4752 quatuor

305 4780 425 4854 laneos
452 4789 489 4854 et
514 4802 618 4854 unam
644 4782 837 4872 tabemam3
864 4782 1062 4874 praebenda
1087 4781 1378 4856 Sandomiriensis
1405 4784 1499 4855 dieta
1523 4782 1729 4874 Pyekarska
1749 4783 1858 4855 babet

306 4902 343 4974 in
370 4923 412 4974 ea
438 4902 525 4975 duos
551 4902 670 4975 laneos
703 4901 955 4994 emethonales,
991 4903 1051 4994 qni
1078 4903 1251 4995 quondam
1287 4906 1388 4976 erant
1421 4903 1635 4996 praediales,
1661 4911 1698 4975 et
1722 4903 1857 4976 vicaria

306 5023 460 5096 eiusdem
486 5022 706 5115 praebendae
733 5008 1022 5096 Sandomiriensis
1052 5023 1256 5115 Pyekarska
1281 5025 1387 5098 habet
1413 5025 1449 5096 in
1475 5045 1518 5097 ca
1544 5025 1631 5098 dnos
1658 5024 1856 5097 cm'etbona-

306 5143 367 5237 les,
392 5165 558 5236 praesens
585 5151 701 5217 autem
729 5143 961 5217 vicecustodia
986 5143 1274 5218 Sandomiriensis
1299 5146 1407 5218 habet
1424 5147 1460 5219 in
1478 5166 1520 5218 ea
1537 5128 1611 5219 fres
1628 5146 1747 5218 laneos
1765 5165 1856 5218 ome-

307 5264 478 5357 thonalea,
504 5287 526 5337 a
552 5265 661 5337 laneis
688 5264 861 5356 custodis,
889 5264 1045 5337 canonici
1064 5271 1108 5338 ,ct
1133 5265 1256 5338 vicarii
1282 5266 1485 5358 distinctos,
1522 5288 1609 5358 quos
1635 5267 1719 5339 olim
1746 5266 1855 5339 Tbe-

302 5370 529 5457 odoricus¹
550 5385 743 5459 vicecnstos
761 5389 798 5457 et
815 5383 983 5479 plebanus
1002 5385 1038 5457 in
1056 5383 1330 5495 Sczeglicze
1356 5388 1508 5479 propriis
1536 5386 1732 5478 sumptibus
1758 5386 1853 5477 apud
