4050 6054
1627 413 1629 417 ⁴
1679 420 1752 491 343

116 661 119 669 ·
204 616 320 694 omnia
346 626 450 711 prata
477 621 594 693 curiae
619 621 843 710 falcastrant,
870 626 1035 710 rastrant,
1056 610 1229 711 ‘colligunt
1256 626 1292 692 et
1318 620 1500 693 deducunt.
1543 621 1632 694 Item
1660 624 1754 695 ordi·
1785 663 1789 672 ·

205 743 301 814 narie
327 742 453 814 brasoa
478 742 609 814 faciunt
635 764 699 833 pro
727 744 823 814 curia
849 749 885 812 ct
912 743 1095 813 cerevisias
1117 742 1277 829 braxant,
1304 743 1387 812 item
1413 748 1569 831 tempore
1596 744 1690 814 veris
1716 750 1754 816 et

136 941 137 944 Ἴ
195 843 349 934 “aestatis
370 870 440 953 'pro
466 864 674 934 necessitate
702 863 818 934 curiae
845 862 1003 953 gramina
1037 860 1248 952 falcastrant,
1275 868 1312 932 et
1338 862 1374 932 in
1401 862 1532 932 curiam
1558 841 1754 952 deducunt,

112 1033 114 1036 -
147 1028 149 1031 v
205 983 288 1053 item
315 988 416 1054 natas
443 968 547 1074 rapas
575 982 759 1072 effodiunt,
796 982 970 1053 deducunt
997 988 1033 1053 et
1059 982 1195 1071 egestis·
1212 980 1316 1053 fossis
1344 988 1559 1071 conservant,
1587 988 1623 1054 ct
1650 1003 1755 1073 quae·

204 1104 290 1175 libet
315 1102 463 1174 mediam
489 1124 640 1175 maroam
669 1103 773 1175 solvit
799 1124 862 1193 pro
890 1122 1005 1190 censu;
1032 1103 1115 1173 item
1143 1103 1239 1173 curia
1265 1103 1396 1191 optima
1414 1108 1449 1172 et
1467 1102 1647 1192 praedium
1665 1104 1755 1192 opti·

204 1244 314 1313 mum,
350 1224 433 1294 item
459 1224 554 1295 lacus
591 1225 715 1296 uberes
752 1223 905 1294 custodis
933 1222 1080 1307 invilla
1116 1222 1245 1293 eadem.
1288 1221 1377 1293 Item
1397 1223 1624 1325 tertiaapars
1650 1223 1754 1294 villae

203 1342 301 1414 Petri
336 1343 595 1436 Byelinsky
631 1345 674 1416 de
709 1344 815 1414 armis
852 1343 1154 1431 Thaurorum,
1190 1343 1249 1431 qui
1284 1341 1391 1413 habet
1426 1342 1475 1413 ibi
1502 1342 1683 1432 praedium
1715 1348 1767 1413 et,

103 1539 118 1564 ,ἱ
203 1464 322 1537 laneos
349 1463 591 1552 emethonales,
618 1471 655 1535 et
680 1463 767 1537 hmo
793 1484 869 1534 cum
896 1470 990 1534 sorte
1018 1462 1168 1533 custodis
1195 1482 1259 1551 per
1276 1462 1434 1551 scopulos
1461 1462 1496 1532 in
1524 1468 1620 1532 terra
1637 1468 1673 1532 et
1689 1481 1753 1553 per

204 1585 301 1675 palos
328 1584 364 1654 in
391 1562 544 1674 lacubus,
571 1585 614 1655 de
641 1604 709 1674 quo
734 1584 884 1655 habetur
910 1582 1028 1653 littora
1054 1582 1295 1654 Vladislai
1322 1581 1523 1653 Secundi
1550 1583 1615 1653 sub
1638 1581 1752 1672 sigillo

203 1705 405 1794 maiestatis,
432 1705 597 1776 distincta
623 1710 687 1792 est3
714 1704 798 1774 item
825 1702 1122 1793 agripraediales
1150 1703 1314 1792 custodis,
1342 1703 1427 1772 item
1453 1702 1646 1790 praediales
1664 1702 1754 1774 mili·

202 1832 314 1914 tatts,
351 1826 433 1896 item
460 1826 537 1915 agri
568 1823 803 1896 cmethonales
830 1829 867 1894 et
893 1822 1091 1894 tabemales
1129 1824 1269 1894 solvunt
1305 1823 1470 1927 decimam
1505 1822 1754 1913 manipularem

202 1946 366 2017 ecclesiae
393 1945 585 2036 parochiali
612 1945 738 2016 ibidem
765 1944 802 2013 in
829 1942 1038 2014 Swirsze.
1064 1943 1153 2013 Item
1179 1944 1216 2013 in
1243 1942 1364 2014 eadem
1391 1941 1474 2013 villa
1500 1940 1635 2033 proprii
1661 1962 1751 2014 orna-

206 2067 331 2138 thones
358 2072 395 2137 et
409 2065 481 2138 ‘alii
508 2066 666 2137 extranei
693 2065 735 2135 de
763 2064 884 2135 vicinis
920 2063 1011 2134 villis
1046 2063 1176 2138 habent
1203 2063 1374 2134 mellifioia
1400 2063 1437 2133 in
1463 2063 1558 2133 boris
1585 2063 1752 2152 custodis,

204 2193 240 2258 et
266 2187 475 2277 proveniunt
501 2186 544 2257 de
571 2186 672 2257 melle
698 2205 763 2275 pro
791 2183 933 2255 custode
961 2184 1089 2273 decem,
1117 2184 1301 2274 aliquando
1328 2183 1474 2272 amplius
1502 2203 1618 2254 urnae.

307 2306 499 2395 Prnuanr,
516 2306 676 2392 villasub
689 2305 856 2395 parochia
870 2305 1033 2375 ecclesiae
1047 2305 1083 2374 in
1096 2302 1336 2376 Obrzaszow
1354 2304 1437 2393 sita,
1455 2304 1552 2374 culus
1565 2278 1752 2374 dominium
1856 2293 1858 2295 ’

201 2425 471 2497 diversificatum
497 2431 569 2515 est,
604 2446 684 2495 nam
710 2425 868 2496 custodia
894 2424 1181 2495 Sandomiriensis
1209 2424 1315 2494 habet
1341 2424 1377 2493 in
1396 2443 1438 2493 ea
1455 2428 1603 2513 quatuor
1630 2423 1749 2495 laneos

203 2545 454 2634 emethonales,
485 2565 631 2636 quorum
658 2545 803 2636 quilibet
829 2546 933 2616 solvit
961 2544 1097 2616 custodi
1127 2565 1191 2634 pro
1217 2562 1324 2615 censu
1351 2564 1464 2614 annuo
1491 2543 1577 2614 duas
1603 2526 1748 2634 marcas,

203 2671 352 2755 quatuor
368 2666 495 2756 gallos,
522 2666 669 2756 triginta
686 2686 769 2754 ova,
788 2686 857 2737 non
874 2665 1005 2737 faciunt
1022 2666 1178 2757 labores,
1195 2685 1266 2737 non
1284 2665 1370 2735 dant
1388 2684 1524 2753 caseos,
1541 2685 1652 2754 neque
1670 2685 1751 2736 ave-

201 2805 294 2874 nam3
308 2785 655 2876 praediumcustodis
669 2786 718 2858 ibi
731 2792 793 2856 est.
819 2786 907 2857 Item
917 2786 1064 2877 praefati
1080 2786 1330 2878 quatuorlanei
1340 2784 1493 2857 custodis
1507 2784 1646 2856 solvunt
1659 2783 1751 2856 deci·

113 2937 117 2943 ,
200 2925 291 2976 mam
308 2906 558 2996 manipularem
576 2907 872 2978 archidiaconatui
890 2906 1175 2997 Sandomiriensi,
1201 2908 1286 2978 item
1303 2907 1450 2978 taberna
1476 2906 1513 2976 in
1531 2906 1614 2977 villa
1632 2904 1753 2976 eadem

181 3025 332 3097 babens
359 3047 462 3116 agros
489 3027 660 3116 custodis,
689 3048 777 3117 quae
804 3028 909 3098 solvit
935 3049 999 3118 pro
1027 3048 1131 3099 censu
1162 3048 1276 3099 annuo
1304 3027 1438 3099 custodi
1469 3048 1573 3098 uuam
1600 3015 1784 3096 marcam'

200 3150 236 3214 et
262 3165 323 3216 sex
349 3166 508 3234 grossos;
543 3147 627 3216 item
653 3146 852 3235 praebenda
879 3146 1168 3218 Sandomiriensis
1194 3146 1416 3238 Pyekarska,
1451 3147 1557 3217 habet
1583 3146 1634 3217 ibi
1660 3145 1746 3216 duos

200 3262 319 3335 laneos
345 3263 584 3334 emethonibus
601 3264 752 3354 locatoS,
779 3266 839 3355 qui
857 3267 1037 3366 'quondam
1055 3274 1155 3339 erant
1173 3243 1385 3357 praediales,
1409 3267 1492 3337 item
1511 3265 1643 3338 vicaria
1659 3264 1750 3361 aius·
1808 3275 1814 3289 “
1841 3339 1845 3345 ,

201 3383 279 3454 dem
305 3383 523 3473 praebendae
551 3384 656 3454 etiam
674 3384 781 3456 habet
816 3385 865 3456 ibi
883 3385 970 3457 duos
996 3387 1116 3459 laneos
1144 3387 1211 3459 sibi
1238 3386 1433 3476 censuales,
1461 3392 1497 3457 et
1514 3366 1751 3458 vicecusto'dia

201 3504 305 3574 etiam
331 3503 381 3575 ibi
406 3503 514 3576 habet
539 3509 611 3576 tres
638 3503 757 3577 laneos
784 3505 971 3577 censuales.

240 3833 323 3925 w
708 3765 910 3848 Decimae
943 3768 1238 3874 manipulares.

302 3988 462 4080 Jnnuun,
489 3986 573 4060 villa
599 3987 731 4060 habens
758 3988 937 4061 eeclesiam
964 3988 1112 4079 ligneam
1135 3958 1369 4081 parochialem
1388 3990 1424 4061 in
1443 4011 1500 4081 se,
1528 3989 1573 4062 ad
1590 3987 1752 4062 illustria·

200 4111 322 4182 simum
349 4111 513 4182 Poloniae
545 4130 663 4200 regem
690 4110 885 4200 pectinem,
920 4111 956 4181 in
984 4117 1161 4200 quasnnt
1195 4111 1296 4183 multi
1323 4112 1434 4202 campi
1473 4115 1509 4181 et
1535 4110 1635 4181 multi
1661 4129 1754 4181 ome·

197 4231 323 4304 thanes
348 4252 389 4303 ao
416 4231 541 4320 coloni,
577 4250 723 4320 quorum
749 4230 786 4302 iu
812 4230 930 4302 laneos
957 4231 1050 4321 agri,
1086 4231 1165 4322 plus
1191 4231 1283 4302 enirn
1309 4233 1510 4303 venatoriae
1537 4231 1621 4320 arti,
1649 4251 1751 4321 quam

200 4351 360 4441 agrariae
397 4356 520 4421 extant
547 4350 675 4439 dediti,
710 4372 780 4422 non
807 4358 890 4422 sunt
917 4351 1081 4423 distincti.
1119 4350 1209 4424 Item
1235 4351 1401 4423 tabernae
1428 4351 1558 4422 multae
1569 4351 1752 4423 habentes

85 4525 92 4534 a
198 4491 318 4561 agros,
345 4471 428 4540 item
445 4470 623 4543 hortulani
640 4471 746 4544 etiam
772 4471 873 4542 multi
891 4471 1058 4543 habentes
1078 4491 1200 4563 agros,
1227 4466 1414 4562 de'quibus
1433 4471 1591 4543 omnibus
1617 4472 1749 4571 oham

199 4591 425 4663 diminutione
451 4589 585 4660 decima
609 4591 853 4682 manipularis,
885 4598 927 4665 et
952 4613 1015 4683 per
1043 4599 1193 4683 quatuor
1227 4593 1366 4699 ierugas
1399 4592 1575 4686 canapalis
1589 4580 1753 4789 'w

195 4712 374 4794 custodiae
409 4709 697 4802 Sandomirieusi,
732 4716 768 4785 et
793 4712 926 4785 dnormt
950 4732 1028 4784 earn
1056 4714 1257 4785 emethones
1294 4713 1331 4783 in
1358 4714 1526 4784 horreum
1554 4730 1594 4783 a*
1630 4704 1650 4811 J
1688 4806 1691 4811 Ι
1723 4732 1745 4813 p

170 4862 174 4872 ·
197 4831 379 4905 locandum
405 4835 441 4902 et
457 4831 555 4903 valor
572 4831 646 4901 eius
663 4832 869 4905 aestimatur
884 4831 930 4903 ad
947 4805 1072 4922 viginti
1089 4825 1238 4941 (muer
1264 4814 1408 4927 mestas.
1447 4833 1536 4903 Item
1562 4830 1743 4929 praedium

197 4955 331 5055 regium
356 4952 495 5024 unicum
519 4951 587 5041 ibi,
614 4950 657 5021 de
684 4971 752 5041 quo
779 4950 1164 5065 decimtmapipularis'
1191 4953 1338 5035 solvitur
1365 4950 1529 5037 ecclesiae
1555 4950 1750 5041 parochiali

198 5072 327 5145 ibidem
351 5072 392 5145 in
413 5070 593 5144 Jedlna

76 5265 84 5277 ,
137 5205 141 5210 ’
262 5160 469 5299 ····ΜΨ,
495 5192 579 5265 villa
605 5192 738 5263 habens
756 5190 793 5260 in
812 5211 848 5262 se
868 5191 1046 5265 ecclesiam
1067 5192 1308 5295 >parochialem
1333 5195 1496 5286 ligneam,
1522 5193 1621 5267 cuins
1638 5190 1749 5266 dorni-

123 5412 125 5417 ι
197 5314 291 5385 nium
318 5312 365 5384 ad
371 5286 661 5386 illustrissimum
688 5310 854 5385 Poloniae
883 5334 999 5402 regem
1031 5316 1201 5406 pertinet,
1240 5315 1276 5385 in
1304 5329 1372 5407 qua
1398 5320 1480 5388 sunt
1505 5313 1629 5404 viginti
1654 5311 1749 5385 lanei
