4050 6054
1615 392 1702 501 'aar
1740 404 1753 417 '

153 614 357 742 appellatur,
385 630 429 704 de
456 652 523 739 quo
551 632 618 703 sibi
636 632 854 723 proveniunt
879 636 1030 722 quatuor
1055 651 1193 703 marcae
1219 632 1366 722 singulis
1392 634 1509 722 annis,
1527 634 1625 704 'citra
1646 632 1709 707 ἰιι

152 752 205 822 ult
189 757 254 841 tra,
280 771 302 821 a
326 735 473 823 telorum
500 750 770 824 dealbatoribus
785 752 874 823 solvi
896 756 1099 841 concretae3
1124 753 1208 824 item
1225 741 1358 824 habet
1348 774 1384 824 m
1402 753 1547 844 antiqua
1564 755 1706 826 civitate

153 874 311 945 cantoria
345 852 503 961 praefata
527 873 668 944 bortum
692 893 799 944 unum
825 892 903 988 cum
929 893 1029 962 arca,
1057 872 1101 944 de
1128 894 1196 963 quo
1223 873 1360 965 cantori
1387 872 1570 1000 solunntnr
1596 894 1706 945 annu-

152 993 238 1064 atim
263 1013 387 1064 norem
415 999 490 1063 scot
491 998 520 1065 1
546 999 582 1064 et
608 992 677 1063 duo
704 1012 891 1082 capones..

258 1110 520 1203 Gonrszrczn,
546 1112 631 1184 villa
662 1114 726 1184 snb
753 1113 919 1203 parocbia
945 1113 1110 1184 ecclesiae
1138 1113 1180 1184 de
1207 1054 1601 1206 Modlyborzycze
1628 1114 1705 1204 sita

153 1233 251 1327 cuius
276 1233 474 1323 proprietas
500 1232 549 1305 ad
572 1239 686 1304 certos
713 1233 847 1304 nobiles
874 1232 945 1303 illic
970 1232 1163 1304 residentes
1190 1234 1387 1322 pertinet,
1378 1255 1414 1303 m
1442 1254 1510 1323 qua
1536 1239 1591 1305 est
1616 1254 1728 1304 unns*

152 1353 273 1424 laneus
299 1353 458 1442 specialis
485 1359 522 1424 et
546 1353 645 1442 liber,
674 1353 732 1444 qui
760 1373 837 1423 cum
864 1353 957 1424 omni
983 1353 1058 1424 iure
1086 1357 1221 1443 spectat
1247 1354 1291 1424 ad
1318 1354 1509 1434 cantoriam
1527 1351 1706 1443 Oppatho·

153 1473 315 1563 viensem,
331 1472 386 1543 'de
413 1494 481 1563 quo
508 1473 666 1544 cantaria
691 1473 786 1544 tollit
812 1477 848 1544 et
875 1493 1015 1544 censum
1037 1493 1188 1545 annuum
1206 1478 1243 1545 et
1261 1471 1427 1544 decimam
1445 1473 1706 1563 manipularem,

154 1598 190 1662 et
215 1613 280 1682 pro
306 1599 464 1683 utraque,
491 1598 563 1663 tam
590 1593 752 1664 videlicet
776 1613 841 1682 pro
868 1612 973 1663 censu
1001 1613 1103 1683 qnam
1129 1613 1193 1683 pro
1212 1593 1352 1683 decima,
1371 1593 1554 1665 solvuntur
1571 1592 1706 1663 cantori

154 1735 218 1804 pro
253 1701 369 1785 annuo
405 1733 510 1784 censu
544 1718 616 1785 tres
651 1733 788 1784 marcae
823 1718 861 1784 et
895 1713 963 1785 dno
1000 1733 1157 1803 capones.
1193 1711 1352 1791 ‚Colonus
1379 1718 1495 1785 autem
1522 1712 1559 1783 in
1585 1712 1705 1783 eodem

156 1855 278 1923 campo
294 1840 298 1849 “
313 1834 470 1905 residens
506 1833 611 1904 nullis
646 1839 701 1904 est
736 1834 906 1904 obnoxius
940 1833 1134 1923 laboribus,
1161 1853 1274 1923 neque
1309 1833 1414 1904 solvit
1449 1833 1584 1922 aliquas
1619 1833 1706 1937 alias

154 1954 271 2025 dacias
298 1960 359 2024 ant
385 1954 528 2026 tributa.
553 1953 642 2024 Item
670 1958 792 2025 cantor
818 1951 1109 2043 Oppathoriensis
1135 1975 1199 2044 pro
1226 1959 1383 2043 tempore
1409 1974 1479 2024 non
1502 1953 1610 2024 habet
1626 1972 1706 2042 por·
1836 1934 1841 1941 ’

155 2074 285 2146 tionem
312 2080 374 2145 aut
401 2074 672 2160 communionem
708 2092 785 2145 cum
811 2074 889 2145 aliis
916 2074 1081 2164 praelatis
1107 2078 1144 2145 et
1171 2073 1342 2144 canonicis
1369 2071 1706 2162 Oppathouiensibus

154 2195 190 2266 in
216 2194 301 2264 villa
325 2192 734 2285 Marczynkowice,
762 2214 874 2284 neque
900 2193 1088 2284 participat
1113 2193 1157 2265 de
1184 2195 1316 2265 decimo
1331 2197 1404 2264 ¹aut
1429 2192 1472 2264 de
1491 2195 1596 2264 censu
1614 2213 1707 2264 com-

105 2310 110 2318 '
155 2315 250 2385 muni
276 2334 352 2385 cum
379 2315 519 2405 eisdem,
546 2315 639 2404 quod
664 2314 767 2386 credo
786 2315 830 2386 ob
848 2313 885 2385 id
903 2313 1099 2386 ordinatum
1125 2335 1213 2404 esse,
1241 2314 1323 2404 quia
1349 2313 1442 2384 horti
1469 2318 1505 2384 et
1531 2333 1643 2402 areae,
1662 2312 1705 2384 de
1788 2370 1794 2377 .

158 2435 282 2524 quibus
317 2435 465 2524 praelati
500 2440 536 2505 et
571 2435 726 2505 canonici
761 2432 1059 2524 Oppathovienses
1094 2433 1138 2505 ad
1174 2433 1354 2506 locandam
1381 2453 1506 2504 novam
1532 2432 1708 2503 civitatem

157 2561 335 2627 cesserunt
360 2555 577 2638 Labuczeusi
604 2555 784 2644 episcopa,
811 2560 855 2648 et
873 2574 937 2644 pro
966 2555 1090 2644 quibus
1117 2556 1300 2645 episcopus
1327 2552 1562 2624 Lubuczensis
1588 2552 1706 2635 uillam

156 2695 239 2748 suae
273 2695 414 2763 mensae
449 2673 868 2746 Marczinlrowicne
901 2674 1069 2764 praelatis
1107 2679 1143 2744 et
1168 2672 1342 2743 canonicis
1369 2669 1707 2763 Oppatboviensibns

100 2777 105 2788 ⁸
156 2796 253 2867 dedit
277 2797 315 2867 in
341 2814 611 2885 recompensam,
638 2794 732 2888 nullo
759 2794 805 2867 ad
831 2795 1021 2866 cantoriam
1039 2793 1269 2884 pertinebant,
1288 2793 1351 2863 sed
1368 2795 1422 2864 sui
1438 2779 1535 2864 horti
1552 2798 1589 2864 et
1607 2812 1709 2864 areae

156 2922 398 2988 remanserunt
423 2915 491 2986 sibi
517 2915 606 2987 salvi
632 2920 668 2985 et
694 2914 840 3004 integri,
868 2935 953 3004 quos
979 2913 1084 2985 hodie
1110 2913 1285 3003 possidet;
1311 2913 1367 2984 vel
1394 2914 1571 3004 quianon
1597 2912 1709 3001 patie-

156 3039 285 3109 bantur
310 3038 354 3108 ab
382 3036 552 3126 episcopo,
577 3042 741 3124 tanquam
768 3033 906 3106 futurae
933 3033 1067 3105 ciuitati
1093 3053 1216 3124 parum
1242 3034 1439 3122 necessarii,
1456 3021 1512 3105 rel
1531 3033 1613 3123 qnia
1629 3032 1708 3104 illos

44 3226 49 3231 .
157 3164 277 3230 cautor
303 3178 367 3247 pro
393 3162 550 3246 tempore
577 3177 647 3228 nan
672 3155 911 3226 consentiebat
937 3153 980 3227 dc
1008 3174 1071 3225 sua
1097 3153 1312 3244 proprietate
1337 3154 1374 3225 in
1401 3159 1532 3226 sortem
1555 3152 1708 3225 civitatis
1825 3193 1829 3199 ·

158 3277 359 3350 transferre.

203 3466 206 3471 ,
243 3397 350 3469 ltem
376 3395 534 3468 cantoria
551 3392 841 3483 Oppatboriensis
859 3393 1048 3466 secundum
1065 3395 1182 3466 omnia
1198 3400 1356 3486 regestra
1373 3397 1495 3466 taxata
1512 3397 1568 3465 est
1585 3392 1630 3464 ad
1648 3445 1656 3462 .
1674 3445 1683 3462 .
1701 3445 1709 3462 .

747 3655 1125 3783 vicecantorlatuc

263 3877 394 3950 Cantor
420 3875 713 3967 Oppathoviensis
747 3876 854 3947 babet
878 3876 1075 3966 habereque
1101 3874 1280 3947 consuevit
1305 3873 1471 3945 vicariam
1497 3875 1711 3963 perpetuam,

159 4001 235 4072 sire
261 3999 512 4072 vicecantorem
539 3997 575 4067 in
602 3997 679 4088 ipsa
704 3995 978 4087 Oppathovieusi
1004 3997 1159 4086 ecclesia,
1186 3995 1284 4066 cuius
1311 3999 1433 4066 cantor
1450 3991 1710 4084 Oppatbovien·

160 4121 207 4193 sis
236 4126 291 4192 est
316 4120 438 4227 unicus
465 4117 612 4190 collator
638 4122 674 4187 et
699 4125 887 4206 patronus3
914 4137 990 4187 eam
1016 4137 1109 4188 nunc
1134 4121 1231 4187 tenet
1258 4112 1450 4205 Gregorius
1478 4115 1521 4186 de
1547 4115 1710 4186 Basso-

160 4262 222 4313 wa
247 4240 439 4330 presbyter,
466 4238 525 4329 qui
551 4259 614 4328 pro
642 4257 704 4308 suo
730 4237 836 4308 inndo
863 4243 899 4308 et
925 4237 1006 4309 dote
1032 4236 1140 4309 habet
1165 4241 1355 4326 proventus
1380 4233 1632 4326 infrascriptos.

197 4398 200 4402 ·
260 4362 357 4432 Duas
383 4380 517 4431 marcas
544 4359 587 4429 de
614 4379 720 4429 censu
747 4356 974 4447 proveniente
1000 4358 1226 4429 err-tabernis
1253 4354 1604 4447 Oppatboviensibus,
1623 4355 1708 4426 item

159 4484 266 4555 babet
291 4482 486 4575 portionem
522 4480 708 4573 aequalem,
727 4499 770 4549 ex
797 4460 939 4550 decimis
965 4478 1238 4570 manipularibus
1274 4478 1310 4549 iu
1336 4477 1420 4548 villa
1446 4476 1711 4564 Rzuszkow‚

160 4605 244 4676 item
280 4603 387 4674 babet
421 4602 617 4692 portionem
653 4599 833 4690 aequalem
859 4599 902 4670 dc
931 4599 1089 4670 omnibus
1116 4598 1316 4690 quaestibus
1343 4597 1508 4670 ecclesiae
1534 4595 1712 4686 Oppatbo-
1814 4652 1820 4658 ,

160 4725 299 4814 niensis,
326 4723 387 4813 qui
413 4721 541 4795 cedunt
566 4720 708 4793 vicariis
734 4718 1075 4811 Oppathoriensibns
1101 4719 1139 4792 in
1164 4718 1345 4792 communi.

813 4973 1057 5062 Scola'strls.

265 5202 479 5276 scholastria
504 5200 794 5293 Oppathoviensis
820 5200 927 5273 tertia
953 5201 1105 5290 dignitas
1131 5200 1167 5271 in
1195 5199 1339 5270 ecclesia
1365 5198 1398 5270 S.
1425 5196 1570 5269 Martini
1597 5195 1713 5287 Oppa

162 5324 338 5400 tborlensi
364 5325 400 5396 tn
428 5325 521 5436 agris
548 5330 585 5396 et
612 5323 837 5416 proventibus
863 5323 1124 5418 templariorum
1151 5319 1295 5395 mndata
1321 5325 1358 5393 et
1384 5318 1503 5395 dotata
1528 5326 1592 5414 est,
1609 5340 1713 5414 quam
