4050 6054
237 545 309 615 396

236 748 523 835 Sarnlomiriensi,
552 746 729 816 conferens
758 747 789 815 ei
816 746 852 814 in
880 745 995 815 dotem
1022 744 1189 814 decimam
1215 743 1467 833 manipularem
1494 746 1537 815 de
1564 767 1682 816 mense
1708 747 1784 836 epi-

235 868 366 958 scopali
402 870 437 937 in
473 867 555 937 villa
582 864 645 936 Gn
654 866 987 955 peschouicze,
1014 864 1100 935 nnlli
1128 864 1229 934 alteri
1257 864 1324 933 nisi
1351 865 1481 935 vicario
1509 864 1783 937 Sandomiriensi

235 1011 298 1079 per
325 989 521 1078 episcopum
549 986 812 1057 Cracoriensem
840 984 1096 1074 conferendum,
1124 984 1279 1074 obligans
1306 985 1447 1075 missam,
1474 986 1518 1056 ad
1545 986 1631 1057 duas
1658 986 1784 1058 missas

235 1109 416 1200 legendum
442 1108 538 1178 feriis
565 1108 679 1178 tertiis
706 1128 769 1196 pro
797 1105 983 1194 defunctiS,
1010 1106 1139 1197 quintis
1168 1105 1221 1175 rel
1249 1106 1410 1176 sabbathi
1437 1105 1479 1176 de
1507 1107 1619 1177 Beata
1635 1107 1784 1197 Virgine

235 1230 289 1300 rel
327 1232 454 1299 Sancta
484 1227 664 1298 Trinitate.
705 1228 793 1297 ltem
821 1227 856 1296 in
884 1227 938 1296 die
967 1226 999 1295 S.
1026 1226 1194 1316 Hedvigis
1221 1225 1356 1315 vigilias
1383 1233 1419 1296 et
1446 1229 1587 1297 missam
1614 1227 1650 1297 in
1677 1233 1784 1299 cantu

236 1371 300 1440 pro
327 1351 456 1420 rica-rio
484 1347 762 1436 Sandoniiriensi,
787 1368 852 1435 pro
879 1348 1117 1418 anniversario
1144 1345 1292 1436 praefati
1319 1348 1470 1437 episcopi
1499 1347 1719 1440 explendam,
1746 1354 1785 1421 et

237 1492 306 1541 una
332 1491 450 1540 marca
476 1491 539 1559 per
566 1468 759 1540 altaristam
787 1467 1009 1538 solaciandos

341 1588 690 1678 Gsrnscnowsczn,
718 1589 801 1659 m'lla
836 1590 900 1659 snb
935 1589 1102 1677 parochia
1137 1588 1301 1659 ecclesiae
1338 1589 1380 1658 de
1416 1588 1786 1680 Koprzywnicza

238 1711 363 1801 oppido
391 1713 468 1799 sita,
496 1711 592 1782 corius
618 1710 814 1800 proprietas
842 1731 905 1798 pro
932 1710 1055 1779 maiori
1082 1715 1180 1799 parte
1199 1710 1352 1799 pertinet
1370 1710 1414 1781 ad
1433 1711 1593 1787 abbatem
1612 1717 1648 1782 et
1664 1733 1785 1783 mona-

236 1833 377 1903 sterinm
415 1831 764 1921 Koprzyuniczensc,
792 1831 851 1920 qui
886 1831 993 1902 babet
1027 1831 1075 1900 ibi
1113 1831 1230 1901 decem
1266 1831 1385 1902 laneos
1422 1833 1669 1922 emetbonaleS,
1697 1834 1783 1905 item

236 1953 336 2022 duas
362 1953 526 2023 tabernas
566 1951 735 2022 babentes
774 1973 896 2040 agros3
932 1972 995 2041 pro
1032 1950 1144 2022 altera
1180 1958 1295 2021 antem
1332 1957 1431 2041 parte
1466 1953 1591 2024 minori
1627 1955 1786 2044 proprie·

235 2081 291 2144 tas
325 2073 427 2143 villae
463 2072 616 2162 pertinet
652 2072 696 2142 ad
723 2072 869 2143 Paulum
895 2072 1088 2143 Martinam
1116 2079 1152 2143 et
1179 2072 1266 2143 alios
1291 2072 1418 2143 fratres
1446 2073 1488 2143 do
1517 2073 1751 2146 Skotbnik
1760 2099 1786 2166 y

236 2194 278 2281 de
315 2195 421 2264 armis
457 2193 678 2282 Bogoria,
706 2192 765 2283 qni
791 2192 920 2263 babent
947 2193 996 2262 ibi
1023 2199 1096 2262 tres
1123 2192 1240 2263 laneos
1268 2194 1500 2264 cinetlronales
1528 2200 1564 2264 et
1590 2193 1675 2265 duas
1701 2196 1786 2266 hor-

236 2314 385 2385 tulanias
422 2314 495 2383 sine
526 2314 637 2402 agric,
665 2312 707 2383 de
736 2314 860 2403 quibus
887 2313 1044 2384 omnibns
1072 2313 1219 2407 spiritur
1246 2314 1379 2384 decima
1405 2315 1630 2404 manipularis
1657 2321 1693 2386 et
1719 2336 1784 2405 per

238 2456 298 2520 sex
334 2436 473 2523 ierngas
509 2433 684 2523 canapalis
720 2434 962 2504 mansionariis
989 2433 1344 2524 Sandomiriensibns,
1372 2442 1408 2505 et
1435 2435 1564 2506 ducunt
1591 2457 1666 2506 earn
1693 2457 1785 2507 eme-

238 2557 362 2626 tbones
398 2555 433 2624 in
468 2554 631 2624 horreum
667 2575 688 2623 a
723 2554 965 2625 mansionariis
1002 2554 1183 2625 locandum
1220 2562 1256 2626 et
1283 2555 1380 2626 rator
1407 2557 1611 2627 aestimatur
1637 2557 1711 2628 eius
1738 2557 1783 2629 ad

236 2674 430 2766 quindecim
458 2695 601 2745 marcas.
645 2675 733 2744 Item
760 2695 866 2746 onera
893 2675 1014 2746 altaris
1040 2676 1227 2766 praedicti,
1256 2677 1414 2771 qrrennris¹
1438 2677 1473 2747 in
1500 2672 1603 2748 titulo
1630 2679 1784 2768 extincti,

235 2802 399 2867 tenentur
434 2795 658 2866 mansionarii
696 2794 991 2867 Sandomirienses
1027 2796 1189 2889 implere,
1224 2803 1392 2887 tanquam
1427 2797 1476 2868 eis
1512 2797 1714 2869 inviscerati
1749 2806 1786 2869 et

235 2917 466 3005 incorporati;
493 2916 575 2984 item
603 2914 800 2985 molendina
828 2914 894 2987 duo
922 2917 1076 2988 eiusdem
1103 2916 1204 2988 villae
1231 2917 1445 3007 pertinentia
1463 2916 1508 2988 ad
1525 2919 1783 3010 monasterium,

235 3043 271 3108 et
298 3044 444 3126 uta-que
471 3035 602 3107 babent
629 3056 731 3125 agros
759 3037 910 3127 amploS,
937 3038 979 3108 de
1007 3038 1130 3127 quibus
1158 3039 1316 3109 omnibus
1344 3039 1490 3109 solvitur
1517 3038 1650 3111 decima
1676 3040 1785 3111 mani-

235 3157 368 3247 pularis
403 3156 663 3245 mansionariis,
695 3162 729 3226 et
766 3158 866 3229 ambo
901 3158 936 3228 in
971 3158 1110 3229 flumine
1145 3158 1510 3250 Koprzyunicza
1545 3181 1650 3234 unum
1685 3161 1785 3233 iuxta

236 3278 363 3366 villam,
389 3277 498 3367 aliud,
527 3276 618 3368 quod
644 3283 789 3349 vocatur
815 3276 1075 3367 Tlruczman,
1103 3279 1166 3350 snb
1187 3280 1302 3351 borra.

336 3399 425 3469 Item
450 3404 505 3469 est
530 3398 580 3469 ibi
606 3399 784 3488 praedium
811 3401 948 3469 unicum
975 3399 1191 3489 coenobiale,
1217 3400 1260 3471 de
1287 3423 1354 3491 quo
1382 3401 1475 3473 solus
1502 3403 1610 3474 abbas
1637 3410 1673 3473 et
1699 3422 1780 3474 con-

236 3527 361 3591 ventus
388 3520 554 3590 decimam
581 3519 729 3610 percipit
756 3520 852 3590 etin
880 3540 978 3590 suum
1005 3520 1168 3591 horreum
1194 3520 1337 3592 inducit.

730 3832 862 3914 Villae
896 3832 1288 3916 mansionariorum.

339 4104 561 4194 Perpendens
580 4106 757 4177 lohannes
783 4105 1020 4195 Dlugoscb
1038 4106 1164 4196 senior,
1186 4113 1270 4179 tunc
1288 4111 1471 4180 canonicus
1487 4106 1790 4218 Sandomiriensis

234 4228 398 4299 introitus
425 4229 735 4298 inansionariorum
761 4227 1101 4318 Sandomiriensium,
1129 4230 1187 4319 qni
1214 4229 1284 4300 illis
1311 4251 1353 4301 ex
1381 4232 1658 4322 incorporatione
1684 4254 1786 4324 prae-

233 4349 367 4421 bendae
393 4348 426 4419 S.
445 4348 629 4419 Adalberti
652 4354 752 4419 extra
779 4370 895 4420 muros
914 4348 1209 4421 Sandomirienses
1236 4357 1272 4422 et
1290 4352 1411 4423 altaris
1438 4353 1471 4423 S.
1489 4353 1656 4446 Hedrigis
1674 4375 1787 4426 cesse-

233 4476 330 4559 rant,
358 4476 480 4541 tennes
508 4474 544 4540 et
570 4489 692 4559 pamm
719 4468 928 4541 sufficientes
955 4492 1049 4560 esse,
1081 4471 1167 4542 duas
1194 4472 1295 4543 villas
1323 4472 1486 4544 videlicet
1512 4473 1725 4566 Okalyna
1751 4483 1788 4547 et

233 4589 460 4682 Gopczow
476 4610 585 4680 prope
605 4589 667 4680 Op
676 4592 860 4680 patbow
878 4592 973 4683 sitas,
992 4613 1077 4682 quas
1093 4592 1265 4684 quondam
1279 4594 1485 4665 Vincentius
1504 4593 1788 4668 Gadlnbkonis

233 4712 275 4783 de
311 4711 527 4800 margon,
563 4731 606 4781 ex
641 4731 769 4801 genere
804 4713 913 4784 nobili
950 4718 986 4784 et
1011 4713 1154 4784 militari
1190 4720 1306 4803 ortus,
1338 4721 1421 4785 tnnc
1455 4716 1675 4806 praepositus
1702 4715 1787 4788 San-

232 4831 467 4921 domiriensis,
504 4837 627 4923 expost
659 4853 742 4904 roro
769 4834 953 4924 episcopus
985 4833 1245 4924 Cracoriensis,
1281 4836 1491 4906 monasterio
1519 4834 1786 4927 Szulyeoriensi,

232 4952 365 5024 ordinis
382 4952 622 5045 cisterciensis,
649 4936 864 5025 Gneznensis
890 4953 1058 5026 dioecesis
1086 4975 1172 5045 pure
1190 4961 1335 5045 propter
1360 4956 1472 5027 Deum
1499 4956 1535 5027 in
1554 4957 1786 5048 elemosinam

231 5079 433 5164 perpetuam
465 5077 676 5167 contulerat,
711 5097 733 5147 a
760 5075 816 5146 Ni
829 5076 959 5147 colao
994 5076 1121 5148 abbate
1156 5082 1193 5147 et
1220 5083 1391 5148 conventu
1428 5076 1685 5168 Szulyeoriensi
1718 5099 1783 5168 pro

230 5195 323 5265 mille
359 5198 484 5268 inarcis
520 5197 670 5268 latorum
700 5217 922 5288 grossorum,
961 5219 1046 5288 quas
1073 5197 1165 5268 idem
1193 5198 1301 5269 abbas
1328 5203 1364 5269 et
1391 5202 1580 5270 conventus
1606 5200 1642 5270 in
1669 5198 1787 5269 villam

229 5316 340 5388 molto
367 5317 544 5389 meliorem
574 5324 611 5389 et
637 5340 701 5390 suo
733 5318 943 5390 monasterio
970 5318 1171 5391 viciniorem
1197 5320 1393 5412 Blogye,
1424 5318 1520 5390 illam
1547 5320 1591 5391 de
1616 5339 1788 5391 consensu

231 5435 457 5509 illustrissimi
493 5437 715 5515 casimiri
742 5438 865 5531 Tertii,
900 5440 993 5533 regis
1019 5439 1198 5532 Poloniae,
1233 5460 1297 5533 per
1322 5438 1516 5513 Johannem
1547 5438 1788 5533 Dlugosch
