4050 6054
1640 459 1710 531 551

36 723 49 736 ,
164 654 344 747 praedium
379 657 504 730 bonum
541 657 575 729 in
612 663 685 730 tres
720 679 858 751 campos
886 658 1052 751 divisum,
1079 658 1122 731 de
1149 658 1273 751 quibus
1300 658 1385 733 nulli
1413 661 1516 735 solvit
1543 663 1710 736 decimam

164 780 426 853 archidiaconus
461 780 723 871 sondcczcnsis,
760 780 824 852 scd
857 802 931 852 earn
968 803 1032 872 pro
1068 803 1105 852 se
1141 783 1234 854 tollit
1270 789 1307 854 et
1343 784 1379 852 in
1414 784 1576 855 horreum
1612 807 1712 857 suum

165 899 306 970 inducit.
1425 909 1429 915 ’
1612 974 1618 986 ,

268 1019 605 1110 Wrcunuovvrczu,
633 1022 715 1092 villa
742 1023 805 1092 sub
832 1023 998 1111 parochia
1024 1023 1066 1094 de
1092 1023 1394 1114 Podgrodzye
1422 1024 1712 1114 1111111111-

166 1139 299 1210 reditas
327 1139 371 1210 11
398 1140 681 1212 sanctimoniales
707 1143 743 1212 in
770 1142 975 1232 Antiqua
1002 1143 1206 1220 Sandecz
1233 1144 1447 1233 pertinatia
1467 1112 1632 1234 quasss
1651 1199 1658 1214 .
1677 1200 1685 1215 .
1705 1200 1712 1215 .

163 1259 253 1337 lanei
291 1261 541 1350 emethouales,
569 1261 611 1331 de
649 1263 772 1351 quibus
800 1263 947 1333 solvitur
973 1269 1008 1332 et
1036 1263 1239 1347 conducitur
1266 1263 1398 1334 decima
1424 1265 1648 1353 manipularis
1675 1271 1712 1335 11

164 1380 338 1468 canapalis
365 1380 525 1470 episcopo
553 1381 783 1470 Cracoviensi,
810 1389 845 1452 et
872 1384 1075 1452 aestimatur
1103 1384 1177 1453 eius
1204 1384 1302 1454 valor
1330 1383 1373 1454 ad
1401 1405 1460 1454 sex
1488 1405 1632 1455 marcas.

269 1499 584 1589 szauuovvvczu,
608 1503 692 1572 villa
718 1504 781 1573 sub
808 1503 974 1592 parochia
1001 1503 1044 1572 de
1071 1503 1374 1592 Podgrodzye
1402 1505 1479 1593 sita,
1507 1505 1604 1574 cuius
1630 1525 1712 1593 pro-

162 1621 295 1709 prietas
331 1621 376 1691 11
410 1622 687 1692 sanctimoniales
723 1621 765 1692 11
801 1622 1008 1712 Antiqua
1043 1622 1246 1725 Sandecz
1278 1625 1446 1712 pertinet,
1473 1625 1509 1693 in
1536 1644 1605 1713 qua
1632 1630 1713 1695 sunt

107 1731 117 1741 ’
165 1740 281 1812 decem
310 1741 401 1812 lanei
429 1744 682 1832 cmetlronales,
709 1743 751 1814 11
778 1744 902 1832 quibus
930 1743 1078 1813 solvitur
1104 1747 1141 1812 11
1168 1743 1370 1814 conducitur
1397 1743 1529 1813 decima
1555 1745 1712 1833 manipu-

163 1862 247 1932 laris
283 1867 318 1932 et
353 1863 526 1951 canapalis
563 1862 722 1952 episcopo
759 1863 997 1951 Orocom'ensi,
1025 1863 1122 1935 cuius
1157 1864 1256 1934 valor
1291 1864 1495 1933 aestimatur
1521 1865 1565 1934 ad
1593 1863 1710 1934 decem

165 2003 308 2052 marcas.
348 1982 434 2052 Item
461 2004 530 2053 non
557 1989 611 2053 est
637 1984 691 2077 ibi
712 1983 908 2073 praedium,
935 2004 1004 2053 non
1031 1989 1111 2054 sunt
1136 1983 1373 2072 lrortuloniae,
1400 2004 1511 2073 neque
1538 1985 1712 2055 tabernae.

266 2102 500 2192 Sunuozrun,
527 2104 610 2173 villa
636 2106 699 2175 sub
727 2105 891 2193 parochia
918 2105 960 2175 11
986 2104 1284 2193 Podgrodzye
1312 2105 1397 2192 sita,
1424 2104 1520 2174 cuius
1547 2105 1704 2194 proprie-

164 2230 218 2293 tas
249 2202 308 2293 ad
334 2223 610 2294 sanctimoniales
637 2225 680 2294 de
707 2224 914 2313 Antiqua
940 2225 1143 2295 Sandecz
1170 2225 1338 2313 pertinet,
1366 2225 1401 2294 in
1430 2245 1497 2313 qua
1525 2231 1606 2295 sunt
1633 2278 1641 2295 .
1668 2279 1675 2294 .
1704 2279 1711 2294 .

165 2344 397 2414 emethonales
432 2344 541 2435 lanei,
569 2345 611 2415 de
644 2345 767 2434 quibus
795 2344 942 2415 solvitur
969 2351 1004 2414 et
1032 2345 1233 2416 conducitur
1260 2345 1394 2414 decima
1419 2345 1645 2434 manipularis
1673 2351 1710 2416 et

166 2465 339 2553 canapalis
366 2464 525 2554 episcopo
553 2464 781 2553 Cracovieusi,
809 2466 905 2535 cuius
932 2465 1030 2535 valor
1055 2466 1259 2535 aestimatur
1285 2465 1329 2535 11
1349 2471 1498 2554 quatuor
1516 2486 1660 2535 marcas.

269 2585 479 2673 Smmouvs,
506 2585 588 2654 villa
615 2584 678 2655 sub
705 2586 870 2672 parochia
897 2584 939 2655 de
966 2583 1278 2674 Podgrodzye,
1306 2585 1403 2657 cuius
1429 2585 1553 2655 haeres
1579 2585 1710 2656 Johan-

166 2726 227 2775 nes
253 2704 297 2773 W
305 2705 479 2794 yernek
507 2704 548 2774 de
576 2705 676 2774 domo
703 2704 886 2795 Ianyna,
915 2704 950 2773 in
978 2725 1045 2793 qua
1072 2709 1152 2774 sunt
1179 2758 1186 2772 .
1214 2759 1221 2772 .
1249 2757 1256 2772 .
1283 2703 1374 2774 lanei
1401 2705 1643 2795 emethonales,
1670 2705 1712 2774 11

167 2826 290 2914 quibus
317 2826 449 2895 decima
476 2825 623 2895 solvitur
650 2831 686 2894 et
713 2825 916 2895 conducitur
942 2846 1008 2912 pro
1036 2825 1196 2914 episcopo
1216 2824 1434 2895 Cracoviensi
1452 2831 1489 2895 et
1507 2826 1711 2897 aestimatur

127 3023 130 3029 ,
166 2946 239 3015 eius
273 2946 370 3016 valor
403 2945 448 3016 ad
483 2968 543 3017 sex
578 2965 720 3016 marcas.
760 2945 848 3015 Item
884 2951 938 3015 est
964 2944 1013 3016 ibi
1040 2967 1145 3015 unum
1172 2945 1349 3035 praedium
1378 2945 1546 3035 militare,
1574 2944 1616 3016 de
1643 2967 1710 3034 quo

166 3065 357 3136 decimatur
383 3066 546 3136 ecclesiae
573 3066 607 3135 in
636 3065 719 3135 Prz
729 3088 751 3156 p
762 3087 778 3135 s
789 3066 916 3154 clrovv,
935 3071 969 3135 et
986 3066 1189 3137 aestimatur
1207 3066 1281 3136 eius
1300 3067 1398 3136 valor
1416 3065 1460 3136 od
1477 3071 1551 3137 tres
1569 3086 1712 3135 marcas.

268 3187 402 3257 Duucn
427 3186 574 3274 Lnuun,
601 3187 683 3257 villa
709 3188 773 3257 sub
800 3186 965 3274 parochia
992 3186 1033 3255 11
1060 3185 1363 3275 Podgrodzye
1391 3187 1477 3276 sita,
1505 3186 1603 3257 euius
1631 3190 1722 3275 pro-'

168 3307 297 3394 prietas
333 3306 376 3376 ad
413 3307 688 3377 sanctimoniales
724 3306 766 3376 de
802 3304 1009 3394 Antiqua
1042 3304 1246 3375 Sandecz
1282 3306 1454 3394 pertinet,
1482 3307 1518 3375 in
1545 3326 1613 3395 qua
1639 3311 1710 3376 tres

169 3427 259 3497 lanei
295 3427 544 3515 cmetlronaleS,
572 3426 614 3495 de
642 3426 767 3514 quibus
803 3426 951 3495 solvitur
978 3430 1013 3494 et
1039 3424 1242 3494 conducitur
1268 3425 1401 3495 decima
1427 3425 1650 3514 manipularis
1678 3430 1713 3496 11

171 3548 343 3637 canapalis
370 3567 433 3652 pro
461 3549 621 3635 episcopo
649 3546 878 3634 cracoviensi,
906 3547 1001 3615 cuius
1028 3546 1126 3615 valor
1153 3546 1358 3617 aestimatur
1385 3545 1428 3616 ad
1456 3552 1605 3634 quatuor
1623 3566 1713 3615 mar·
1789 3584 1792 3594 ·

168 3687 234 3737 cas.
277 3667 366 3738 Item
400 3667 564 3738 scultetus
601 3667 706 3737 habet
740 3688 844 3737 cunum
880 3665 1034 3754 laneum,
1062 3664 1104 3735 de
1141 3687 1207 3754 quo
1240 3665 1345 3735 etiarn
1372 3665 1521 3736 decimat
1548 3666 1709 3756 episeopo

169 3786 396 3859 cracoviensi.
1273 3780 1283 3799 '

663 4049 870 4132 Custodia
900 4048 1223 4133 Saodeczensis.

280 4270 524 4344 Sandeczensis
560 4272 718 4343 custodia
752 4293 794 4342 ex
831 4272 934 4343 altari
961 4272 1180 4344 Visitationis
1207 4271 1352 4344 Sanctae
1379 4270 1532 4362 Mariae,
1559 4272 1712 4344 extincto

168 4395 242 4464 eius
268 4395 381 4483 titulo,
408 4394 491 4464 data
517 4399 552 4462 et
579 4392 700 4464 dotata
727 4399 780 4462 est
807 4393 850 4463 de
877 4413 1041 4483 expresso
1068 4413 1236 4464 consensu
1264 4415 1305 4464 ex
1332 4394 1573 4466 benevolentia
1591 4415 1713 4464 consu·

166 4514 238 4585 lum
265 4513 557 4600 Sandeczcnsium,
586 4514 629 4584 ad
657 4534 802 4603 quorum
824 4513 1084 4603 iuspatronatus
1102 4519 1137 4583 et
1155 4514 1373 4585 collationem
1391 4514 1584 4604 praefatum
1602 4515 1712 4585 altare

167 4634 389 4737 visitationis
424 4633 559 4729 illarius
586 4635 792 4724 pertinebat.
837 4633 1004 4721 Quocirca
1038 4633 1215 4723 praefatus
1251 4635 1407 4706 dominus
1434 4635 1604 4724 Sbigneus
1631 4635 1712 4705 olim

63 4779 83 4845 ς
169 4755 351 4827 cardinalis
379 4759 415 4824 11
440 4754 621 4844 episcopus
649 4754 904 4844 Cracoviensis,
930 4753 1103 4824 fundando
1131 4755 1309 4826 ecclesiam
1336 4754 1606 4825 Sandeczensem
1634 4774 1713 4825 san-

168 4877 228 4966 xit,
256 4875 389 4963 statuit,
417 4874 571 4946 decrevit
597 4880 633 4946 et
659 4875 910 4964 privilegiavit,
937 4880 978 4944 ut
1003 4873 1151 4964 praelati
1177 4874 1431 4946 Sandeczenses
1458 4875 1615 4945 consules
1642 4875 1714 4946 sint

168 4997 327 5086 perpetui
363 5001 398 5066 et
432 4995 697 5086 indubitabiles,
715 4995 827 5066 dictae
861 4995 1038 5066 custodiae
1064 4995 1247 5071 collatores
1275 5000 1311 5066 11
1337 4994 1495 5085 patroni,
1522 4994 1567 5065 ad
1592 5015 1713 5066 eorum

168 5137 302 5206 quoque
328 5117 641 5205 praesentationem
669 5117 817 5207 primum
835 5115 1011 5187 custodem
1029 5115 1172 5186 Petrum
1189 5115 1233 5186 de
1251 5113 1556 5205 Olomuniecz,
1582 5115 1626 5187 11
1645 5136 1712 5207 quo

168 5257 273 5326 supra
298 5236 440 5307 fecimus
467 5237 685 5326 mentionem,
711 5237 878 5325 instituit;
905 5236 1132 5306 interminans
1157 5235 1259 5325 gravi
1284 5234 1522 5324 execratione,
1548 5256 1592 5307 ue
1619 5234 1712 5326 quis-
1800 5220 1804 5229 ¹

169 5378 269 5449 quam
305 5379 365 5429 eos
401 5358 470 5428 ullo
506 5364 679 5449 tempore,
715 5357 878 5429 indicto
914 5357 1194 5448 irrepatronatus
1225 5355 1339 5435 dieue
1373 5353 1552 5431 onsurae
1584 5354 1714 5437 aaut
1856 5440 1863 5447 ,
