<?xml version="1.0" encoding="UTF-8"?>
<!DOCTYPE html PUBLIC "-//W3C//DTD XHTML 1.0 Transitional//EN"
    "http://www.w3.org/TR/xhtml1/DTD/xhtml1-transitional.dtd">
<html xmlns="http://www.w3.org/1999/xhtml" xml:lang="en" lang="en">
 <head>
  <title>
</title>
<meta http-equiv="Content-Type" content="text/html;charset=utf-8" />
  <meta name='ocr-system' content='tesseract 3.04.00' />
  <meta name='ocr-capabilities' content='ocr_page ocr_carea ocr_par ocr_line ocrx_word'/>
</head>
<body>
  <div class='ocr_page' id='page_1' title='image "./joannisdugoszse00dugoog_0450.png"; bbox 0 0 4050 6054; ppageno 0'>
   <div class='ocr_carea' id='block_1_1' title="bbox 1632 499 1707 590">
    <p class='ocr_par' dir='ltr' id='par_1_1' title="bbox 1632 499 1707 590">
     <span class='ocr_line' id='line_1_1' title="bbox 1632 499 1707 590; baseline -0.013 0"><span class='ocrx_word' id='word_1_1' title='bbox 1632 499 1707 590; x_wconf 71' lang='lat' dir='ltr'><strong>aar</strong></span> 
     </span>
    </p>
   </div>
   <div class='ocr_carea' id='block_1_2' title="bbox 55 714 1795 1419">
    <p class='ocr_par' dir='ltr' id='par_1_2' title="bbox 55 714 1795 937">
     <span class='ocr_line' id='line_1_2' title="bbox 163 714 1710 817; baseline 0 -19"><span class='ocrx_word' id='word_1_2' title='bbox 163 726 390 798; x_wconf 91' lang='lat' dir='ltr'><strong>castellanum</strong></span> <span class='ocrx_word' id='word_1_3' title='bbox 416 723 688 816; x_wconf 79' lang='lat' dir='ltr'><strong>Oracovicnsem</strong></span> <span class='ocrx_word' id='word_1_4' title='bbox 716 726 767 798; x_wconf 92' lang='lat' dir='ltr'><strong>eis</strong></span> <span class='ocrx_word' id='word_1_5' title='bbox 794 725 930 816; x_wconf 87' lang='lat' dir='ltr'><strong>collata,</strong></span> <span class='ocrx_word' id='word_1_6' title='bbox 957 730 995 798; x_wconf 88' lang='lat' dir='ltr'><strong>et</strong></span> <span class='ocrx_word' id='word_1_7' title='bbox 1020 724 1057 798; x_wconf 90' lang='lat' dir='ltr'><strong>in</strong></span> <span class='ocrx_word' id='word_1_8' title='bbox 1084 725 1274 797; x_wconf 74' lang='lat' dir='ltr'><strong>custodiam</strong></span> <span class='ocrx_word' id='word_1_9' title='bbox 1301 714 1552 817; x_wconf 89' lang='lat' dir='ltr'><strong>Visliciensem‚</strong></span> <span class='ocrx_word' id='word_1_10' title='bbox 1580 745 1622 798; x_wconf 85' lang='lat' dir='ltr'><strong>ex</strong></span> <span class='ocrx_word' id='word_1_11' title='bbox 1638 745 1710 817; x_wconf 83' lang='lat' dir='ltr'><strong>qno</strong></span> 
     </span>
     <span class='ocr_line' id='line_1_3' title="bbox 55 845 1795 937; baseline -0.001 -19"><span class='ocrx_word' id='word_1_12' title='bbox 55 927 57 930; x_wconf 51' lang='grc'><strong>,</strong></span> <span class='ocrx_word' id='word_1_13' title='bbox 163 847 254 918; x_wconf 89' lang='lat' dir='ltr'><strong>idem</strong></span> <span class='ocrx_word' id='word_1_14' title='bbox 281 846 460 918; x_wconf 88' lang='lat' dir='ltr'><strong>Johanues</strong></span> <span class='ocrx_word' id='word_1_15' title='bbox 486 846 720 937; x_wconf 90' lang='lat' dir='ltr'><strong>Dlngosch</strong></span> <span class='ocrx_word' id='word_1_16' title='bbox 747 847 881 919; x_wconf 90' lang='lat' dir='ltr'><strong>meliori</strong></span> <span class='ocrx_word' id='word_1_17' title='bbox 910 847 980 918; x_wconf 90' lang='lat' dir='ltr'><strong>situ</strong></span> <span class='ocrx_word' id='word_1_18' title='bbox 1006 852 1174 936; x_wconf 86' lang='lat' dir='ltr'><strong>coempto,</strong></span> <span class='ocrx_word' id='word_1_19' title='bbox 1202 846 1341 918; x_wconf 88' lang='lat' dir='ltr'><strong>vicariis</strong></span> <span class='ocrx_word' id='word_1_20' title='bbox 1368 867 1493 918; x_wconf 83' lang='lat' dir='ltr'><strong>noram</strong></span> <span class='ocrx_word' id='word_1_21' title='bbox 1518 845 1710 934; x_wconf 82' lang='lat' dir='ltr'><strong>fabricavit,</strong></span> <span class='ocrx_word' id='word_1_22' title='bbox 1793 922 1795 926; x_wconf 66' lang='grc'><strong>,</strong></span> 
     </span>
    </p>

    <p class='ocr_par' dir='ltr' id='par_1_3' title="bbox 93 947 1711 1419">
     <span class='ocr_line' id='line_1_4' title="bbox 93 947 1711 1058; baseline -0.001 -20"><span class='ocrx_word' id='word_1_23' title='bbox 93 1026 95 1030; x_wconf 96' lang='grc'>.</span> <span class='ocrx_word' id='word_1_24' title='bbox 162 989 205 1038; x_wconf 84' lang='lat' dir='ltr'><strong>cr</strong></span> <span class='ocrx_word' id='word_1_25' title='bbox 232 989 331 1038; x_wconf 90' lang='lat' dir='ltr'><strong>muro</strong></span> <span class='ocrx_word' id='word_1_26' title='bbox 368 967 505 1038; x_wconf 92' lang='lat' dir='ltr'><strong>domum</strong></span> <span class='ocrx_word' id='word_1_27' title='bbox 540 967 732 1057; x_wconf 91' lang='lat' dir='ltr'><strong>translata,</strong></span> <span class='ocrx_word' id='word_1_28' title='bbox 764 969 799 1039; x_wconf 92' lang='lat' dir='ltr'><strong>in</strong></span> <span class='ocrx_word' id='word_1_29' title='bbox 828 989 896 1058; x_wconf 90' lang='lat' dir='ltr'><strong>qua</strong></span> <span class='ocrx_word' id='word_1_30' title='bbox 918 947 1076 1058; x_wconf 30' lang='lat' dir='ltr'><strong>&#39;possent</strong></span> <span class='ocrx_word' id='word_1_31' title='bbox 1110 967 1198 1038; x_wconf 85' lang='lat' dir='ltr'>duae</span> <span class='ocrx_word' id='word_1_32' title='bbox 1233 967 1467 1039; x_wconf 78' lang='lat' dir='ltr'><strong>habitationes</strong></span> <span class='ocrx_word' id='word_1_33' title='bbox 1502 964 1711 1037; x_wconf 84' lang='lat' dir='ltr'><strong>sufficienter</strong></span> 
     </span>
     <span class='ocr_line' id='line_1_5' title="bbox 163 1082 1711 1196; baseline -0.001 -37"><span class='ocrx_word' id='word_1_34' title='bbox 163 1087 334 1160; x_wconf 91' lang='lat' dir='ltr'><strong>collocari.</strong></span> <span class='ocrx_word' id='word_1_35' title='bbox 360 1088 450 1158; x_wconf 87' lang='lat' dir='ltr'><strong>Item</strong></span> <span class='ocrx_word' id='word_1_36' title='bbox 463 1082 583 1158; x_wconf 79' lang='lat' dir='ltr'><strong>&#39;habet</strong></span> <span class='ocrx_word' id='word_1_37' title='bbox 599 1088 768 1160; x_wconf 71' lang='lat' dir='ltr'><strong>‘custodia</strong></span> <span class='ocrx_word' id='word_1_38' title='bbox 784 1086 1001 1159; x_wconf 85' lang='lat' dir='ltr'><strong>Visliciensis</strong></span> <span class='ocrx_word' id='word_1_39' title='bbox 1028 1087 1174 1160; x_wconf 86' lang='lat' dir='ltr'><strong>alteram</strong></span> <span class='ocrx_word' id='word_1_40' title='bbox 1201 1108 1318 1160; x_wconf 91' lang='lat' dir='ltr'><strong>aream</strong></span> <span class='ocrx_word' id='word_1_41' title='bbox 1345 1088 1432 1158; x_wconf 90' lang='lat' dir='ltr'><strong>satis</strong></span> <span class='ocrx_word' id='word_1_42' title='bbox 1450 1090 1711 1196; x_wconf 83' lang='lat' dir='ltr'><strong>competentem,</strong></span> 
     </span>
     <span class='ocr_line' id='line_1_6' title="bbox 163 1205 1711 1311; baseline -0.001 -32"><span class='ocrx_word' id='word_1_43' title='bbox 163 1212 320 1279; x_wconf 88' lang='lat' dir='ltr'><strong>muratae</strong></span> <span class='ocrx_word' id='word_1_44' title='bbox 341 1208 472 1311; x_wconf 91' lang='lat' dir='ltr'><strong>domni</strong></span> <span class='ocrx_word' id='word_1_45' title='bbox 508 1208 716 1279; x_wconf 88' lang='lat' dir='ltr'><strong>vicariorum</strong></span> <span class='ocrx_word' id='word_1_46' title='bbox 752 1208 968 1299; x_wconf 80' lang='lat' dir='ltr'><strong>contiguam,</strong></span> <span class='ocrx_word' id='word_1_47' title='bbox 1004 1228 1106 1298; x_wconf 91' lang='lat' dir='ltr'><strong>qnam</strong></span> <span class='ocrx_word' id='word_1_48' title='bbox 1127 1207 1236 1279; x_wconf 82' lang='lat' dir='ltr'><strong>&#39;idem</strong></span> <span class='ocrx_word' id='word_1_49' title='bbox 1261 1207 1439 1280; x_wconf 80' lang='lat' dir='ltr'><strong>lohannes</strong></span> <span class='ocrx_word' id='word_1_50' title='bbox 1474 1205 1711 1297; x_wconf 91' lang='lat' dir='ltr'><strong>Dlngosch</strong></span> 
     </span>
     <span class='ocr_line' id='line_1_7' title="bbox 162 1325 1711 1419; baseline -0.001 -19"><span class='ocrx_word' id='word_1_51' title='bbox 162 1334 279 1400; x_wconf 91' lang='lat' dir='ltr'><strong>custos</strong></span> <span class='ocrx_word' id='word_1_52' title='bbox 306 1326 532 1419; x_wconf 87' lang='lat' dir='ltr'><strong>Visliciensis,</strong></span> <span class='ocrx_word' id='word_1_53' title='bbox 559 1329 685 1419; x_wconf 90' lang='lat' dir='ltr'><strong>partim</strong></span> <span class='ocrx_word' id='word_1_54' title='bbox 713 1328 805 1419; x_wconf 90' lang='lat' dir='ltr'><strong>apud</strong></span> <span class='ocrx_word' id='word_1_55' title='bbox 831 1328 1025 1401; x_wconf 87' lang='lat' dir='ltr'><strong>Johauncm</strong></span> <span class='ocrx_word' id='word_1_56' title='bbox 1051 1327 1317 1419; x_wconf 90' lang='lat' dir='ltr'><strong>Ranognth,</strong></span> <span class='ocrx_word' id='word_1_57' title='bbox 1348 1328 1475 1418; x_wconf 87' lang='lat' dir='ltr'><strong>partim</strong></span> <span class='ocrx_word' id='word_1_58' title='bbox 1501 1326 1594 1418; x_wconf 90' lang='lat' dir='ltr'><strong>apud</strong></span> <span class='ocrx_word' id='word_1_59' title='bbox 1621 1325 1711 1398; x_wconf 89' lang='lat' dir='ltr'><strong>filias</strong></span> 
     </span>
    </p>
   </div>
   <div class='ocr_carea' id='block_1_3' title="bbox 47 1447 1711 1540">
    <p class='ocr_par' dir='ltr' id='par_1_4' title="bbox 47 1447 1711 1540">
     <span class='ocr_line' id='line_1_8' title="bbox 47 1447 1711 1540; baseline -0.001 -20"><span class='ocrx_word' id='word_1_60' title='bbox 47 1468 66 1507; x_wconf 66' lang='lat'>1</span> <span class='ocrx_word' id='word_1_61' title='bbox 162 1449 430 1521; x_wconf 89' lang='lat' dir='ltr'><strong>Bednarcze</strong></span> <span class='ocrx_word' id='word_1_62' title='bbox 465 1449 618 1539; x_wconf 89' lang='lat' dir='ltr'><strong>propriis</strong></span> <span class='ocrx_word' id='word_1_63' title='bbox 653 1449 808 1540; x_wconf 91' lang='lat' dir='ltr'><strong>pecuniis</strong></span> <span class='ocrx_word' id='word_1_64' title='bbox 844 1450 970 1522; x_wconf 89' lang='lat' dir='ltr'><strong>coemit</strong></span> <span class='ocrx_word' id='word_1_65' title='bbox 996 1454 1032 1520; x_wconf 88' lang='lat' dir='ltr'><strong>et</strong></span> <span class='ocrx_word' id='word_1_66' title='bbox 1057 1449 1247 1540; x_wconf 81' lang='lat' dir='ltr'><strong>libertavit,</strong></span> <span class='ocrx_word' id='word_1_67' title='bbox 1273 1453 1310 1521; x_wconf 90' lang='lat' dir='ltr'><strong>et</strong></span> <span class='ocrx_word' id='word_1_68' title='bbox 1336 1449 1424 1522; x_wconf 90' lang='lat' dir='ltr'><strong>sorti</strong></span> <span class='ocrx_word' id='word_1_69' title='bbox 1457 1447 1711 1521; x_wconf 86' lang='lat' dir='ltr'><strong>ecclesiasticae</strong></span> 
     </span>
    </p>
   </div>
   <div class='ocr_carea' id='block_1_4' title="bbox 162 1570 1091 1665">
    <p class='ocr_par' dir='ltr' id='par_1_5' title="bbox 162 1570 1091 1665">
     <span class='ocr_line' id='line_1_9' title="bbox 162 1570 1091 1665; baseline -0.001 -23"><span class='ocrx_word' id='word_1_70' title='bbox 162 1577 267 1661; x_wconf 91' lang='lat' dir='ltr'><strong>atque</strong></span> <span class='ocrx_word' id='word_1_71' title='bbox 293 1570 471 1643; x_wconf 88' lang='lat' dir='ltr'><strong>custodiae</strong></span> <span class='ocrx_word' id='word_1_72' title='bbox 497 1571 699 1644; x_wconf 86' lang='lat' dir='ltr'><strong>Visliciensi</strong></span> <span class='ocrx_word' id='word_1_73' title='bbox 727 1576 896 1665; x_wconf 90' lang='lat' dir='ltr'><strong>perpetuo</strong></span> <span class='ocrx_word' id='word_1_74' title='bbox 923 1570 1091 1644; x_wconf 85' lang='lat' dir='ltr'><strong>adiunxit.</strong></span> 
     </span>
    </p>
   </div>
   <div class='ocr_carea' id='block_1_5' title="bbox 640 1918 1235 2039">
    <p class='ocr_par' dir='ltr' id='par_1_6' title="bbox 640 1918 1235 2039">
     <span class='ocr_line' id='line_1_10' title="bbox 640 1918 1235 2039; baseline 0 -21"><span class='ocrx_word' id='word_1_75' title='bbox 640 1939 885 2021; x_wconf 83' lang='lat' dir='ltr'><strong>Praebende</strong></span> <span class='ocrx_word' id='word_1_76' title='bbox 920 1918 1235 2039; x_wconf 79' lang='lat' dir='ltr'><strong>Deoclneczske.</strong></span> 
     </span>
    </p>
   </div>
   <div class='ocr_carea' id='block_1_6' title="bbox 63 2175 1790 4325">
    <p class='ocr_par' dir='ltr' id='par_1_7' title="bbox 159 2175 1713 2752">
     <span class='ocr_line' id='line_1_11' title="bbox 265 2175 1713 2267; baseline -0.001 -20"><span class='ocrx_word' id='word_1_77' title='bbox 265 2176 470 2249; x_wconf 89' lang='lat' dir='ltr'><strong>Praebenda</strong></span> <span class='ocrx_word' id='word_1_78' title='bbox 495 2176 737 2249; x_wconf 86' lang='lat' dir='ltr'><strong>Drocheczska</strong></span> <span class='ocrx_word' id='word_1_79' title='bbox 755 2175 972 2250; x_wconf 88' lang='lat' dir='ltr'><strong>Visliciensis</strong></span> <span class='ocrx_word' id='word_1_80' title='bbox 998 2177 1121 2267; x_wconf 88' lang='lat' dir='ltr'><strong>prima,</strong></span> <span class='ocrx_word' id='word_1_81' title='bbox 1147 2196 1170 2248; x_wconf 93' lang='lat' dir='ltr'><strong>a</strong></span> <span class='ocrx_word' id='word_1_82' title='bbox 1194 2177 1278 2248; x_wconf 86' lang='lat' dir='ltr'><strong>villa</strong></span> <span class='ocrx_word' id='word_1_83' title='bbox 1303 2175 1562 2266; x_wconf 89' lang='lat' dir='ltr'><strong>Drochccz,</strong></span> <span class='ocrx_word' id='word_1_84' title='bbox 1588 2175 1713 2267; x_wconf 91' lang='lat' dir='ltr'><strong>inqua</strong></span> 
     </span>
     <span class='ocr_line' id='line_1_12' title="bbox 162 2295 1712 2389; baseline -0.002 -19"><span class='ocrx_word' id='word_1_85' title='bbox 162 2304 217 2371; x_wconf 87' lang='lat' dir='ltr'><strong>est</strong></span> <span class='ocrx_word' id='word_1_86' title='bbox 243 2299 317 2370; x_wconf 90' lang='lat' dir='ltr'><strong>eius</strong></span> <span class='ocrx_word' id='word_1_87' title='bbox 342 2297 546 2389; x_wconf 87' lang='lat' dir='ltr'><strong>principalis</strong></span> <span class='ocrx_word' id='word_1_88' title='bbox 574 2297 707 2369; x_wconf 93' lang='lat' dir='ltr'><strong>decima</strong></span> <span class='ocrx_word' id='word_1_89' title='bbox 732 2296 967 2388; x_wconf 81' lang='lat' dir='ltr'><strong>manipulario,</strong></span> <span class='ocrx_word' id='word_1_90' title='bbox 995 2295 1224 2388; x_wconf 91' lang='lat' dir='ltr'><strong>denominata,</strong></span> <span class='ocrx_word' id='word_1_91' title='bbox 1251 2319 1353 2388; x_wconf 91' lang='lat' dir='ltr'><strong>quam</strong></span> <span class='ocrx_word' id='word_1_92' title='bbox 1380 2317 1472 2369; x_wconf 88' lang='lat' dir='ltr'><strong>nuuc</strong></span> <span class='ocrx_word' id='word_1_93' title='bbox 1497 2297 1632 2369; x_wconf 89' lang='lat' dir='ltr'><strong>obtinet</strong></span> <span class='ocrx_word' id='word_1_94' title='bbox 1650 2295 1712 2367; x_wconf 87' lang='lat' dir='ltr'><strong>Al·</strong></span> 
     </span>
     <span class='ocr_line' id='line_1_13' title="bbox 159 2416 1712 2508; baseline -0.001 -18"><span class='ocrx_word' id='word_1_95' title='bbox 159 2421 281 2491; x_wconf 90' lang='lat' dir='ltr'><strong>bertns</strong></span> <span class='ocrx_word' id='word_1_96' title='bbox 317 2419 361 2490; x_wconf 93' lang='lat' dir='ltr'><strong>de</strong></span> <span class='ocrx_word' id='word_1_97' title='bbox 395 2418 497 2492; x_wconf 88' lang='lat' dir='ltr'><strong>Nova</strong></span> <span class='ocrx_word' id='word_1_98' title='bbox 523 2416 693 2508; x_wconf 77' lang='lat' dir='ltr'><strong>Ciuitate,</strong></span> <span class='ocrx_word' id='word_1_99' title='bbox 721 2419 940 2490; x_wconf 84' lang='lat' dir='ltr'><strong>decretorum</strong></span> <span class='ocrx_word' id='word_1_100' title='bbox 965 2419 1026 2489; x_wconf 91' lang='lat' dir='ltr'><strong>Dr.</strong></span> <span class='ocrx_word' id='word_1_101' title='bbox 1054 2422 1091 2490; x_wconf 90' lang='lat' dir='ltr'><strong>et</strong></span> <span class='ocrx_word' id='word_1_102' title='bbox 1116 2424 1232 2490; x_wconf 89' lang='lat' dir='ltr'><strong>rector</strong></span> <span class='ocrx_word' id='word_1_103' title='bbox 1258 2416 1423 2490; x_wconf 88' lang='lat' dir='ltr'><strong>ccclesiae</strong></span> <span class='ocrx_word' id='word_1_104' title='bbox 1450 2416 1712 2508; x_wconf 89' lang='lat' dir='ltr'><strong>parochialisin</strong></span> 
     </span>
     <span class='ocr_line' id='line_1_14' title="bbox 161 2538 1705 2632; baseline 0 -21"><span class='ocrx_word' id='word_1_105' title='bbox 161 2541 448 2632; x_wconf 88' lang='lat' dir='ltr'><strong>Pyotrawin,</strong></span> <span class='ocrx_word' id='word_1_106' title='bbox 475 2561 544 2612; x_wconf 94' lang='lat' dir='ltr'><strong>non</strong></span> <span class='ocrx_word' id='word_1_107' title='bbox 570 2540 677 2611; x_wconf 89' lang='lat' dir='ltr'><strong>habet</strong></span> <span class='ocrx_word' id='word_1_108' title='bbox 703 2540 853 2631; x_wconf 84' lang='lat' dir='ltr'><strong>aliquem</strong></span> <span class='ocrx_word' id='word_1_109' title='bbox 879 2539 1023 2613; x_wconf 86' lang='lat' dir='ltr'><strong>inndnm</strong></span> <span class='ocrx_word' id='word_1_110' title='bbox 1040 2540 1144 2611; x_wconf 85' lang='lat' dir='ltr'><strong>villae</strong></span> <span class='ocrx_word' id='word_1_111' title='bbox 1171 2545 1231 2611; x_wconf 90' lang='lat' dir='ltr'><strong>ant</strong></span> <span class='ocrx_word' id='word_1_112' title='bbox 1257 2539 1392 2629; x_wconf 90' lang='lat' dir='ltr'><strong>praedii</strong></span> <span class='ocrx_word' id='word_1_113' title='bbox 1417 2560 1481 2630; x_wconf 92' lang='lat' dir='ltr'><strong>pro</strong></span> <span class='ocrx_word' id='word_1_114' title='bbox 1508 2560 1570 2611; x_wconf 91' lang='lat' dir='ltr'><strong>sno</strong></span> <span class='ocrx_word' id='word_1_115' title='bbox 1588 2538 1705 2628; x_wconf 85' lang='lat' dir='ltr'><strong>fundo,</strong></span> 
     </span>
     <span class='ocr_line' id='line_1_15' title="bbox 163 2649 1330 2752; baseline -0.003 -18"><span class='ocrx_word' id='word_1_116' title='bbox 163 2663 223 2734; x_wconf 87' lang='lat' dir='ltr'><strong>sed</strong></span> <span class='ocrx_word' id='word_1_117' title='bbox 250 2662 357 2733; x_wconf 91' lang='lat' dir='ltr'><strong>habet</strong></span> <span class='ocrx_word' id='word_1_118' title='bbox 383 2682 444 2733; x_wconf 84' lang='lat' dir='ltr'><strong>sex</strong></span> <span class='ocrx_word' id='word_1_119' title='bbox 471 2660 622 2734; x_wconf 85' lang='lat' dir='ltr'><strong>decimas</strong></span> <span class='ocrx_word' id='word_1_120' title='bbox 648 2649 882 2752; x_wconf 82' lang='lat' dir='ltr'><strong>manipulares</strong></span> <span class='ocrx_word' id='word_1_121' title='bbox 908 2663 945 2733; x_wconf 95' lang='lat' dir='ltr'><strong>in</strong></span> <span class='ocrx_word' id='word_1_122' title='bbox 971 2661 1064 2733; x_wconf 85' lang='lat' dir='ltr'><strong>villis</strong></span> <span class='ocrx_word' id='word_1_123' title='bbox 1090 2659 1330 2751; x_wconf 84' lang='lat' dir='ltr'><strong>infrascriptis.</strong></span> 
     </span>
    </p>

    <p class='ocr_par' dir='ltr' id='par_1_8' title="bbox 63 2768 1790 3961">
     <span class='ocr_line' id='line_1_16' title="bbox 264 2768 1713 2873; baseline -0.001 -20"><span class='ocrx_word' id='word_1_124' title='bbox 264 2782 483 2871; x_wconf 83' lang='lat' dir='ltr'><strong>Dsocuncz,</strong></span> <span class='ocrx_word' id='word_1_125' title='bbox 511 2768 595 2855; x_wconf 85' lang='lat' dir='ltr'><strong>villa</strong></span> <span class='ocrx_word' id='word_1_126' title='bbox 629 2782 694 2855; x_wconf 92' lang='lat' dir='ltr'><strong>snb</strong></span> <span class='ocrx_word' id='word_1_127' title='bbox 728 2783 896 2873; x_wconf 89' lang='lat' dir='ltr'><strong>parochia</strong></span> <span class='ocrx_word' id='word_1_128' title='bbox 927 2782 1093 2855; x_wconf 88' lang='lat' dir='ltr'><strong>ecclesiae</strong></span> <span class='ocrx_word' id='word_1_129' title='bbox 1120 2783 1163 2854; x_wconf 92' lang='lat' dir='ltr'><strong>de</strong></span> <span class='ocrx_word' id='word_1_130' title='bbox 1188 2781 1372 2854; x_wconf 91' lang='lat' dir='ltr'><strong>Radlow</strong></span> <span class='ocrx_word' id='word_1_131' title='bbox 1398 2780 1607 2872; x_wconf 89' lang='lat' dir='ltr'><strong>parochialis</strong></span> <span class='ocrx_word' id='word_1_132' title='bbox 1634 2783 1713 2872; x_wconf 90' lang='lat' dir='ltr'><strong>sita,</strong></span> 
     </span>
     <span class='ocr_line' id='line_1_17' title="bbox 161 2899 1741 3007; baseline 0 -32"><span class='ocrx_word' id='word_1_133' title='bbox 161 2903 265 2975; x_wconf 82' lang='lat' dir='ltr'><strong>cuins·</strong></span> <span class='ocrx_word' id='word_1_134' title='bbox 284 2903 452 2974; x_wconf 86' lang='lat' dir='ltr'><strong>haeredes</strong></span> <span class='ocrx_word' id='word_1_135' title='bbox 480 2901 721 3007; x_wconf 76' lang='lat' dir='ltr'><strong>sigismundus</strong></span> <span class='ocrx_word' id='word_1_136' title='bbox 747 2903 1013 2998; x_wconf 85' lang='lat' dir='ltr'><strong>Bobowsky,</strong></span> <span class='ocrx_word' id='word_1_137' title='bbox 1040 2903 1166 2976; x_wconf 92' lang='lat' dir='ltr'><strong>nobilis</strong></span> <span class='ocrx_word' id='word_1_138' title='bbox 1193 2904 1236 2975; x_wconf 90' lang='lat' dir='ltr'><strong>de</strong></span> <span class='ocrx_word' id='word_1_139' title='bbox 1263 2903 1363 2976; x_wconf 91' lang='lat' dir='ltr'><strong>domo</strong></span> <span class='ocrx_word' id='word_1_140' title='bbox 1392 2899 1659 2994; x_wconf 74' lang='lat' dir='ltr'><strong>(irrisionum,</strong></span> <span class='ocrx_word' id='word_1_141' title='bbox 1678 2907 1741 3003; x_wconf 86' lang='lat' dir='ltr'><strong>et</strong></span> 
     </span>
     <span class='ocr_line' id='line_1_18' title="bbox 160 2998 1712 3116; baseline -0.001 -20"><span class='ocrx_word' id='word_1_142' title='bbox 160 3023 337 3096; x_wconf 80' lang='lat' dir='ltr'><strong>lohannes</strong></span> <span class='ocrx_word' id='word_1_143' title='bbox 362 2998 616 3116; x_wconf 52' lang='lat' dir='ltr'><strong>Zabaw&#39;slr&#39;y</strong></span> <span class='ocrx_word' id='word_1_144' title='bbox 643 3022 686 3096; x_wconf 91' lang='lat' dir='ltr'><strong>de</strong></span> <span class='ocrx_word' id='word_1_145' title='bbox 714 3022 816 3096; x_wconf 92' lang='lat' dir='ltr'><strong>domo</strong></span> <span class='ocrx_word' id='word_1_146' title='bbox 852 3024 1057 3115; x_wconf 84' lang='lat' dir='ltr'><strong>Zabawa,</strong></span> <span class='ocrx_word' id='word_1_147' title='bbox 1084 3024 1120 3095; x_wconf 93' lang='lat' dir='ltr'><strong>in</strong></span> <span class='ocrx_word' id='word_1_148' title='bbox 1148 3044 1216 3115; x_wconf 89' lang='lat' dir='ltr'><strong>qua</strong></span> <span class='ocrx_word' id='word_1_149' title='bbox 1242 3030 1324 3095; x_wconf 90' lang='lat' dir='ltr'><strong>sunt</strong></span> <span class='ocrx_word' id='word_1_150' title='bbox 1350 3023 1441 3096; x_wconf 91' lang='lat' dir='ltr'><strong>lanei</strong></span> <span class='ocrx_word' id='word_1_151' title='bbox 1469 3023 1712 3113; x_wconf 85' lang='lat' dir='ltr'><strong>cmcthonales,</strong></span> 
     </span>
     <span class='ocr_line' id='line_1_19' title="bbox 159 3144 1712 3236; baseline 0 -21"><span class='ocrx_word' id='word_1_152' title='bbox 159 3145 242 3216; x_wconf 92' lang='lat' dir='ltr'><strong>item</strong></span> <span class='ocrx_word' id='word_1_153' title='bbox 268 3165 338 3216; x_wconf 88' lang='lat' dir='ltr'><strong>una</strong></span> <span class='ocrx_word' id='word_1_154' title='bbox 362 3145 509 3216; x_wconf 90' lang='lat' dir='ltr'><strong>taberna</strong></span> <span class='ocrx_word' id='word_1_155' title='bbox 534 3144 668 3216; x_wconf 91' lang='lat' dir='ltr'><strong>habens</strong></span> <span class='ocrx_word' id='word_1_156' title='bbox 694 3165 808 3235; x_wconf 86' lang='lat' dir='ltr'><strong>agros,</strong></span> <span class='ocrx_word' id='word_1_157' title='bbox 834 3146 918 3217; x_wconf 91' lang='lat' dir='ltr'><strong>item</strong></span> <span class='ocrx_word' id='word_1_158' title='bbox 944 3166 1052 3217; x_wconf 91' lang='lat' dir='ltr'><strong>unum</strong></span> <span class='ocrx_word' id='word_1_159' title='bbox 1077 3144 1312 3217; x_wconf 87' lang='lat' dir='ltr'><strong>molendinum</strong></span> <span class='ocrx_word' id='word_1_160' title='bbox 1337 3145 1470 3216; x_wconf 88' lang='lat' dir='ltr'><strong>habens</strong></span> <span class='ocrx_word' id='word_1_161' title='bbox 1497 3165 1609 3236; x_wconf 89' lang='lat' dir='ltr'><strong>agros,</strong></span> <span class='ocrx_word' id='word_1_162' title='bbox 1628 3145 1712 3216; x_wconf 92' lang='lat' dir='ltr'><strong>item</strong></span> 
     </span>
     <span class='ocr_line' id='line_1_20' title="bbox 164 3252 1717 3357; baseline 0 -20"><span class='ocrx_word' id='word_1_163' title='bbox 164 3265 254 3337; x_wconf 87' lang='lat' dir='ltr'><strong>dnae</strong></span> <span class='ocrx_word' id='word_1_164' title='bbox 281 3264 501 3337; x_wconf 88' lang='lat' dir='ltr'><strong>hortulaniae</strong></span> <span class='ocrx_word' id='word_1_165' title='bbox 527 3263 697 3339; x_wconf 86' lang='lat' dir='ltr'><strong>habentes</strong></span> <span class='ocrx_word' id='word_1_166' title='bbox 724 3286 837 3357; x_wconf 87' lang='lat' dir='ltr'><strong>agros,</strong></span> <span class='ocrx_word' id='word_1_167' title='bbox 865 3265 907 3337; x_wconf 93' lang='lat' dir='ltr'><strong>de</strong></span> <span class='ocrx_word' id='word_1_168' title='bbox 936 3266 1062 3356; x_wconf 87' lang='lat' dir='ltr'><strong>quibus</strong></span> <span class='ocrx_word' id='word_1_169' title='bbox 1089 3263 1248 3338; x_wconf 90' lang='lat' dir='ltr'><strong>omnibns</strong></span> <span class='ocrx_word' id='word_1_170' title='bbox 1274 3265 1429 3338; x_wconf 77' lang='lat' dir='ltr'><strong>solvitur</strong></span> <span class='ocrx_word' id='word_1_171' title='bbox 1448 3252 1717 3337; x_wconf 59' lang='lat' dir='ltr'><strong>decima⁴mani</strong></span> 
     </span>
     <span class='ocr_line' id='line_1_21' title="bbox 63 3376 1714 3477; baseline -0.001 -16"><span class='ocrx_word' id='word_1_172' title='bbox 63 3454 69 3461; x_wconf 93' lang='lat'>.</span> <span class='ocrx_word' id='word_1_173' title='bbox 160 3386 292 3477; x_wconf 83' lang='lat' dir='ltr'><strong>palaris</strong></span> <span class='ocrx_word' id='word_1_174' title='bbox 320 3386 536 3459; x_wconf 86' lang='lat' dir='ltr'><strong>canonicatui</strong></span> <span class='ocrx_word' id='word_1_175' title='bbox 563 3391 600 3457; x_wconf 92' lang='lat' dir='ltr'><strong>et</strong></span> <span class='ocrx_word' id='word_1_176' title='bbox 624 3386 844 3477; x_wconf 87' lang='lat' dir='ltr'><strong>praebendae</strong></span> <span class='ocrx_word' id='word_1_177' title='bbox 870 3385 1055 3477; x_wconf 86' lang='lat' dir='ltr'><strong>praefatis,</strong></span> <span class='ocrx_word' id='word_1_178' title='bbox 1081 3390 1118 3458; x_wconf 85' lang='lat' dir='ltr'><strong>at</strong></span> <span class='ocrx_word' id='word_1_179' title='bbox 1143 3382 1273 3458; x_wconf 89' lang='lat' dir='ltr'><strong>ducunt</strong></span> <span class='ocrx_word' id='word_1_180' title='bbox 1300 3407 1377 3458; x_wconf 92' lang='lat' dir='ltr'><strong>eam</strong></span> <span class='ocrx_word' id='word_1_181' title='bbox 1393 3386 1535 3458; x_wconf 77' lang='lat' dir='ltr'><strong>&#39;incolae</strong></span> <span class='ocrx_word' id='word_1_182' title='bbox 1562 3376 1714 3477; x_wconf 88' lang='lat' dir='ltr'><strong>propriis</strong></span> 
     </span>
     <span class='ocr_line' id='line_1_22' title="bbox 161 3486 1716 3598; baseline 0.001 -20"><span class='ocrx_word' id='word_1_183' title='bbox 161 3508 321 3580; x_wconf 90' lang='lat' dir='ltr'><strong>curribus</strong></span> <span class='ocrx_word' id='word_1_184' title='bbox 356 3508 392 3578; x_wconf 88' lang='lat' dir='ltr'><strong>in</strong></span> <span class='ocrx_word' id='word_1_185' title='bbox 425 3509 588 3579; x_wconf 85' lang='lat' dir='ltr'><strong>horreum</strong></span> <span class='ocrx_word' id='word_1_186' title='bbox 615 3527 637 3577; x_wconf 91' lang='lat' dir='ltr'><strong>a</strong></span> <span class='ocrx_word' id='word_1_187' title='bbox 663 3486 827 3578; x_wconf 84' lang='lat' dir='ltr'><strong>canonico</strong></span> <span class='ocrx_word' id='word_1_188' title='bbox 864 3507 1047 3579; x_wconf 89' lang='lat' dir='ltr'><strong>locandum</strong></span> <span class='ocrx_word' id='word_1_189' title='bbox 1083 3511 1119 3578; x_wconf 89' lang='lat' dir='ltr'><strong>et</strong></span> <span class='ocrx_word' id='word_1_190' title='bbox 1145 3506 1283 3579; x_wconf 79' lang='lat' dir='ltr'><strong>solvunt</strong></span> <span class='ocrx_word' id='word_1_191' title='bbox 1309 3506 1475 3579; x_wconf 88' lang='lat' dir='ltr'><strong>decimam</strong></span> <span class='ocrx_word' id='word_1_192' title='bbox 1503 3507 1626 3598; x_wconf 92' lang='lat' dir='ltr'><strong>canapi</strong></span> <span class='ocrx_word' id='word_1_193' title='bbox 1652 3529 1716 3598; x_wconf 92' lang='lat' dir='ltr'><strong>per</strong></span> 
     </span>
     <span class='ocr_line' id='line_1_23' title="bbox 161 3616 1715 3719; baseline 0 -20"><span class='ocrx_word' id='word_1_194' title='bbox 161 3634 311 3719; x_wconf 88' lang='lat' dir='ltr'><strong>quatuor</strong></span> <span class='ocrx_word' id='word_1_195' title='bbox 347 3629 486 3719; x_wconf 88' lang='lat' dir='ltr'><strong>ierugas</strong></span> <span class='ocrx_word' id='word_1_196' title='bbox 524 3633 560 3698; x_wconf 90' lang='lat' dir='ltr'><strong>et</strong></span> <span class='ocrx_word' id='word_1_197' title='bbox 585 3628 694 3699; x_wconf 79' lang='lat' dir='ltr'><strong>valor.</strong></span> <span class='ocrx_word' id='word_1_198' title='bbox 715 3626 868 3699; x_wconf 90' lang='lat' dir='ltr'><strong>decimae</strong></span> <span class='ocrx_word' id='word_1_199' title='bbox 897 3629 1102 3700; x_wconf 88' lang='lat' dir='ltr'><strong>aestimatur</strong></span> <span class='ocrx_word' id='word_1_200' title='bbox 1128 3627 1173 3700; x_wconf 91' lang='lat' dir='ltr'><strong>ad</strong></span> <span class='ocrx_word' id='word_1_201' title='bbox 1200 3616 1381 3700; x_wconf 89' lang='lat' dir='ltr'><strong>duodecim</strong></span> <span class='ocrx_word' id='word_1_202' title='bbox 1406 3647 1560 3716; x_wconf 82' lang='lat' dir='ltr'><strong>marcas3</strong></span> <span class='ocrx_word' id='word_1_203' title='bbox 1586 3632 1640 3699; x_wconf 90' lang='lat' dir='ltr'><strong>cst</strong></span> <span class='ocrx_word' id='word_1_204' title='bbox 1666 3627 1715 3700; x_wconf 92' lang='lat' dir='ltr'><strong>ibi</strong></span> 
     </span>
     <span class='ocr_line' id='line_1_24' title="bbox 160 3734 1790 3842; baseline 0 -21"><span class='ocrx_word' id='word_1_205' title='bbox 160 3769 230 3821; x_wconf 90' lang='lat' dir='ltr'><strong>nna</strong></span> <span class='ocrx_word' id='word_1_206' title='bbox 256 3749 353 3823; x_wconf 90' lang='lat' dir='ltr'><strong>curia</strong></span> <span class='ocrx_word' id='word_1_207' title='bbox 378 3748 540 3821; x_wconf 87' lang='lat' dir='ltr'><strong>militaris</strong></span> <span class='ocrx_word' id='word_1_208' title='bbox 558 3748 689 3820; x_wconf 91' lang='lat' dir='ltr'><strong>habens</strong></span> <span class='ocrx_word' id='word_1_209' title='bbox 708 3748 899 3840; x_wconf 87' lang='lat' dir='ltr'><strong>praedium,</strong></span> <span class='ocrx_word' id='word_1_210' title='bbox 919 3748 1010 3840; x_wconf 91' lang='lat' dir='ltr'><strong>qnod</strong></span> <span class='ocrx_word' id='word_1_211' title='bbox 1029 3749 1137 3821; x_wconf 85' lang='lat' dir='ltr'><strong>solvit</strong></span> <span class='ocrx_word' id='word_1_212' title='bbox 1155 3746 1322 3820; x_wconf 88' lang='lat' dir='ltr'><strong>decimam</strong></span> <span class='ocrx_word' id='word_1_213' title='bbox 1338 3748 1590 3842; x_wconf 85' lang='lat' dir='ltr'><strong>manipularem</strong></span> <span class='ocrx_word' id='word_1_214' title='bbox 1607 3749 1716 3821; x_wconf 90' lang='lat' dir='ltr'><strong>ecclc·</strong></span> <span class='ocrx_word' id='word_1_215' title='bbox 1788 3734 1790 3738; x_wconf 62' lang='grc'><strong>’</strong></span> 
     </span>
     <span class='ocr_line' id='line_1_25' title="bbox 160 3867 800 3961; baseline -0.006 -19"><span class='ocrx_word' id='word_1_216' title='bbox 160 3870 232 3942; x_wconf 90' lang='lat' dir='ltr'><strong>siae</strong></span> <span class='ocrx_word' id='word_1_217' title='bbox 257 3870 450 3961; x_wconf 88' lang='lat' dir='ltr'><strong>parochiali</strong></span> <span class='ocrx_word' id='word_1_218' title='bbox 475 3870 512 3940; x_wconf 91' lang='lat' dir='ltr'><strong>in</strong></span> <span class='ocrx_word' id='word_1_219' title='bbox 539 3867 800 3942; x_wconf 85' lang='lat' dir='ltr'><strong>Ottninow.</strong></span> 
     </span>
    </p>

    <p class='ocr_par' dir='ltr' id='par_1_9' title="bbox 160 3985 1716 4325">
     <span class='ocr_line' id='line_1_26' title="bbox 271 3985 1714 4082; baseline 0.001 -22"><span class='ocrx_word' id='word_1_220' title='bbox 271 3990 459 4081; x_wconf 78' lang='lat' dir='ltr'><strong>Znnnwn,</strong></span> <span class='ocrx_word' id='word_1_221' title='bbox 486 3989 570 4062; x_wconf 85' lang='lat' dir='ltr'><strong>villa</strong></span> <span class='ocrx_word' id='word_1_222' title='bbox 605 3990 670 4063; x_wconf 89' lang='lat' dir='ltr'><strong>snb</strong></span> <span class='ocrx_word' id='word_1_223' title='bbox 706 3989 873 4081; x_wconf 88' lang='lat' dir='ltr'><strong>parochia</strong></span> <span class='ocrx_word' id='word_1_224' title='bbox 908 3990 1076 4063; x_wconf 90' lang='lat' dir='ltr'><strong>ecclesiae</strong></span> <span class='ocrx_word' id='word_1_225' title='bbox 1112 3985 1320 4081; x_wconf 85' lang='lat' dir='ltr'><strong>parochialis</strong></span> <span class='ocrx_word' id='word_1_226' title='bbox 1356 3990 1400 4063; x_wconf 87' lang='lat' dir='ltr'><strong>dc</strong></span> <span class='ocrx_word' id='word_1_227' title='bbox 1425 3989 1611 4064; x_wconf 85' lang='lat' dir='ltr'><strong>Radlow</strong></span> <span class='ocrx_word' id='word_1_228' title='bbox 1637 3992 1714 4082; x_wconf 80' lang='lat' dir='ltr'><strong>sita,</strong></span> 
     </span>
     <span class='ocr_line' id='line_1_27' title="bbox 160 4108 1714 4205; baseline 0.002 -22"><span class='ocrx_word' id='word_1_229' title='bbox 160 4111 256 4184; x_wconf 90' lang='lat' dir='ltr'><strong>cuius</strong></span> <span class='ocrx_word' id='word_1_230' title='bbox 282 4111 451 4184; x_wconf 88' lang='lat' dir='ltr'><strong>haeredes</strong></span> <span class='ocrx_word' id='word_1_231' title='bbox 479 4111 719 4202; x_wconf 77' lang='lat' dir='ltr'><strong>sigismundus</strong></span> <span class='ocrx_word' id='word_1_232' title='bbox 746 4112 1007 4204; x_wconf 86' lang='lat' dir='ltr'><strong>Bobowsky</strong></span> <span class='ocrx_word' id='word_1_233' title='bbox 1034 4116 1069 4182; x_wconf 90' lang='lat' dir='ltr'><strong>et</strong></span> <span class='ocrx_word' id='word_1_234' title='bbox 1095 4108 1248 4182; x_wconf 89' lang='lat' dir='ltr'><strong>Joaunes</strong></span> <span class='ocrx_word' id='word_1_235' title='bbox 1275 4110 1304 4180; x_wconf 89' lang='lat' dir='ltr'>Z</span> <span class='ocrx_word' id='word_1_236' title='bbox 1312 4112 1528 4205; x_wconf 82' lang='lat' dir='ltr'><strong>abawsky</strong></span> <span class='ocrx_word' id='word_1_237' title='bbox 1555 4114 1714 4204; x_wconf 90' lang='lat' dir='ltr'><strong>superins</strong></span> 
     </span>
     <span class='ocr_line' id='line_1_28' title="bbox 160 4231 1716 4325; baseline 0.001 -21"><span class='ocrx_word' id='word_1_238' title='bbox 160 4233 336 4325; x_wconf 90' lang='lat' dir='ltr'><strong>descripti,</strong></span> <span class='ocrx_word' id='word_1_239' title='bbox 363 4233 401 4304; x_wconf 94' lang='lat' dir='ltr'><strong>in</strong></span> <span class='ocrx_word' id='word_1_240' title='bbox 430 4253 499 4323; x_wconf 89' lang='lat' dir='ltr'><strong>qna</strong></span> <span class='ocrx_word' id='word_1_241' title='bbox 525 4238 607 4305; x_wconf 87' lang='lat' dir='ltr'><strong>snut</strong></span> <span class='ocrx_word' id='word_1_242' title='bbox 632 4232 725 4305; x_wconf 91' lang='lat' dir='ltr'><strong>lanei</strong></span> <span class='ocrx_word' id='word_1_243' title='bbox 752 4232 992 4322; x_wconf 90' lang='lat' dir='ltr'><strong>cmcthonales,</strong></span> <span class='ocrx_word' id='word_1_244' title='bbox 1021 4232 1215 4323; x_wconf 90' lang='lat' dir='ltr'><strong>dequibus</strong></span> <span class='ocrx_word' id='word_1_245' title='bbox 1242 4233 1390 4305; x_wconf 88' lang='lat' dir='ltr'><strong>solvitur</strong></span> <span class='ocrx_word' id='word_1_246' title='bbox 1408 4231 1716 4325; x_wconf 84' lang='lat' dir='ltr'><strong>decima&#39;manipn-</strong></span> 
     </span>
    </p>
   </div>
   <div class='ocr_carea' id='block_1_7' title="bbox 160 4352 1848 4446">
    <p class='ocr_par' dir='ltr' id='par_1_10' title="bbox 160 4352 1848 4446">
     <span class='ocr_line' id='line_1_29' title="bbox 160 4352 1848 4446; baseline 0.002 -22"><span class='ocrx_word' id='word_1_247' title='bbox 160 4353 243 4424; x_wconf 88' lang='lat' dir='ltr'><strong>laris</strong></span> <span class='ocrx_word' id='word_1_248' title='bbox 279 4353 498 4425; x_wconf 88' lang='lat' dir='ltr'><strong>canonicatui</strong></span> <span class='ocrx_word' id='word_1_249' title='bbox 533 4359 569 4424; x_wconf 91' lang='lat' dir='ltr'><strong>et</strong></span> <span class='ocrx_word' id='word_1_250' title='bbox 603 4353 823 4444; x_wconf 84' lang='lat' dir='ltr'><strong>praebendae</strong></span> <span class='ocrx_word' id='word_1_251' title='bbox 849 4352 1032 4444; x_wconf 87' lang='lat' dir='ltr'><strong>praefatis,</strong></span> <span class='ocrx_word' id='word_1_252' title='bbox 1059 4358 1095 4425; x_wconf 88' lang='lat' dir='ltr'><strong>et</strong></span> <span class='ocrx_word' id='word_1_253' title='bbox 1121 4353 1252 4426; x_wconf 88' lang='lat' dir='ltr'><strong>ducunt</strong></span> <span class='ocrx_word' id='word_1_254' title='bbox 1278 4354 1375 4426; x_wconf 88' lang='lat' dir='ltr'><strong>illam</strong></span> <span class='ocrx_word' id='word_1_255' title='bbox 1402 4355 1535 4427; x_wconf 88' lang='lat' dir='ltr'><strong>incolae</strong></span> <span class='ocrx_word' id='word_1_256' title='bbox 1561 4355 1715 4446; x_wconf 89' lang='lat' dir='ltr'><strong>propriis</strong></span> <span class='ocrx_word' id='word_1_257' title='bbox 1844 4411 1848 4416; x_wconf 64' lang='lat'><strong>,</strong></span> 
     </span>
    </p>
   </div>
   <div class='ocr_carea' id='block_1_8' title="bbox 157 4473 1714 5050">
    <p class='ocr_par' dir='ltr' id='par_1_11' title="bbox 157 4473 1714 5050">
     <span class='ocr_line' id='line_1_30' title="bbox 160 4473 1712 4568; baseline 0.001 -22"><span class='ocrx_word' id='word_1_258' title='bbox 160 4474 318 4546; x_wconf 89' lang='lat' dir='ltr'><strong>curribus</strong></span> <span class='ocrx_word' id='word_1_259' title='bbox 352 4476 389 4546; x_wconf 89' lang='lat' dir='ltr'><strong>in</strong></span> <span class='ocrx_word' id='word_1_260' title='bbox 422 4475 587 4547; x_wconf 86' lang='lat' dir='ltr'><strong>horreum</strong></span> <span class='ocrx_word' id='word_1_261' title='bbox 622 4496 644 4546; x_wconf 90' lang='lat' dir='ltr'><strong>a</strong></span> <span class='ocrx_word' id='word_1_262' title='bbox 670 4476 835 4547; x_wconf 88' lang='lat' dir='ltr'><strong>canonico</strong></span> <span class='ocrx_word' id='word_1_263' title='bbox 866 4473 1049 4547; x_wconf 90' lang='lat' dir='ltr'><strong>locandum</strong></span> <span class='ocrx_word' id='word_1_264' title='bbox 1075 4480 1113 4546; x_wconf 89' lang='lat' dir='ltr'><strong>et</strong></span> <span class='ocrx_word' id='word_1_265' title='bbox 1138 4474 1279 4548; x_wconf 84' lang='lat' dir='ltr'><strong>solvunt</strong></span> <span class='ocrx_word' id='word_1_266' title='bbox 1306 4475 1472 4548; x_wconf 91' lang='lat' dir='ltr'><strong>decimam</strong></span> <span class='ocrx_word' id='word_1_267' title='bbox 1500 4476 1623 4568; x_wconf 90' lang='lat' dir='ltr'><strong>canapi</strong></span> <span class='ocrx_word' id='word_1_268' title='bbox 1649 4497 1712 4568; x_wconf 91' lang='lat' dir='ltr'><strong>per</strong></span> 
     </span>
     <span class='ocr_line' id='line_1_31' title="bbox 160 4573 1504 4697; baseline 0.002 -31"><span class='ocrx_word' id='word_1_269' title='bbox 160 4599 307 4686; x_wconf 89' lang='lat' dir='ltr'><strong>quatuor</strong></span> <span class='ocrx_word' id='word_1_270' title='bbox 333 4596 480 4687; x_wconf 89' lang='lat' dir='ltr'><strong>ierugas,</strong></span> <span class='ocrx_word' id='word_1_271' title='bbox 507 4602 543 4669; x_wconf 86' lang='lat' dir='ltr'><strong>et</strong></span> <span class='ocrx_word' id='word_1_272' title='bbox 569 4573 668 4668; x_wconf 84' lang='lat' dir='ltr'><strong>valor</strong></span> <span class='ocrx_word' id='word_1_273' title='bbox 694 4595 847 4668; x_wconf 91' lang='lat' dir='ltr'><strong>decimae</strong></span> <span class='ocrx_word' id='word_1_274' title='bbox 874 4595 1080 4697; x_wconf 80' lang='lat' dir='ltr'><strong>aestimatur</strong></span> <span class='ocrx_word' id='word_1_275' title='bbox 1107 4595 1152 4668; x_wconf 92' lang='lat' dir='ltr'><strong>ad</strong></span> <span class='ocrx_word' id='word_1_276' title='bbox 1180 4596 1333 4688; x_wconf 89' lang='lat' dir='ltr'><strong>quinque</strong></span> <span class='ocrx_word' id='word_1_277' title='bbox 1360 4618 1504 4669; x_wconf 89' lang='lat' dir='ltr'><strong>marcas.</strong></span> 
     </span>
     <span class='ocr_line' id='line_1_32' title="bbox 264 4714 1714 4809; baseline 0.002 -23"><span class='ocrx_word' id='word_1_278' title='bbox 264 4714 506 4806; x_wconf 85' lang='lat' dir='ltr'><strong>Swmcznow‚</strong></span> <span class='ocrx_word' id='word_1_279' title='bbox 533 4716 617 4787; x_wconf 87' lang='lat' dir='ltr'><strong>villa</strong></span> <span class='ocrx_word' id='word_1_280' title='bbox 648 4717 713 4789; x_wconf 88' lang='lat' dir='ltr'><strong>snb</strong></span> <span class='ocrx_word' id='word_1_281' title='bbox 747 4716 917 4808; x_wconf 90' lang='lat' dir='ltr'><strong>parochia</strong></span> <span class='ocrx_word' id='word_1_282' title='bbox 953 4717 1119 4789; x_wconf 88' lang='lat' dir='ltr'><strong>ecclesiae</strong></span> <span class='ocrx_word' id='word_1_283' title='bbox 1147 4715 1190 4789; x_wconf 89' lang='lat' dir='ltr'><strong>de</strong></span> <span class='ocrx_word' id='word_1_284' title='bbox 1218 4714 1341 4809; x_wconf 83' lang='lat' dir='ltr'><strong>Gory</strong></span> <span class='ocrx_word' id='word_1_285' title='bbox 1367 4718 1448 4809; x_wconf 91' lang='lat' dir='ltr'><strong>sita,</strong></span> <span class='ocrx_word' id='word_1_286' title='bbox 1476 4718 1573 4790; x_wconf 90' lang='lat' dir='ltr'><strong>cuins</strong></span> <span class='ocrx_word' id='word_1_287' title='bbox 1600 4715 1714 4789; x_wconf 89' lang='lat' dir='ltr'><strong>Adam</strong></span> 
     </span>
     <span class='ocr_line' id='line_1_33' title="bbox 158 4836 1713 4939; baseline 0.002 -31"><span class='ocrx_word' id='word_1_288' title='bbox 158 4836 509 4928; x_wconf 81' lang='lat' dir='ltr'><strong>Snirczkowsky,</strong></span> <span class='ocrx_word' id='word_1_289' title='bbox 536 4838 662 4910; x_wconf 90' lang='lat' dir='ltr'><strong>nobilis</strong></span> <span class='ocrx_word' id='word_1_290' title='bbox 690 4838 733 4909; x_wconf 90' lang='lat' dir='ltr'><strong>de</strong></span> <span class='ocrx_word' id='word_1_291' title='bbox 760 4838 862 4910; x_wconf 93' lang='lat' dir='ltr'><strong>domo</strong></span> <span class='ocrx_word' id='word_1_292' title='bbox 890 4891 898 4908; x_wconf 90' lang='lat'><strong>.</strong></span> <span class='ocrx_word' id='word_1_293' title='bbox 927 4893 934 4909; x_wconf 91' lang='lat'><strong>.</strong></span> <span class='ocrx_word' id='word_1_294' title='bbox 961 4892 988 4929; x_wconf 90' lang='lat'><strong>.,</strong></span> <span class='ocrx_word' id='word_1_295' title='bbox 1014 4838 1051 4912; x_wconf 90' lang='lat' dir='ltr'><strong>in</strong></span> <span class='ocrx_word' id='word_1_296' title='bbox 1078 4858 1147 4931; x_wconf 88' lang='lat' dir='ltr'><strong>qua</strong></span> <span class='ocrx_word' id='word_1_297' title='bbox 1172 4842 1254 4912; x_wconf 90' lang='lat' dir='ltr'><strong>sunt</strong></span> <span class='ocrx_word' id='word_1_298' title='bbox 1272 4839 1359 4912; x_wconf 89' lang='lat' dir='ltr'><strong>certi</strong></span> <span class='ocrx_word' id='word_1_299' title='bbox 1377 4839 1499 4931; x_wconf 87' lang='lat' dir='ltr'><strong>campi,</strong></span> <span class='ocrx_word' id='word_1_300' title='bbox 1517 4837 1560 4911; x_wconf 91' lang='lat' dir='ltr'><strong>dc</strong></span> <span class='ocrx_word' id='word_1_301' title='bbox 1588 4839 1713 4939; x_wconf 82' lang='lat' dir='ltr'><strong>quibus</strong></span> 
     </span>
     <span class='ocr_line' id='line_1_34' title="bbox 157 4957 1714 5050; baseline 0.003 -21"><span class='ocrx_word' id='word_1_302' title='bbox 157 4958 305 5030; x_wconf 87' lang='lat' dir='ltr'><strong>solvitur</strong></span> <span class='ocrx_word' id='word_1_303' title='bbox 339 4957 473 5029; x_wconf 85' lang='lat' dir='ltr'><strong>decima</strong></span> <span class='ocrx_word' id='word_1_304' title='bbox 506 4959 732 5050; x_wconf 88' lang='lat' dir='ltr'><strong>manipularis</strong></span> <span class='ocrx_word' id='word_1_305' title='bbox 766 4959 986 5050; x_wconf 87' lang='lat' dir='ltr'><strong>praebendae</strong></span> <span class='ocrx_word' id='word_1_306' title='bbox 1012 4958 1230 5049; x_wconf 88' lang='lat' dir='ltr'><strong>Visliciensi,</strong></span> <span class='ocrx_word' id='word_1_307' title='bbox 1257 4960 1354 5032; x_wconf 88' lang='lat' dir='ltr'><strong>cuius</strong></span> <span class='ocrx_word' id='word_1_308' title='bbox 1380 4959 1480 5034; x_wconf 84' lang='lat' dir='ltr'><strong>naim</strong></span> <span class='ocrx_word' id='word_1_309' title='bbox 1505 4960 1714 5034; x_wconf 88' lang='lat' dir='ltr'><strong>aestimatur</strong></span> 
     </span>
    </p>
   </div>
   <div class='ocr_carea' id='block_1_9' title="bbox 22 5077 541 5152">
    <p class='ocr_par' dir='ltr' id='par_1_12' title="bbox 22 5077 541 5152">
     <span class='ocr_line' id='line_1_35' title="bbox 22 5077 541 5152; baseline 0.006 -6"><span class='ocrx_word' id='word_1_310' title='bbox 22 5091 23 5095; x_wconf 73' lang='grc'>’</span> <span class='ocrx_word' id='word_1_311' title='bbox 159 5078 203 5149; x_wconf 91' lang='lat' dir='ltr'><strong>ad</strong></span> <span class='ocrx_word' id='word_1_312' title='bbox 230 5100 336 5151; x_wconf 90' lang='lat' dir='ltr'><strong>unum</strong></span> <span class='ocrx_word' id='word_1_313' title='bbox 361 5077 541 5152; x_wconf 84' lang='lat' dir='ltr'><strong>fertonem.</strong></span> 
     </span>
    </p>
   </div>
   <div class='ocr_carea' id='block_1_10' title="bbox 231 5198 1714 5301">
    <p class='ocr_par' dir='ltr' id='par_1_13' title="bbox 231 5198 1714 5301">
     <span class='ocr_line' id='line_1_36' title="bbox 231 5198 1714 5301; baseline 0.005 -31"><span class='ocrx_word' id='word_1_314' title='bbox 231 5229 234 5236; x_wconf 91' lang='lat'>·</span> <span class='ocrx_word' id='word_1_315' title='bbox 261 5198 585 5291; x_wconf 82' lang='lat' dir='ltr'><strong>Pnosznrowrczn,</strong></span> <span class='ocrx_word' id='word_1_316' title='bbox 611 5200 698 5274; x_wconf 90' lang='lat' dir='ltr'><strong>alias</strong></span> <span class='ocrx_word' id='word_1_317' title='bbox 724 5200 871 5273; x_wconf 83' lang='lat' dir='ltr'><strong>Wonun</strong></span> <span class='ocrx_word' id='word_1_318' title='bbox 897 5201 1213 5293; x_wconf 76' lang='lat' dir='ltr'><strong>Pnoszurows1m‚</strong></span> <span class='ocrx_word' id='word_1_319' title='bbox 1240 5202 1324 5275; x_wconf 84' lang='lat' dir='ltr'><strong>villa</strong></span> <span class='ocrx_word' id='word_1_320' title='bbox 1342 5203 1406 5275; x_wconf 90' lang='lat' dir='ltr'><strong>sub</strong></span> <span class='ocrx_word' id='word_1_321' title='bbox 1424 5201 1591 5301; x_wconf 86' lang='lat' dir='ltr'><strong>parochia</strong></span> <span class='ocrx_word' id='word_1_322' title='bbox 1606 5201 1714 5277; x_wconf 75' lang='lat' dir='ltr'><strong>eale-</strong></span> 
     </span>
    </p>
   </div>
   <div class='ocr_carea' id='block_1_11' title="bbox 160 5292 1981 5417">
    <p class='ocr_par' dir='ltr' id='par_1_14' title="bbox 160 5292 1981 5417">
     <span class='ocr_line' id='line_1_37' title="bbox 160 5292 1981 5417; baseline -0.025 8"><span class='ocrx_word' id='word_1_323' title='bbox 160 5321 232 5391; x_wconf 64' lang='lat' dir='ltr'><strong>Siae</strong></span> <span class='ocrx_word' id='word_1_324' title='bbox 263 5321 306 5392; x_wconf 66' lang='lat'><strong>&lt;¹0</strong></span> <span class='ocrx_word' id='word_1_325' title='bbox 332 5320 523 5417; x_wconf 57' lang='lat' dir='ltr'><strong>Eadm</strong></span> <span class='ocrx_word' id='word_1_326' title='bbox 550 5322 628 5414; x_wconf 72' lang='lat' dir='ltr'><strong>sita</strong></span> <span class='ocrx_word' id='word_1_327' title='bbox 656 5323 753 5395; x_wconf 73' lang='lat' dir='ltr'><strong>cuius</strong></span> <span class='ocrx_word' id='word_1_328' title='bbox 779 5324 979 5414; x_wconf 84' lang='lat' dir='ltr'><strong>proprietas</strong></span> <span class='ocrx_word' id='word_1_329' title='bbox 1006 5330 1043 5395; x_wconf 90' lang='lat' dir='ltr'><strong>et</strong></span> <span class='ocrx_word' id='word_1_330' title='bbox 1061 5323 1250 5395; x_wconf 90' lang='lat' dir='ltr'><strong>dominium</strong></span> <span class='ocrx_word' id='word_1_331' title='bbox 1273 5322 1318 5395; x_wconf 89' lang='lat' dir='ltr'><strong>ad</strong></span> <span class='ocrx_word' id='word_1_332' title='bbox 1335 5324 1571 5414; x_wconf 92' lang='lat' dir='ltr'><strong>episcopatum</strong></span> <span class='ocrx_word' id='word_1_333' title='bbox 1589 5321 1716 5398; x_wconf 81' lang='lat' dir='ltr'><strong>Graea-</strong></span> <span class='ocrx_word' id='word_1_334' title='bbox 1828 5307 1834 5319; x_wconf 85' lang='grc'><em>“</em></span> <span class='ocrx_word' id='word_1_335' title='bbox 1939 5292 1981 5311; x_wconf 71' lang='grc'><strong>’“</strong></span> 
     </span>
    </p>
   </div>
   <div class='ocr_carea' id='block_1_12' title="bbox 157 5442 1714 5544">
    <p class='ocr_par' dir='ltr' id='par_1_15' title="bbox 157 5442 1714 5544">
     <span class='ocr_line' id='line_1_38' title="bbox 157 5442 1714 5544; baseline 0.009 -30"><span class='ocrx_word' id='word_1_336' title='bbox 157 5443 312 5519; x_wconf 85' lang='lat' dir='ltr'><strong>viensem</strong></span> <span class='ocrx_word' id='word_1_337' title='bbox 337 5445 499 5539; x_wconf 89' lang='lat' dir='ltr'><strong>pertinet.</strong></span> <span class='ocrx_word' id='word_1_338' title='bbox 526 5443 628 5522; x_wconf 90' lang='lat' dir='ltr'><strong>Hanc</strong></span> <span class='ocrx_word' id='word_1_339' title='bbox 653 5443 772 5522; x_wconf 86' lang='lat' dir='ltr'><strong>villam</strong></span> <span class='ocrx_word' id='word_1_340' title='bbox 799 5445 836 5521; x_wconf 90' lang='lat' dir='ltr'><strong>in</strong></span> <span class='ocrx_word' id='word_1_341' title='bbox 863 5444 989 5541; x_wconf 87' lang='lat' dir='ltr'><strong>palude</strong></span> <span class='ocrx_word' id='word_1_342' title='bbox 1015 5449 1052 5524; x_wconf 88' lang='lat' dir='ltr'><strong>et</strong></span> <span class='ocrx_word' id='word_1_343' title='bbox 1078 5445 1190 5544; x_wconf 88' lang='lat' dir='ltr'><strong>pratis</strong></span> <span class='ocrx_word' id='word_1_344' title='bbox 1209 5445 1322 5542; x_wconf 79' lang='lat' dir='ltr'><strong>sitam,</strong></span> <span class='ocrx_word' id='word_1_345' title='bbox 1341 5442 1511 5544; x_wconf 82' lang='lat' dir='ltr'><strong>Sbigncus</strong></span> <span class='ocrx_word' id='word_1_346' title='bbox 1529 5442 1714 5533; x_wconf 67' lang='lat' dir='ltr'><strong>cardinali·</strong></span> 
     </span>
    </p>
   </div>
   <div class='ocr_carea' id='block_1_13' title="bbox 0 0 2030 6052">
    <p class='ocr_par' dir='ltr' id='par_1_16' title="bbox 0 0 2030 6052">
     <span class='ocr_line' id='line_1_39' title="bbox 0 0 2030 6052; baseline 0 0"><span class='ocrx_word' id='word_1_347' title='bbox 0 0 2030 6052; x_wconf 95' lang='lat' dir='ltr'><strong> </strong></span> 
     </span>
    </p>
   </div>
  </div>
 </body>
</html>
