4050 6054
1700 465 1774 539 457

229 667 341 739 medio
368 669 460 740 lanei
486 669 731 775 cmethonales,
755 668 799 739 de
826 669 951 759 quibus
979 669 1128 740 solvitur
1154 668 1290 741 decima
1314 668 1542 760 manipularis
1560 675 1598 742 et
1615 685 1678 761 per
1697 691 1781 762 qua-

229 797 312 860 tuor
336 789 476 878 ierugas
513 788 687 878 canapalis
713 788 969 860 vicecnstodiae
996 788 1231 880 Kyelczieusi,
1258 793 1295 860 et
1321 788 1454 860 ducunt
1479 808 1557 860 eam
1582 791 1781 863 tmethones

229 909 382 1000 propriis
419 909 580 981 curribus
611 909 648 978 in
674 909 838 980 horreum
866 930 888 979 a
913 908 1131 981 vicecustode
1157 908 1360 999 locandum,
1386 909 1484 980 cuius
1511 907 1682 980 valorad
1706 915 1781 981 tres

229 1048 364 1098 marcas
392 1029 618 1117 aestimatur3
645 1029 822 1119 perceptio
849 1035 964 1099 autem
991 1030 1065 1100 eius
1092 1027 1349 1123 diversificatur¹
1372 1048 1435 1118 per
1461 1028 1554 1100 vices
1580 1027 1780 1119 alternatus,

229 1166 309 1219 uam
342 1169 411 1219 uuo
447 1169 537 1219 anno
572 1149 723 1240 percipit
757 1169 835 1220 eam
865 1148 1018 1220 vicarius
1048 1147 1285 1240 Kyelcziensis
1312 1147 1354 1219 de
1382 1148 1587 1219 canonicatu
1613 1154 1650 1218 et
1675 1169 1779 1240 prae·

229 1266 343 1348 beuda
368 1268 645 1359 Pyrsznyczsha‚
673 1275 709 1338 et
736 1269 858 1340 altero·
874 1269 1079 1340 vicecustos.
1119 1268 1209 1339 Item
1234 1268 1402 1339 tabernae
1429 1288 1497 1338 uun
1526 1276 1607 1340 sunt
1633 1268 1781 1340 in‘villa

229 1386 364 1475 cadem3
391 1387 590 1471 hortularia
616 1409 686 1458 uua
712 1389 844 1459 habens
871 1409 974 1478 agros
1001 1410 1043 1459 ex
1065 1388 1209 1477 praedio
1235 1386 1345 1478 datos,
1368 1388 1454 1458 item
1471 1387 1651 1478 praedium
1668 1409 1777 1460 uuum
1919 1435 1922 1443 ,

229 1505 390 1598 militare,
417 1509 460 1579 de
488 1529 555 1599 quo
583 1515 619 1579 et
645 1509 739 1598 agris
765 1509 985 1581 hortulaniae
1012 1509 1161 1582 solvitur
1178 1507 1311 1581 decima
1327 1507 1493 1580 ecclesiae
1511 1509 1547 1579 iu
1566 1506 1781 1580 Szandzi·

229 1629 511 1719 woyouicze.
1218 1658 1220 1663 ·

335 1746 526 1837 Suusuow,
554 1748 638 1820 villa
664 1748 728 1819 sub
755 1749 921 1839 parochia
946 1746 1114 1820 ecelesiae
1139 1747 1376 1839 Kyelcziensis
1403 1749 1481 1838 sita,
1509 1748 1605 1821 cuius
1623 1747 1780 1841 proprie-

229 1871 285 1953 tas
311 1867 356 1938 ad
379 1868 581 1958 ⁴episcopum
617 1865 881 1938 Gracovieusem
906 1869 1078 1959 pertinet,
1104 1868 1141 1938 in
1168 1888 1236 1958 qua
1262 1872 1316 1940 est
1342 1867 1508 1940 scoltetus
1533 1868 1666 1941 habens
1693 1869 1780 1942 duos

229 1986 347 2059 laneos
383 1986 531 2077 liberos,
558 1987 601 2058 de
629 1987 754 2077 quibus
780 1987 885 2059 solvit
912 1987 1079 2058 decimam
1105 1988 1356 2078 manipularem
1383 1988 1593 2060 viceoustodi
1619 1988 1779 2079 Kyelczi-

231 2109 315 2198 ensi,
342 2114 378 2179 et
404 2108 478 2178 eius
505 2107 603 2178 valor
629 2107 835 2179 aestimatur
845 2107 899 2178 'ad
916 2107 1002 2179 duas
1020 2128 1171 2198 marcas3
1188 2109 1365 2198 perceptio
1384 2114 1500 2179 autem
1519 2109 1592 2180 eius
1611 2108 1781 2181 diversifi-

231 2232 331 2298 catur
357 2248 420 2317 per
437 2229 530 2298 01000
558 2227 757 2317 alternatae,
784 2247 863 2298 nam
890 2227 1001 2299 altero
1028 2246 1119 2299 auno
1146 2229 1295 2319 percipit
1312 2249 1388 2299 eam
1406 2229 1537 2300 maaria
1554 2228 1773 2319 praebendae

229 2346 472 2437 Kyelczieusis,
500 2367 587 2437 quae
613 2353 758 2437 vocatur
776 2348 1052 2438 Pyrsznyczska

333 2466 609 2557 Moouoozrczu,
637 2468 721 2539 villa
747 2469 811 2539 sub
836 2448 1002 2559 parochia
1028 2468 1193 2540 ecelesiae
1219 2465 1456 2559 Kyelcziensis
1483 2470 1558 2560 sita,
1585 2469 1682 2542 cuius
1699 2490 1780 2561 pro·

230 2586 361 2676 prietas
387 2592 425 2658 et
450 2587 641 2658 dominium
667 2587 820 2676 pertinet
841 2587 887 2659 ad
905 2587 1103 2678 episcopum
1121 2586 1393 2679 Gracoviensem,
1411 2589 1448 2659 in
1467 2609 1535 2679 qua
1552 2611 1640 2662 unus
1658 2590 1780 2677 laneus

231 2706 390 2795 speciaHs
425 2706 470 2777 ad
505 2709 756 2797 proprietatem
792 2708 969 2779 custodiae
1004 2706 1240 2798 Kyelczieusis
1265 2709 1462 2800 pertinens,
1489 2708 1533 2780 de
1560 2711 1657 2782 cuius
1684 2710 1778 2801 agris

230 2826 377 2896 solvitur
412 2826 544 2897 decima
579 2827 804 2918 manipularis
830 2827 1044 2900 vicecustodi
1068 2826 1299 2920 Kyelczieusi,
1325 2828 1422 2901 cuius
1448 2828 1547 2901 valor
1574 2831 1778 2902 aestimatur

230 2943 275 3014 ad
300 2945 449 3017 mediam
474 2966 636 3019 marcam.

637 3209 913 3293 Sanctuarius
945 3212 1048 3293 allas
1080 3211 1380 3332 Zaerietlanus.

335 3428 493 3501 Ecclesia
518 3429 756 3523 Kyelcziensis
783 3452 805 3501 a
830 3432 885 3503 'sui
910 3432 1089 3521 primaeva
1113 3431 1316 3504 fundatione
1343 3433 1451 3505 habet
1476 3433 1673 3524 habereque
1700 3454 1780 3505 con·
1879 3499 1883 3507 .

231 3551 343 3622 000011
378 3572 484 3622 unum
511 3551 763 3641 sanctuarium,
791 3551 864 3621 0100
891 3553 1152 3641 zacristiauum,
1179 3573 1282 3642 quem
1308 3559 1424 3624 custos
1451 3553 1686 3644 Kyelcziensis
1712 3575 1776 3644 pro

230 3679 405 3763 tempore,
433 3673 662 3762 constituere,
690 3672 852 3743 ordinare
889 3679 926 3742 et
951 3673 1136 3761 prouidere
1162 3675 1358 3763 consuevit,
1386 3675 1445 3764 qui
1473 3675 1587 3746 claves
1614 3674 1779 3747 ecclesiae

233 3797 269 3863 et
294 3793 494 3882 nutrimine,
522 3796 558 3864 et
593 3792 743 3862 omnium
775 3812 939 3863 vasorum
966 3798 1002 3863 et
1028 3798 1184 3864 10000010
1209 3799 1349 3883 tenere,
1377 3793 1551 3865 custodire
1578 3801 1614 3865 et
1641 3815 1779 3866 seruare

127 3980 132 3988 .
231 3914 427 4004 cousuevit,
454 3920 491 3984 et
526 3913 593 4003 ipsi
623 3912 788 3998 ecclesiae
815 3912 851 3982 in
879 3912 1037 3984 omuibus
1063 3913 1254 4004 deservire,
1282 3915 1341 4004 qui
1366 3915 1474 3986 habet
1500 3935 1617 3986 aream
1644 3916 1781 4006 propri-

229 4053 285 4103 am
320 4053 398 4104 cum
412 4064 416 4074 ·
431 4033 535 4105 horto
563 4034 655 4105 circa
682 4054 798 4104 aream
825 4032 1001 4105 scolastici
1027 4033 1263 4126 Kyelcziensis
1289 4037 1412 4124 sitam3
1438 4036 1521 4107 item
1554 4037 1661 4108 habet
1685 4037 1787 4109 deci·
1863 4082 1872 4093 .

161 4165 166 4172 ·
228 4170 319 4223 mam
345 4159 480 4242 partem
508 4153 676 4226 offertorii
704 4158 740 4224 et
767 4155 917 4225 omnium
945 4154 1169 4245 oblationum,
1188 4155 1271 4225 item
1288 4155 1396 4227 habet
1414 4162 1595 4246 quaestum
1614 4178 1656 4227 ex
1675 4157 1778 4247 pulsu

230 4291 475 4362 campanarum
508 4275 547 4354 ,in
574 4273 730 4364 quolibet
756 4272 886 4366 iuuere,
914 4281 951 4347 et
976 4280 1155 4366 quaestum
1183 4296 1226 4347 ex
1252 4275 1427 4349 oblatione
1452 4279 1718 4368 baptizatorum.

739 4540 984 4621 Praebende
1015 4538 1272 4653 Zydowska.

332 4755 451 4830 Prima
484 4760 682 4849 praebenda
715 4759 928 4832 Kelczicusis
960 4761 1126 4833 ecclesiae
1153 4760 1349 4852 appellatur
1374 4757 1571 4853 Zydowsha
1597 4781 1659 4852 eo,
1687 4760 1779 4851 quod

229 4881 336 4955 habet
369 4879 488 4952 villam
522 4902 587 4971 pro
621 4880 727 4953 fundo
764 4902 845 4972 suo,
873 4902 961 4972 quae
996 4880 1156 4973 Zydow
1183 4882 1397 4973 appellatur3
1425 4902 1501 4953 eam
1528 4902 1618 4953 nunc
1645 4882 1779 4953 obtinet
1869 4881 1875 4889 '

229 4999 400 5073 Matthias
427 5000 471 5072 de
496 5001 804 5092 Zarnowyecz
831 5004 1016 5094 presbyter
1042 5003 1192 5078 vicarius
1218 5000 1467 5073 Cracoviensis.
1493 5002 1593 5074 Hanc
1610 5003 1780 5092 praeben·

229 5121 309 5211 dam
334 5120 539 5195 Vincentius
565 5122 893 5195 Kadlubkonis
920 5125 1101 5213 episcopus
1127 5121 1376 5213 cracoviensis,
1404 5122 1530 5193 nobilis
1557 5121 1600 5194 de
1622 5123 1724 5196 domo
1743 5130 1780 5195 et

228 5240 359 5315 10001110
385 5243 532 5315 Rosae
569 5266 658 5315 auno
684 5245 823 5316 Domini
855 5246 971 5333 1213,
998 5223 1220 5334 pontificatus
1248 5245 1302 5314 sui
1338 5264 1428 5315 anuo
1465 5244 1595 5335 quinto,
1625 5246 1777 5316 existens
1834 5270 1835 5274 ¹

205 5362 320 5447 xillius
347 5365 469 5467 unicus
495 5371 664 5456 patronus
690 5372 726 5436 et
752 5364 897 5437 collator
924 5386 966 5436 ex
993 5366 1138 5436 ecclesia
1164 5364 1354 5454 parochiali
1380 5366 1418 5437 in
1443 5364 1620 5458 Kygye,
1647 5368 1683 5437 in
1710 5388 1779 5458 qua

332 5506 490 5549 001000οο0.
657 5538 662 5548 1
1172 5520 1176 5527 ¹
1325 5510 1328 5515 '
1574 5508 1615 5565 18
