4050 6054
1518 510 1525 525 ,
1661 490 1740 601 aaa

188 710 254 785 per
286 678 372 768 duas
407 713 561 788 marcas,
588 695 648 769 alii
679 717 763 770 vero
799 719 859 770 sex
895 717 959 790 per
993 704 1067 771 tres
1097 716 1250 790 marcas3
1278 697 1337 791 qui
1363 697 1449 773 nihil
1475 700 1656 795 laborant,
1680 724 1741 776 ne-

189 837 254 907 que
281 818 419 890 solvunt
452 840 534 910 uva,
562 840 672 911 neque
699 840 865 911 capanea,
893 826 954 890 aut
981 841 1109 891 caseos.
1148 802 1248 892 Item⁴
1263 828 1345 893 suut
1371 822 1419 893 ibi
1448 822 1535 893 duae
1562 808 1739 916 tabernae,

188 936 356 1009 babentes
382 959 495 1030 agros,
524 961 668 1031 quarum
695 962 765 1011 una
792 941 896 1012 solvit
923 940 1008 1012 duas
1035 962 1236 1032 sexagenas,
1264 941 1376 1013 altera
1393 963 1497 1014 unam
1516 963 1740 1034 sexagenam3

187 1057 270 1151 item
305 1060 388 1131 villa
422 1061 580 1151 praefata
614 1062 727 1135 dimas
752 1068 807 1133 est
832 1063 868 1133 in
895 1063 982 1134 duos
1010 1062 1188 1135 altaristas
1216 1083 1277 1134 seu
1303 1062 1470 1152 lectoreS,
1498 1070 1535 1136 ιι
1560 1085 1630 1134 una
1657 1086 1739 1155 pars

187 1178 295 1252 habet
320 1182 500 1271 praedium
527 1190 562 1254 ιι
589 1204 649 1254 sex
677 1183 883 1274 cmetboneS,
911 1183 1086 1255 soluentes
1113 1203 1176 1273 per
1203 1183 1289 1255 duas
1316 1203 1467 1273 maruan,
1495 1190 1531 1255 et
1557 1205 1660 1255 uuam
1686 1191 1741 1256 ta·

186 1298 349 1391 bernam,
376 1302 566 1374 solventem
594 1281 680 1374 duas
707 1316 915 1393 sexagenas,
943 1306 978 1374 et
1004 1309 1078 1375 tres
1104 1303 1342 1393 bortulauiae,
1370 1324 1514 1393 quarum
1540 1322 1610 1374 uua
1636 1304 1740 1377 solvit

187 1418 336 1492 sedecim
362 1443 511 1514 grossm,
539 1430 576 1496 et
602 1424 691 1497 duae
717 1445 782 1514 per
809 1430 886 1495 octo
913 1444 1063 1515 grossos,
1089 1423 1290 1496 laborantes
1317 1445 1423 1495 unum
1451 1424 1543 1496 diem
1560 1424 1748 1515 pedestres⁴
1890 1510 1893 1517 J

178 1540 224 1627 in
250 1543 453 1636 septimana,
480 1546 678 1617 cmetboues
704 1544 866 1617 laborant
892 1544 979 1616 duos
1007 1544 1081 1616 dies
1108 1544 1144 1615 in
1171 1545 1374 1635 septimana,
1401 1545 1592 1634 aequaliter
1618 1545 1753 1617 ductu*

185 1674 243 1734 'ras
269 1663 315 1735 ad
327 1667 502 1761 vrationem
520 1666 654 1737 dicrum
671 1665 810 1754 faciunt,
830 1665 991 1737 solvumta
1007 1666 1152 1756 triginta
1170 1687 1244 1756 ova,
1263 1672 1299 1737 et
1316 1665 1412 1737 duos'
1430 1685 1578 1756 capones
1596 1672 1632 1737 et
1650 1666 1736 1738 duas

179 1782 347 1878 powodoa
381 1786 658 1857 extraordinarie
694 1806 773 1855 cum
807 1785 1031 1857 tabernatore
1057 1786 1227 1857 laborant.
1267 1787 1355 1857 Item
1382 1788 1559 1877 perceptio
1587 1787 1738 1859 decimae

98 1954 104 1963 -
186 1905 411 1995 manipularis
447 1905 491 1976 de
517 1904 675 1995 praefata
701 1904 784 1977 villa
809 1904 1081 1995 diversificatum
1116 1926 1196 1977 nam
1222 1906 1267 1977 de
1293 1911 1427 1997 septem
1452 1907 1563 1979 laneis
1590 1914 1626 1978 et
1652 1906 1738 1989 dua·

185 2025 251 2097 bus
286 2024 441 2097 tabernis
476 2024 570 2096 tollit
605 2034 683 2096 eam
715 2025 915 2115 praebenda
949 2025 1208 2117 Gracoviensis,
1235 2047 1322 2117 quae
1348 2033 1493 2098 uocatur
1519 2027 1738 2130 Raczibo-

186 2146 384 2237 rouska,
416 2144 459 2218 de
487 2145 565 2218 aliis
600 2166 683 2216 uero
709 2145 819 2217 laneis
845 2146 938 2218 tollit
963 2167 1038 2218 eam
1065 2146 1232 2237 plebanus
1260 2153 1296 2219 et
1323 2148 1469 2219 ecclesia
1495 2149 1531 2219 iu
1557 2147 1598 2219 M
1606 2148 1738 2240 yedz-

187 2265 348 2356 wyedz.

289 2387 378 2459 Item
403 2387 440 2459 in
466 2386 587 2459 eadem
613 2386 697 2457 uilla
723 2393 776 2459 est
801 2388 982 2478 praedium
1009 2392 1044 2459 et
1070 2389 1167 2460 curia
1194 2389 1371 2461 altaristae
1398 2389 1485 2460 satis
1513 2388 1737 2481 fructuosum,

183 2507 226 2580 de
253 2529 322 2600 quo
349 2507 481 2580 decima
506 2507 732 2597 manipularis
759 2510 907 2581 solvitur
933 2509 1080 2599 plebano
1108 2515 1144 2580 et
1163 2508 1329 2581 ecclesiae
1345 2511 1382 2580 in
1400 2508 1734 2602 Myedzwyedz.

229 2628 235 2639 '
287 2630 375 2701 Item
401 2628 485 2701 villa
511 2626 931 2702 Thrauthnowicze
958 2630 1109 2702 confinat
1136 2651 1212 2701 cum
1240 2631 1333 2701 villis
1360 2631 1736 2721 Sczepanowicze,

185 2750 545 2844 Polyunowicze,
572 2747 901 2843 Myedzwyecz,
928 2749 1115 2841 Ozechy,
1142 2749 1517 2824 Lassoskowicze
1544 2758 1581 2823 et
1607 2748 1733 2843 Krzy-

186 2871 450 2945 schowlcze.
1421 2945 1426 2958 δ

283 2990 372 3064 Item
397 2992 488 3064 alter
514 2993 674 3065 altarista
701 2992 773 3064 sive
800 2992 909 3063 lector
934 2992 1042 3063 babet
1059 2992 1204 3063 alteram
1223 2999 1357 3081 partem
1379 2991 1492 3083 villae,
1509 2993 1545 3063 ιιι
1564 3012 1633 3083 qua
1649 2999 1734 3065 sunt

182 3130 243 3185 sex
273 3110 368 3189 lanei
403 3113 577 3186 solventes
611 3133 676 3204 per
700 3119 774 3184 tres
803 3133 956 3203 marcas,
984 3113 1043 3203 qni
1071 3133 1138 3183 nou
1166 3112 1305 3185 solvunt
1330 3132 1496 3203 capones,
1522 3133 1634 3203 neque
1661 3132 1735 3204 ora,

186 3252 299 3325 neque
331 3232 511 3323 laborant,
547 3234 616 3305 nisi
643 3231 851 3330 peculatu,-
886 3253 956 3305 non
983 3237 1036 3303 est
1062 3232 1110 3303 ibi
1146 3232 1337 3327 praedium,
1370 3251 1482 3324 neque
1517 3234 1738 3324 hortulanus,

182 3353 294 3427 solum
319 3374 390 3425 uua
415 3355 563 3426 taberna
588 3354 726 3426 solvens
754 3374 857 3426 uuam
884 3372 1104 3443 sexagenum.
1293 3354 1354 3419 τι.

284 3473 563 3565 Ροιιιιοιιιιι,
589 3475 674 3548 uilla
699 3472 869 3545 babens
859 3494 896 3544 m
923 3493 960 3543 se
987 3472 1166 3543 ecclesiam
1184 3470 1465 3564 parochialem,
1455 3494 1491 3544 m
1510 3493 1579 3564 qua
1598 3480 1732 3564 septem

181 3592 273 3667 lanel
282 3612 464 3687 ,quorum
492 3595 639 3687 quilibet
664 3594 769 3666 solvit
753 3599 858 3713 tpro
886 3614 992 3666 censu
1018 3613 1133 3664 annuo
1160 3612 1265 3664 unam
1291 3608 1441 3664 marcam
1451 3593 1632 3683 ‚triginta
1658 3614 1733 3684 ova,

182 3720 332 3807 quatum
356 3716 476 3809 gallos,
503 3722 540 3788 et
565 3736 672 3788 unum
698 3714 789 3786 diem
815 3704 958 3805 proprio
986 3734 1091 3786 curru
1118 3715 1179 3784 aut
1204 3714 1360 3784 aratro
1349 3734 1386 3783 m
1412 3714 1607 3803 septimana
1633 3713 1730 3786 labo-

147 3823 154 3835 *
182 3844 249 3929 rat,
274 3834 405 3910 taciem
431 3836 597 3910 ducturas
624 3835 668 3908 ad
694 3836 865 3908 ιιιιοιιιι
891 3833 1062 3908 dierum
1052 3857 1088 3905 m
1115 3835 1308 3924 septimana
1335 3832 1539 3906 debitorum
1564 3834 1654 3906 Item
1678 3839 1734 3907 est
1857 3832 1860 3837 ’

181 3956 232 4031 ιιι
257 3958 500 4050 molendinum,
528 3957 619 4049 quod
645 3976 709 4047 pro
737 3977 851 4028 annno
878 3976 982 4027 ceusu
1010 3955 1114 4028 soluit
1139 3953 1227 4027 duas
1253 3974 1398 4046 mmcas,
1416 3955 1453 4026 in
1470 3954 1609 4026 dnmiue
1627 3953 1732 4047 Wyl-

180 4099 252 4173 ga,
286 4084 323 4152 et
348 4079 496 4171 plebano
532 4098 636 4150 unam
670 4097 866 4149 mensuram
901 4096 1048 4165 avenae3
1093 4076 1177 4147 item
1212 4081 1278 4163 est
1302 4097 1373 4148 una
1407 4075 1555 4148 taberna
1590 4076 1730 4167 plebani
1781 4114 1788 4123 ·

181 4198 315 4273 babens
332 4220 453 4292 agros,
479 4198 562 4271 item
581 4198 670 4270 duae
687 4198 910 4271 bortulauiae
936 4197 1104 4270 habentes
1122 4217 1245 4289 agros,
1273 4197 1316 4268 de
1335 4197 1459 4289 quibus
1478 4196 1636 4269 omnibus
1663 4197 1732 4268 sol-

181 4320 275 4426 uitur
310 4320 443 4393 decima
476 4319 702 4410 manipularis
738 4319 868 4391 vicario
891 4317 1109 4409 praebendae
1137 4316 1395 4410 Craeouiensis,
1423 4339 1510 4410 quae
1538 4317 1733 4409 appellatur

179 4412 573 4534 Scliytbuiczska3
598 4443 682 4512 item
708 4447 763 4513 est
789 4442 885 4512 cuma
911 4442 948 4511 iu
974 4439 1095 4511 eadem
1122 4440 1215 4530 villa,
1241 4441 1338 4513 cuius
1365 4441 1441 4530 agri
1469 4439 1610 4511 solvunt
1637 4437 1729 4508 deci-

179 4580 271 4635 mam
305 4562 453 4656 plebano
479 4563 643 4638 ibidem
634 4585 670 4634 m
697 4562 1024 4655 Podstolycze,
1060 4568 1096 4633 et
1080 4537 1273 4634 tcoufinat
1300 4582 1377 4632 cum
1402 4562 1496 4634 villis
1523 4559 1547 4632 J
1557 4580 1731 4651 anowy

181 4705 267 4778 cae,
294 4676 563 4759 choninel
587 4684 908 4757 Rzescbotari.

280 4804 373 4879 Item
397 4806 530 4899 primus
557 4806 716 4879 altarista
742 4825 804 4877 seu
828 4805 938 4877 lector
963 4809 1103 4877 tenetur
1128 4805 1216 4880 duos
1242 4805 1370 4879 actus
1360 4826 1397 4876 ιι
1416 4805 1551 4877 artibus
1568 4803 1730 4876 laborare

180 4934 217 5001 ιι
243 4926 330 5002 duas
355 4929 479 5000 missas
505 4928 552 5000 ad
577 4927 689 4999 altare
716 4926 864 5019 explere,
889 4931 936 5027 ei.
952 4932 1103 5018 quatuor
1128 4946 1265 4999 marcas
1292 4926 1419 5021 clerico
1436 4925 1557 4997 altaris
1575 4924 1731 5016 solvere3

181 5050 270 5123 alter
303 5050 463 5122 altarista
489 5049 562 5121 siue
588 5048 699 5120 lector
725 5052 864 5120 tenetur
890 5054 996 5121 ulium
1022 5053 1138 5120 actum
1163 5048 1200 5119 iu
1225 5045 1403 5136 theologia
1429 5045 1483 5118 vel
1509 5042 1732 5136 philosophia

178 5169 303 5264 legem,
328 5192 432 5243 unam
458 5171 598 5242 mlesam
624 5168 772 5260 explere,
799 5175 836 5240 ιι
860 5189 921 5240 sex
938 5188 1073 5241 marcas
1091 5168 1137 5240 ad
1152 5168 1294 5240 bursam
1310 5186 1503 5257 pauperum
1520 5165 1613 5238 dare
1639 5164 1728 5237 Item

88 5353 93 5364 .
178 5293 324 5364 clericus
349 5293 472 5365 altaris
497 5291 668 5383 praedicti
693 5290 799 5363 babet
825 5288 992 5362 decimam
1011 5274 1267 5378 'manipularem
1292 5291 1376 5377 post
1390 5287 1571 5378 praedium
1591 5285 1729 5358 invilla
1793 5347 1822 5377 a,

178 5411 638 5506 Pyelgraymouicze,
664 5411 792 5485 nobilis
817 5406 1174 5501 Mlodzieiourslry,
1198 5414 1240 5483 ιι
1257 5404 1729 5507 quatuormarcaaappino
