4050 6054
240 487 316 561 198

237 670 581 801 zavichostensis
607 690 868 762 archidiaconus
894 710 960 781 pro
977 696 1135 781 tempore
1153 699 1207 763 est
1223 693 1346 763 uniens
1364 691 1478 764 dictae
1496 674 1648 775 eeclesia
1665 664 1795 774 Sma'

236 816 292 881 tae
319 808 500 884 Trinitatis
518 809 676 898 collator3
703 817 877 900 asserunt,
906 811 996 900 quod
1015 814 1051 880 et
1072 811 1209 882 collatio
1236 812 1401 883 ecclesiae
1426 813 1463 882 in
1480 812 1782 903 Svyecmchow

91 964 93 968 2
235 929 278 1001 ad
295 929 426 1003 dietum
444 928 760 1002 archidiaconatum
778 931 969 1021 pertineat,
997 931 1058 1005 sed
1077 931 1230 1026 episcopi
1250 931 1496 1005 Gracomenses
1513 933 1568 1005 ius
1585 934 1784 1015 uehendi

235 1047 361 1123 dictam
388 1046 567 1124 eeclesiam
594 1048 661 1125 sibi
687 1049 921 1126 vendicarunt.

665 1315 1042 1397 Archldiaconatua
1077 1315 1351 1397 Lubllueusis.

342 1534 653 1607 Archidiaconatus
680 1535 900 1606 Lublinensis
927 1550 969 1606 ex
993 1535 1137 1607 ecclesia
1162 1535 1350 1624 parochiali
1378 1534 1413 1605 in
1439 1533 1608 1605 Lublin
1634 1540 1791 1626 creatus,

234 1660 389 1745 tempore
415 1654 636 1726 Casimiri
662 1653 809 1725 Secundi
835 1656 928 1744 regis
954 1654 1128 1744 Pelopiae,
1156 1660 1192 1725 et
1208 1675 1272 1744 per
1291 1656 1488 1745 episcopum
1518 1654 1788 1727 Cracoviensem

235 1775 415 1846 demensa
434 1775 623 1866 episcopali
641 1774 859 1846 cracoviensi
885 1775 1027 1846 decimis
1055 1775 1211 1864 dotatus,
1238 1775 1282 1846 ad
1301 1776 1397 1846 cuius
1424 1776 1527 1845 etiam
1554 1774 1788 1864 collationem,

233 1895 479 1985 provisionem,
498 1891 749 1967 ordinationem
767 1899 803 1965 et
817 1894 1004 1984 quamlibet
1018 1894 1276 1983 dispositionem
1291 1893 1468 1983 praetatus
1483 1892 1790 1966 archidiaconatus

232 2014 402 2105 pertinet,
428 2018 465 2085 et
489 2012 702 2103 dignoscitur
729 2015 904 2103 pertinere
929 2014 1030 2103 pleno
1057 2015 1151 2102 iure3
1183 2018 1314 2085 etcum
1341 2012 1495 2085 ecclesia¹¹
1509 2013 1720 2105 parochialis
1748 2015 1787 2085 in

233 2132 400 2206 Lublin
427 2124 606 2205 habuisset
631 2108 668 2204 in
692 2134 771 2206 dote
789 2140 905 2236 suaet
923 2135 958 2203 in
976 2135 1051 2205 iure
1069 2155 1173 2205 unam
1199 2133 1348 2223 plateam
1376 2135 1547 2223 integram
1564 2132 1657 2206 inter
1674 2132 1789 2206 eccle·

232 2254 320 2325 siam
346 2251 578 2343 parochialem
614 2261 649 2324 et
676 2255 920 2325 monasterium
948 2253 981 2325 S.
1007 2253 1172 2325 Stanislai
1203 2254 1335 2325 ordinis
1365 2253 1640 2343 praedicatorum
1667 2253 1787 2345 sitam,

235 2372 409 2463 praelatus
436 2370 691 2444 Gasimirus
717 2393 779 2443 rer
797 2373 972 2444 civitatem
998 2373 1183 2462 Lublin,
1211 2373 1312 2462 pleno
1339 2373 1416 2443 iure
1442 2372 1510 2463 sibi
1527 2372 1787 2464 vendicatnrns,

234 2498 271 2565 et
296 2490 538 2563 archidiacono
567 2491 770 2563 Lublinensi
801 2515 864 2582 pro
892 2493 1088 2563 huiusmodi
1119 2494 1234 2582 platea
1259 2493 1397 2582 plenam
1422 2491 1692 2564 satisfactionem
1719 2493 1789 2565 irn-

235 2611 531 2702 pensurus,villam
559 2631 655 2682 snam
681 2613 811 2702 regiam
838 2612 966 2683 dictam
992 2612 1248 2702 chszqthe
1275 2632 1381 2701 snpra
1405 2612 1547 2682 fluvium
1572 2611 1596 2683 J
1605 2611 1788 2703 ablona,

234 2738 271 2804 et
284 2731 342 2802 vix
359 2729 509 2804 medium
527 2731 660 2802 miliare
678 2733 721 2804 ab
736 2732 863 2822 oppido
881 2733 1051 2804 Lublin
1068 2732 1264 2821 distantem,
1283 2733 1394 2822 sitam,
1412 2733 1597 2827 donatipne
1612 2736 1790 2823 perpetua

234 2858 270 2923 ct
288 2851 507 2925 irrevocabili
533 2872 611 2922 curn
628 2851 730 2941 plano
756 2853 845 2942 inre,
873 2853 959 2923 nihil
986 2832 1053 2924 sihi
1070 2852 1280 2923 reservando
1308 2853 1479 2940 cambivit,
1506 2830 1719 2960 permutavit
1745 2862 1788 2926 et

238 2970 435 3060 inscripsit;
461 2968 503 3043 de
523 2991 590 3060 quo
609 2972 674 3042 etsi
696 2970 817 3043 efficax
835 2971 1053 3062 privilegium
1081 2973 1144 3043 sub
1163 2972 1276 3062 sigillo
1304 2992 1386 3042 suae
1412 2971 1604 3043 maiestatis
1629 2971 1788 3043 babeba-

234 3095 303 3178 tur,
330 3110 412 3160 casn
429 3094 544 3161 tamen
562 3089 706 3163 fortuito
724 3092 778 3162 vel
798 3111 1020 3180 suppressunr
1037 3097 1107 3180 est,
1127 3092 1181 3162 vel
1199 3091 1435 3181 deperditum3
1462 3094 1561 3162 erant
1577 3097 1693 3162 nmen
1714 3093 1786 3165 snb

234 3214 347 3281 aetate
364 3230 440 3281 mea
457 3210 574 3299 plnres
593 3211 677 3300 viri,
705 3212 765 3301 qui
782 3211 977 3284 huiusmodi
996 3212 1245 3301 cambitionem,
1272 3211 1560 3301 permutationem
1578 3217 1617 3282 et
1631 3211 1785 3302 msertp

234 3330 363 3404 tionem
390 3331 618 3420 testabantur,
644 3332 840 3404 incolebant
867 3339 982 3403 autem
1000 3332 1116 3403 villam
1143 3332 1333 3421 praefatam
1359 3332 1614 3422 Daeszqthe
1639 3331 1789 3404 falconi-

234 3454 307 3521 stae
326 3449 429 3539 regii,
447 3450 529 3522 dum
547 3451 643 3540 regia
660 3451 764 3540 foret,
792 3451 851 3523 sed
871 3453 906 3523 in
925 3457 1052 3522 sortem
1070 3451 1370 3523 archidiaconatus
1388 3451 1572 3539 translata,
1589 3449 1787 3525 falconistis

236 3571 360 3643 amotis
387 3571 521 3644 colonia
546 3576 723 3644 aratorum
749 3571 841 3644 facta
867 3577 929 3644 est.
1655 3563 1658 3569 ’

338 3691 577 3782 Dznszqrnn
611 3692 696 3764 villa
721 3693 786 3764 sub
821 3693 986 3783 parochia
1012 3691 1176 3764 ecclesiae
1210 3693 1253 3763 de
1280 3692 1447 3764 Lublin
1474 3692 1545 3777 sita
1568 3691 1614 3763 ad
1639 3692 1784 3766 humum

233 3812 255 3884 J
264 3812 451 3901 ablona,
469 3812 595 3884 fundus
615 3818 668 3885 est
686 3813 985 3885 archidiaconatus
1003 3811 1238 3903 Lublinensis,
1256 3814 1292 3883 in
1306 3833 1375 3903 qua
1393 3816 1475 3884 sunt
1491 3810 1672 3884 duodecim
1688 3813 1786 3887 husi

232 3931 478 4021 emethonales,
505 3938 541 4004 et
560 3933 705 4022 quilibet
731 3933 836 4005 solvit
861 3955 923 4023 pro
943 3953 1047 4003 censu
1074 3954 1187 4004 annuo
1214 3933 1367 4004 infesto
1395 3932 1511 4003 Sancti
1537 3930 1683 4004 Martini
1708 3946 1799 4006 me:

235 4050 327 4120 diam
353 4071 522 4139 marcam3
549 4052 632 4122 item
660 4052 804 4143 quilibet
830 4053 873 4123 de
899 4053 999 4124 laneo
1028 4054 1062 4123 in
1098 4053 1191 4143 agris
1218 4053 1431 4143 hyemalibus
1459 4073 1520 4142 per
1547 4074 1607 4125 eos
1631 4054 1785 4144 arandis,
1877 4088 1880 4093 ·

232 4170 427 4260 arpicandis
462 4175 498 4242 ct
524 4192 619 4245 more
646 4173 786 4263 proprio
822 4173 1062 4264 disponendis,
1097 4179 1237 4244 tenetur
1263 4180 1412 4263 quatuor
1448 4175 1573 4245 choros
1600 4194 1783 4247 mensurae

231 4284 461 4389 Lublinensis]
487 4291 653 4381 aequalis,
681 4291 725 4365 de
743 4293 878 4383 siligine
907 4316 949 4364 ex
968 4294 1065 4365 curia
1082 4292 1315 4365 archidiaconi
1333 4293 1550 4383 praestanda,
1578 4298 1614 4364 et
1631 4294 1667 4365 in
1685 4294 1783 4383 agris

232 4412 455 4487 aestivalibus
482 4412 525 4484 de
552 4433 678 4503 avena,
705 4434 806 4503 qnam
833 4414 977 4504 quilibet
1003 4415 1054 4485 eis
1081 4414 1214 4485 solvere
1240 4418 1380 4484 tenetur
1405 4414 1565 4504 propria,
1601 4414 1784 4506 seminare,

232 4539 360 4605 metere
387 4540 423 4604 et
441 4535 575 4605 acervis
602 4533 779 4623 dispositis
805 4534 842 4605 in
859 4536 1022 4607 horreum
1049 4534 1249 4606 conducere.
1288 4535 1378 4606 Item
1396 4534 1511 4605 omnia
1535 4540 1640 4624 prata
1665 4534 1784 4608 curiae

233 4653 641 4751 tenentur-falcastrum,
668 4659 833 4746 rastrare,
860 4655 1023 4746 colligere
1041 4661 1077 4726 et
1094 4654 1227 4725 acervis
1245 4655 1351 4726 etiam
1369 4654 1545 4745 dispositis
1564 4656 1599 4724 in
1617 4655 1782 4727 horreum

230 4775 439 4864 conducere3
465 4776 548 4846 item
566 4775 720 4867 quolibet
738 4775 793 4846 die
812 4775 987 4848 Sabbatho
1015 4776 1051 4846 in
1069 4776 1222 4866 qualibet
1250 4775 1442 4865 septimana
1476 4779 1617 4847 tenetur
1635 4774 1783 4865 quilibet

231 4896 274 4969 de
290 4896 390 4968 laneo
417 4916 460 4969 ex
478 4896 586 4986 sylvis
612 4897 764 4987 propriis
790 4896 1100 4986 archidiaconatus,
1128 4902 1189 4968 aut
1215 4895 1346 4985 alienis,
1374 4894 1545 4968 adducere
1564 4916 1677 4976 ,mom
1703 4916 1782 4968 cur·

233 5039 309 5090 rum
327 5019 509 5108 lignorum.
548 5017 638 5089 Item
659 5017 806 5108 quilibet
824 5018 866 5089 de
884 5017 983 5089 laneo
1003 5017 1107 5088 solvit
1130 5017 1274 5108 triginta
1292 5038 1376 5107 ova,
1401 5017 1488 5088 duos
1506 5037 1667 5109 capones,
1693 5017 1783 5090 dnos

231 5159 369 5225 caseos3
403 5138 486 5209 item
514 5136 677 5210 ducturas
703 5135 836 5210 faciunt
862 5136 1035 5228 quaslibet
1070 5136 1283 5209 necessarias
1309 5157 1373 5226 pro
1400 5134 1649 5208 archidiacono¹
1668 5128 1783 5209 in'·'·ci-

231 5258 376 5331 vitatem
402 5257 496 5329 Luh
506 5258 582 5349 lin,
609 5265 645 5329 et
663 5279 706 5330 ex
723 5252 918 5361 civitatcssin
935 5256 1053 5329 villam
1081 5257 1226 5347 quilibet
1243 5278 1307 5349 per
1324 5278 1362 5329 se
1379 5256 1521 5348 proprio
1538 5276 1652 5329 curru
1670 5240 1782 5328 'item

233 5378 277 5452 ad
304 5376 540 5452 semmandnm
566 5399 668 5472 agros
695 5379 870 5472 hyemales
897 5378 1042 5472 siligine,
1069 5379 1099 5449 si
1116 5379 1153 5452 in
1171 5380 1267 5454 curia
1284 5379 1384 5474 siligo
1411 5376 1527 5472 deest,
1552 5378 1718 5455 euersa
1741 5378 1781 5454 in
