4050 6054
1676 418 1750 503 dio

197 629 286 705 ltem
305 630 525 743 hortulaniae
542 632 711 705 habentes
738 652 850 724 agros,
878 631 962 704 item
980 653 1099 705 omnes
1117 631 1210 705 lanei
1229 634 1462 706 emethonales
1480 640 1518 706 et
1536 636 1613 725 agri
1632 637 1750 709 taber-

199 759 360 825 natornm
388 759 424 824 et
449 753 714 825 hortulanornm
740 753 881 825 solvunt
908 753 1076 825 decimam
1102 754 1354 843 manipularem
1380 755 1599 844 praebendae
1624 755 1750 847 Dwye·

199 872 333 945 koszka
359 878 395 943 et
421 893 486 963 per
511 879 660 964 quatuor
686 874 826 963 ierugas
853 873 1063 963 canapalem,
1091 879 1128 945 et
1145 893 1221 944 eam
1239 873 1275 944 in
1293 874 1457 945 horreum
1476 875 1633 946 canonici
1650 875 1751 947 indu-

199 997 283 1063 cunt
308 998 345 1063 et
371 992 469 1065 valor
504 994 577 1064 eius
604 994 809 1064 aestimatur
836 992 881 1063 ad
908 992 1058 1064 sedecim
1092 1013 1246 1081 marcas3
1282 993 1367 1064 item
1394 1013 1512 1064 omnes
1540 994 1750 1085 cmetbones,
1866 1072 1869 1078 ,

199 1113 445 1184 tabernatores
470 1118 507 1183 et
533 1134 653 1184 eornm
679 1113 839 1203 inquilini
865 1119 1030 1184 tenentur
1063 1113 1223 1185 laborare
1251 1134 1357 1184 unum
1383 1112 1474 1184 diem
1505 1114 1542 1184 in
1568 1113 1751 1186 frumentis

199 1233 425 1323 hyemalibus,
451 1238 489 1304 et
515 1233 619 1304 alium
646 1235 683 1304 in
709 1233 944 1323 aestivalibus,
972 1233 1032 1324 qui
1059 1239 1204 1305 vocatur
1223 1232 1373 1327 powoba
1400 1253 1462 1305 seu
1480 1254 1634 1327 porroet.
1661 1235 1749 1305 Item

200 1357 255 1423 est
279 1352 317 1423 in
343 1352 461 1424 eadem
488 1354 572 1424 villa
599 1354 697 1425 curlo
723 1355 854 1444 optima
881 1355 1037 1425 canonici
1063 1359 1099 1426 et
1125 1352 1306 1442 praedium
1333 1374 1420 1423 cum·
1436 1354 1599 1443 pomeriis
1617 1359 1654 1426 et
1670 1375 1750 1445 pra·

199 1473 256 1562 tis,
283 1471 328 1544 de
354 1475 451 1545 cuins
478 1475 572 1565 agris
609 1474 757 1546 solvitur
792 1475 924 1546 decima
959 1473 1185 1564 manipularis
1211 1474 1343 1545 vicario
1379 1475 1598 1563 praebendae
1623 1476 1750 1567 Dwye·

200 1594 342 1683 lroszka3
369 1593 455 1665 item
480 1602 561 1666 sunt
587 1596 623 1665 in
651 1595 771 1666 eadem
797 1595 882 1667 villa
907 1595 975 1666 duo
1002 1594 1200 1666 molendina
1225 1595 1262 1664 in
1287 1592 1427 1665 flumine
1462 1594 1679 1686 Lukawa,
1705 1594 1749 1667 de

201 1714 326 1804 quibus
359 1715 519 1787 omnibus
555 1715 787 1787 emolumenta
820 1714 958 1806 frugum
994 1715 1143 1806 percipit
1177 1735 1342 1805 praesens
1376 1713 1576 1805 praebenda
1611 1714 1747 1789 eteius

202 1834 396 1906 canomcus.

302 1954 391 2025 Item
417 1956 608 2027 notandum
626 1961 661 2026 et
679 1955 865 2046 sciendum,
892 1954 985 2046 quo'd
1010 1953 1047 2026 in
1073 1953 1230 2046 praelata
1255 1954 1340 2026 villa
1363 1953 1430 2027 fuit
1455 1956 1570 2046 prisco
1592 1962 1748 2047 tempore

200 2075 377 2164 scoltetia,
415 2075 593 2166 adquam
629 2076 851 2166 pertinebant
877 2075 946 2147 duo
970 2074 1081 2166 lanei,
1118 2075 1207 2147 dnae
1237 2076 1405 2147 tabernae
1432 2082 1469 2147 et
1495 2077 1563 2148 duo
1590 2076 1749 2167 praefata

199 2195 404 2285 molendina,
432 2178 534 2286 quam¹
561 2195 740 2268 Abraham
765 2196 809 2267 de
835 2195 985 2269 Senno
1013 2196 1196 2269 canonicus
1222 2195 1401 2286 praefatae
1427 2196 1750 2286 praebendae·San·

199 2315 417 2387 domiriensis
453 2322 489 2387 et
515 2315 682 2407 plebanus
713 2317 749 2387 in
763 2316 1066 2415 ·Py·otrawin,
1101 2315 1144 2387 ab
1171 2315 1326 2387 haerede
1352 2317 1488 2406 coemit,
1517 2322 1554 2388 et
1580 2312 1750 2390 uniuersi-

200 2437 265 2507 tati
290 2436 500 2508 vioariornm
525 2435 798 2508 Sandomiriensi
824 2441 992 2527 perpetuo
1010 2434 1189 2526 inscripsit
1207 2440 1243 2507 et
1261 2437 1506 2526 incorporavit,
1532 2436 1771 2528 vicariosque·

200 2555 244 2626 ad
270 2557 485 2646 psallendum
511 2548 599 2629 voce
623 2558 794 2628 submissa
819 2556 944 2645 horas,
981 2577 1044 2628 seu
1070 2576 1209 2627 cursum
1235 2556 1404 2627 Dominae
1431 2555 1583 2627 Nostrae
1610 2554 1748 2629 Glorio-

200 2677 355 2747 sissimae
389 2676 533 2767 Virgini
568 2676 722 2767 Mariae,
757 2681 793 2748 et
819 2675 864 2748 ad
890 2676 1060 2766 agendum
1097 2676 1283 2766 quotannis
1318 2696 1417 2748 snum
1451 2675 1746 2768 anniversarium,

199 2798 353 2888 qnalibet
387 2792 551 2870 videlicet
588 2778 780 2889 septimana
815 2797 962 2888 legendo
988 2818 1053 2887 pro
1080 2798 1195 2868 anima
1221 2816 1285 2869 sua
1311 2797 1453 2869 missam
1489 2796 1748 2887 defunctorum,

183 2919 386 3009 ,obligavit3
421 2919 615 3009 duplicibus
651 2917 749 2990 festis
781 2923 819 2989 et
843 2918 966 2989 diebus
1001 2912 1201 3008 Sabbathis,
1230 2917 1355 3008 quibus
1391 2916 1541 2989 officinm
1576 2918 1745 2990 Dominae

199 3037 351 3111 Nostrae
378 3039 513 3129 agitem,
550 3039 712 3129 exceptis,
740 3044 776 3110 et
802 3038 989 3111 canonicus
1017 3037 1214 3109 huiusmodi
1250 3037 1444 3110 scoltetiam
1479 3044 1610 3129 mnens,
1646 3036 1750 3111 solrit

198 3160 338 3231 vicariis
365 3160 483 3231 decem
508 3179 653 3249 marcas,
681 3164 718 3230 et
743 3158 909 3231 decimam
936 3159 1184 3249 manipularem
1212 3157 1310 3231 dedit
1335 3158 1488 3249 vicariis,
1524 3167 1605 3249 post
1631 3159 1748 3231 villam

200 3281 299 3350 iuxta
334 3281 595 3351 conventionem
630 3283 833 3369 perpetuam
867 3276 994 3350 factam
1029 3298 1107 3351 cum
1142 3277 1282 3351 vicariis
1318 3298 1382 3369 per
1407 3276 1578 3349 Ioannem
1610 3278 1748 3349 Tarlo

199 3405 282 3470 tnnc
308 3400 510 3470 canonicum
535 3397 714 3490 praefatae
740 3398 970 3489 praebendae.

302 3520 390 3591 Item
416 3517 574 3610 praefata
590 3519 674 3590 villa
691 3518 842 3591 confinat
860 3539 936 3589 cnm
962 3517 1047 3589 villa
1073 3517 1289 3608 Slupcza,
1317 3524 1353 3589 et
1378 3538 1443 3608 per
1460 3517 1645 3589 haeredem
1674 3518 1749 3590 eins

199 3638 365 3713 Lucam
391 3646 427 3711 et
451 3639 595 3712 Petrum
622 3637 908 3712 Grothonom
935 3639 978 3709 de
1005 3638 1111 3711 armis
1132 3637 1414 3709 Rawitarnm
1440 3638 1478 3709 in
1503 3639 1575 3711 suis
1600 3637 1749 3730 gadibus

108 3848 111 3853 ⁵
199 3782 263 3851 per
288 3761 488 3833 violentiam
515 3764 722 3851 constructa,
750 3766 787 3832 et
813 3759 1000 3850 plurimum
1025 3760 1199 3849 depressa,
1222 3739 1324 3829 miles
1352 3779 1486 3850 quoqne
1514 3759 1659 3851 insignis
1669 3812 1748 3850 .....

200 3882 242 3954 de
269 3881 458 3956 Ossolin
486 3883 529 3954 de
556 3884 661 3954 armis
687 3882 1016 3972 Bippennium,
1042 3880 1250 3952 castellanus
1268 3877 1481 3975 VislIoensis,
1509 3880 1749 3953 tantummodo

200 4004 359 4094 egregiae
384 4003 477 4074 bona
502 4002 605 4073 villae
631 4001 842 4094 praedictae,
868 4000 960 4073 filius
978 4002 1069 4073 enim
1088 3998 1171 4072 suns
1195 3998 1351 4072 loannes
1377 4005 1459 4071 tunc
1477 4002 1620 4073 eandem
1648 4022 1749 4092 prae·

198 4124 346 4198 bendam
382 4124 570 4214 obtinebat,
606 4122 810 4212 apraefato
845 4119 1089 4194 Grothone
1125 4121 1168 4192 de
1203 4119 1402 4211 Slupcza
1438 4121 1474 4192 in
1510 4122 1607 4194 curia
1642 4122 1747 4194 villae

197 4245 455 4336 Dwyelrozy
482 4245 609 4316 iniuste
636 4245 770 4315 occisus
797 4249 860 4334 est,
888 4245 932 4315 ob
960 4243 1052 4334 quod
1078 4243 1190 4314 scelus
1217 4242 1292 4332 ipse
1319 4239 1468 4315 Groth
1503 4245 1603 4315 annis
1630 4243 1747 4315 multis

200 4367 244 4439 de
268 4387 377 4457 regno
402 4365 567 4437 Poloniae
593 4364 661 4438 fuit
686 4365 856 4456 exiliatus,
884 4370 920 4437 et
947 4385 1011 4436 arx
1037 4385 1100 4436 sua
1126 4362 1310 4454 (lonary
1336 4361 1462 4435 diruta.

303 4484 392 4557 Item
419 4487 570 4559 confinat
596 4507 673 4558 cum
699 4485 913 4576 Slupcza,
940 4485 1224 4577 Rzeczycza,
1258 4482 1399 4576 Gory,
1425 4484 1686 4576 Mscznyow
1712 4489 1749 4556 et

198 4607 351 4699 praediis
378 4609 529 4680 civitatis
556 4607 892 4679 Sandomiriae.
945 4660 948 4665 .

299 4730 511 4818 Boszrnnn,
538 4729 621 4801 villa
639 4729 703 4802 sub
721 4727 886 4818 parochia
904 4724 937 4799 S.
954 4726 1053 4799 Petri
1079 4726 1123 4799 de
1141 4724 1436 4799 Sandomiria
1463 4747 1570 4817 supra
1587 4723 1745 4797 Vislam

197 4851 273 4941 sita,
300 4850 390 4922 alter
415 4849 541 4921 fundus
567 4846 786 4939 praebendae
812 4847 1085 4939 Dwyekoszlrey,
1100 4862 1176 4937 'pro
1202 4867 1328 4937 magna
1353 4852 1455 4937 parte
1473 4847 1509 4917 in
1528 4846 1600 4917 suis
1618 4845 1748 4935 campis

198 4976 234 5041 et
259 4970 479 5061 pertinentiis
506 4991 533 5040 a
552 4969 692 5041 flumine
718 4967 853 5040 Visla
878 4954 1045 5059 absorpta
1070 4973 1134 5057 est,
1162 4971 1245 5039 sunt
1270 4973 1386 5037 tamen
1412 4965 1525 5037 adhuc
1551 4966 1587 5036 in
1606 4985 1648 5036 ea
1664 4986 1748 5056 qua-

196 5096 277 5162 tuor
303 5090 396 5162 lanei
422 5091 674 5180 cmetlronales,
710 5096 747 5162 et
773 5089 878 5161 solvit
904 5088 1050 5181 quilibet
1075 5108 1140 5179 pro
1167 5106 1273 5160 censu
1297 5086 1446 5158 mediam
1472 5106 1633 5176 marcam,
1660 5086 1748 5160 duos

197 5210 321 5283 choros
349 5231 479 5284 avenae
506 5209 705 5299 confertos,
735 5210 821 5281 item
849 5209 935 5280 dnos
948 5208 1090 5299 gallos,
1124 5207 1209 5279 item
1235 5205 1362 5297 viginti
1388 5226 1470 5295 ova,
1498 5207 1543 5278 ad
1561 5204 1750 5313 petrabona

196 5331 303 5405 ctiam
327 5339 492 5404 tenentur
518 5353 624 5405 unum
651 5330 742 5403 diem
760 5351 825 5420 pro
844 5329 969 5419 vernis,
997 5329 1103 5401 alium
1120 5332 1184 5418 pro
1203 5325 1418 5419 hyemalibus
1444 5324 1637 5418 frumentis
1664 5327 1746 5401 item
