4050 6054
1527 489 1532 507 “
1665 463 1739 544 499

197 698 263 774 pro
288 679 386 754 onius
411 676 598 772 largitione
632 676 775 772 spoeiali
801 676 858 751 die
883 678 979 770 ipsos
1005 675 1178 752 sollicitat.
1222 675 1411 751 Oonsvevit
1441 682 1556 750 autern
1582 676 1744 751 sacerdos

198 801 424 874 communiter
450 821 537 892 esse,
564 821 632 873 non
658 806 775 872 tamen
801 820 876 872 oum
906 786 1047 872 nunriis
1074 797 1117 871 de
1143 799 1259 890 aliquo
1285 799 1458 871 communi
1484 802 1631 889 quaestu
1653 816 1745 870 oom-

197 922 359 1011 munioat,
387 922 545 1012 quoniam
573 941 642 993 non
670 926 724 993 est
751 918 794 991 de
820 941 939 992 eorum
966 939 1119 1010 numero,
1147 939 1209 991 neo
1228 920 1322 991 canit
1348 925 1410 991 aut
1434 919 1573 991 laborat
1590 939 1666 991 oum
1685 919 1746 1009 eis,
1868 935 1878 955 ¹

197 1061 261 1112 nec
287 1041 426 1137 aliquod
454 1063 540 1114 onus
568 1046 703 1133 portat;
730 1024 900 1113 nanualis
926 1044 1043 1115 autem
1068 1045 1139 1133 est,
1166 1039 1210 1112 ad
1237 1039 1420 1113 arbitrium
1448 1040 1682 1132 praelatorum
1710 1043 1746 1109 et

197 1163 439 1234 canonicorum
466 1162 499 1233 S.
525 1161 681 1234 Floriani
708 1159 947 1234 destituendus
973 1165 1011 1233 et
1037 1160 1309 1234 substituendus.

748 1542 842 1625 Duo
874 1550 1210 1673 uarnpanatoras.

299 1761 387 1834 Item
415 1761 561 1834 ecelesia
586 1760 619 1832 S.
644 1760 803 1835 Floriani
828 1762 1007 1835 consuerit
1033 1762 1163 1835 babere
1194 1762 1284 1833 dnos
1312 1762 1573 1851 campanatores
1600 1759 1745 1834 clericos

196 1882 256 1972 qui
281 1880 376 1952 illam
403 1881 595 1972 pulsatibus
622 1886 658 1953 et
684 1881 836 1956 servitiis
863 1887 1116 1956 consueverunt
1142 1880 1405 1969 administrare3
1430 1880 1468 1951 hi
1495 1881 1579 1952 satis
1605 1886 1745 1952 tenuem

198 2008 379 2092 quaestum
404 2001 555 2092 hubent,
591 2002 649 2093 qui
677 2002 746 2073 illis
768 2002 1007 2077 tantummodo
1043 2022 1086 2075 ex
1113 2001 1310 2093 aspersorio
1347 2007 1382 2072 et
1408 2022 1451 2074 ex
1478 2002 1578 2093 pulso
1605 2000 1744 2074 defune-

196 2126 312 2192 torum
337 2122 508 2212 provenit
622 2159 624 2164 ·

278 2366 281 2371 ’
405 2379 641 2463 proventus
673 2382 929 2465 vinariorum
961 2379 1004 2462 S.
1037 2381 1217 2465 floriani
1252 2384 1291 2462 ln
1324 2385 1546 2466 communi.

286 2597 540 2694 Zannoozrn,
575 2603 659 2675 villa
684 2603 754 2676 sita
780 2603 845 2676 snb
872 2603 1037 2694 parocbia
1063 2605 1099 2676 in
1125 2603 1410 2694 Bisknpioze
1445 2604 1529 2675 villa
1554 2603 1743 2694 episoopali
1833 2632 1840 2646 ·

196 2738 304 2811 prope
337 2720 677 2814 Wyelyorlram,
721 2742 823 2814 quam
858 2713 1131 2796 Bodzantha
1168 2723 1348 2815 vyslai
1373 2723 1417 2795 de
1452 2722 1742 2796 Goszowioze

195 2841 322 2912 nobilis
347 2841 391 2913 de
417 2837 531 2915 domo'
545 2841 787 2937 Sobelygi,
813 2845 965 2918 existens
991 2845 1211 2937 praepositus
1237 2843 1271 2916 S.
1297 2844 1462 2937 Floriani,
1489 2850 1525 2917 et
1543 2845 1602 2935 qui
1619 2847 1742 2935 expost

193 2965 372 3050 promotus
396 2960 463 3035 init
488 2960 524 3035 in
548 2964 847 3056 arhiepiscopum
873 2962 1119 3056 (ludanensem,
1146 2966 1191 3038 ab
1218 2965 1380 3056 episeopo
1398 2962 1577 3037 Geretensi
1598 2963 1741 3036 Andrea

194 3079 238 3151 de
263 3079 498 3155 Zablooae·
516 3092 547 3156 a
564 3080 747 3176 bxlbw,
772 3105 837 3177 pro
864 3084 1021 3158 druentis
1047 3085 1175 3159 marsis
1201 3085 1353 3159 latorum
1379 3105 1579 3176 grossorum
1606 3085 1740 3174 coemit,

193 3201 300 3273 etde
326 3203 750 3278 eonsensuLudovioi
776 3205 941 3278 Polouite
968 3207 1071 3297 regis,
1098 3206 1237 3278 vinariis
1264 3205 1297 3276 S.
1316 3205 1471 3278 Floriani
1498 3206 1534 3277 in
1562 3225 1740 3277 commune

194 3340 259 3413 pro
286 3323 428 3413 quartis,
455 3328 590 3397 attenta
607 3344 728 3398 eorum
744 3326 924 3418 auuitate,
951 3327 1143 3418 assignavit
1160 3333 1197 3397 ot
1213 3331 1382 3417 perpetuo
1399 3326 1586 3418 inscripsit.
1611 3326 1653 3396 In
1672 3346 1741 3415 qua

194 3448 275 3513 sunt
300 3462 361 3515 sex
396 3443 487 3515 lanei
523 3445 774 3537 emethonales‚
809 3453 846 3517 et
871 3445 1018 3536 quilibet
1052 3466 1117 3537 pro
1151 3466 1255 3518 censu
1290 3445 1395 3518 solvit
1430 3466 1493 3537 pro
1527 3445 1741 3537 quibuslibet

195 3566 343 3652 quatuor
368 3565 584 3656 temporibus
618 3564 776 3641 undecim
811 3570 961 3656 soottos‚
996 3566 1082 3638 alias
1119 3571 1235 3638 autern
1270 3565 1386 3638 daoias
1420 3571 1482 3638 aut
1507 3566 1640 3638 tributa
1670 3585 1739 3638 non

131 3762 141 3768 ,
193 3683 342 3775 solvunt,
367 3705 479 3777 neque
506 3685 639 3778 abquu
664 3684 802 3760 labores
828 3686 963 3759 faciunt
985 3693 1049 3760 aut
1073 3685 1250 3760 dubim
1275 3687 1364 3759 Item
1382 3691 1438 3759 est
1463 3686 1500 3757 in
1518 3685 1638 3759 eadem
1656 3685 1741 3758 villa

193 3801 423 3878 Zablooze
449 3807 537 3879 alius
555 3806 689 3900 haeres,
706 3806 900 3881 Stanislaus
925 3805 1208 3901 Zborowsky
1234 3807 1278 3880 de
1295 3806 1401 3879 armis
1428 3804 1652 3897 Karnion,
1680 3805 1740 3897 qui

192 3923 463 4001 babutiteitiam
498 3932 634 4019 partem
666 3928 770 4002 villae
796 3926 991 4021 praelatae,
1026 3926 1189 4002 videlieet
1223 3948 1330 4000 unum
1365 3925 1546 4018 praedium
1573 3931 1610 3999 et
1635 3945 1739 3998 unam

190 4030 376 4121 utar&
399 4053 437 4122 et
461 4034 565 4121 uuam
591 4048 843 4141 hortulaniam,
877 4049 922 4124 de
948 4049 1074 4141 quibus
1100 4049 1206 4123 solvit
1232 4049 1400 4123 decimam
1424 4035 1676 4139 manipularem
1703 4048 1739 4118 iu

116 4178 119 4185 ’
192 4164 370 4258 hospitale·
386 4166 425 4242 S.
450 4168 603 4263 Spiritus
629 4171 669 4243 in
692 4168 928 4245 (lraooria.

211 4309 214 4319 ·
295 4285 384 4361 itam
409 4295 464 4385 est
490 4290 526 4362 ia
552 4289 671 4365 eadem
696 4290 781 4365 villa
805 4292 1051 4383 molendinum,
1076 4293 1209 4365 habena
1225 4310 1330 4384 agros
1345 4294 1510 4382 otprata,
1533 4289 1632 4363 enirn
1648 4288 1738 4365 duae

192 4411 310 4499 partes
336 4409 513 4502 pertinent
539 4411 585 4484 ad
610 4413 759 4487 darios
787 4412 819 4484 S.
845 4412 1008 4499 Floriani
1036 4414 1144 4486 tertia
1168 4432 1251 4485 vero
1278 4410 1325 4484 ad
1350 4409 1546 4502 haeredum,
1574 4417 1610 4482 et
1636 4428 1738 4483 uren-

193 4527 296 4635 datur
320 4548 384 4622 pro
411 4528 544 4605 duabus
571 4535 761 4625 sexagenis,
789 4533 973 4626 aliquando
991 4554 1055 4626 pro
1071 4533 1242 4635 ampliori,
1267 4537 1304 4606 et
1321 4530 1448 4604 cedunt
1465 4531 1631 4604 aeclesiae
1649 4530 1737 4602 duae

192 4668 337 4742 marene,
364 4657 401 4724 et
417 4653 560 4726 haeredi
586 4654 700 4726 rnedia
725 4674 853 4746 mareu
880 4656 963 4729 item
990 4656 1098 4728 estin
1116 4653 1237 4727 eadem
1262 4653 1346 4726 villa
1372 4653 1505 4743 pisuina
1522 4654 1622 4743 bona,
1650 4671 1736 4741 quae

192 4770 269 4842 cunr
304 4772 466 4848 universo
500 4773 653 4848 dominio
688 4777 841 4868 pertinet
867 4775 912 4849 ad
938 4775 1086 4849 darios
1121 4774 1155 4847 S.
1180 4774 1354 4865 Floriani,
1390 4780 1427 4846 et
1452 4774 1489 4846 in
1516 4792 1585 4864 qna
1610 4772 1736 4844 nobilis

191 4890 278 4963 nibil
303 4893 505 4991 babntoum
523 4896 574 4968 eis
592 4908 781 4988 eommune3
807 4895 890 4968 item
913 4896 1113 4968 amathones
1138 4900 1303 4968 tenentur
1329 4895 1435 4967 semel
1462 4895 1498 4966 in
1526 4912 1617 4965 anno
1642 4891 1737 4964 riua-

191 5011 262 5086 rios
288 5011 322 5086 S.
347 5015 502 5088 Floriani
529 5034 716 5108 procurare
751 5017 918 5107 statione3
953 5018 1036 5090 item
1063 5016 1262 5089 umetlnones
1289 5021 1326 5086 et
1351 5014 1606 5087 molendinator
1631 5010 1736 5084 villae

190 5133 368 5223 praelatae
393 5136 533 5209 solvunt
558 5136 726 5210 decimam
750 5139 999 5230 manipularem
1026 5137 1236 5211 monasterio
1263 5135 1447 5226 hospitalis
1465 5130 1499 5206 S.
1521 5134 1673 5225 Spiritus
1697 5134 1735 5205 in

190 5252 434 5347 cracovia,
464 5263 501 5330 ot
526 5262 691 5332 tenentur
725 5277 800 5332 eam
836 5260 1036 5339 emethones
1071 5258 1198 5331 ducere
1223 5259 1268 5361 ¹in
1295 5257 1460 5329 horreum
1487 5276 1509 5327 a
1534 5254 1735 5346 praeposito

183 5372 372 5468 hospitalis
389 5376 581 5471 locandum,
598 5384 635 5451 et
651 5382 750 5456 valor
766 5383 842 5456 eius
859 5364 1126 5454 aesdmaturad
1142 5372 1210 5452 seir
1221 5374 1366 5451 maron.
1392 5377 1482 5449 Item
1508 5396 1577 5451 non
1603 5375 1735 5451 hubent
