4050 6054
599 665 763 748 vicaria
799 672 958 775 primae
991 672 1274 794 praebendae,

169 971 174 977 .
258 903 376 973 Prima
402 906 601 993 praebenda
626 906 922 981 Scarbimiriensis
949 909 1057 982 habet
1082 911 1280 1003 habereque
1299 917 1478 987 concrevit
1504 923 1707 1008 perpetuam

155 1025 319 1095 vicariam
338 1024 373 1095 in
393 1026 538 1096 ecclesIa
556 1026 840 1120 Scarbimiriensi,
859 1031 955 1101 culus
973 1022 1260 1127 unirusycollator'
1286 1040 1322 1105 et
1339 1040 1506 1124 patronus
1533 1033 1587 1109 est
1606 1059 1708 1110 cano-

55 1207 58 1213 ,
153 1147 251 1217 nicus
286 1147 418 1247 primae
453 1147 671 1236 praebendae
698 1147 992 1223 ScarbimirIeusis
1028 1148 1092 1242 pro
1119 1158 1292 1244 tempore,
1325 1177 1428 1246 quam
1453 1178 1545 1228 nunc
1571 1159 1707 1231 obtinet

153 1267 359 1338 Vincentius
392 1248 480 1337 alias
515 1267 688 1360 Wyaczelr
724 1273 916 1362 presbyter,
952 1293 1040 1362 quae
1075 1274 1213 1364 quidem
1249 1275 1380 1347 vicaria
1415 1298 1479 1366 pro
1512 1300 1575 1350 suo
1600 1277 1707 1351 fundo
1762 1359 1765 1364 ,

154 1385 257 1477 atque
284 1388 365 1459 dote
392 1388 498 1460 habet
524 1388 691 1461 decimam
717 1392 967 1482 manipularem
993 1398 1074 1483 post
1101 1396 1218 1467 laneos
1246 1397 1479 1470 cmetbonales
1505 1400 1578 1470 sive
1604 1420 1708 1489 prae-

154 1509 271 1598 diales,
299 1510 334 1579 in
348 1508 480 1599 'oppido
508 1509 785 1583 Scarbimiriensi
812 1512 856 1583 ad
875 1514 1075 1585 canonicum
1093 1502 1226 1604 piimae
1245 1518 1463 1606 praebendae
1481 1520 1706 1610 pertinenter,

107 1725 109 1728 Ι
154 1651 256 1721 quam
275 1631 474 1702 cmethunes
492 1631 528 1700 in
547 1631 676 1702 elsdem
703 1632 812 1703 laneis
838 1634 998 1705 sedentes
1024 1640 1190 1707 tenentur
1216 1637 1342 1708 ducere
1369 1640 1519 1730 propriis
1546 1641 1706 1712 curribus

154 1752 189 1821 in
207 1751 369 1822 horreum
398 1752 536 1840 vIcarii,
564 1758 600 1822 et
617 1751 716 1823 valor
744 1733 950 1825 aestimatur
976 1757 1051 1826 eius
1079 1755 1123 1826 ad
1142 1764 1291 1847 quatuor
1308 1760 1363 1830 vel
1383 1760 1533 1850 quinque
1561 1781 1705 1833 marcas.

256 1872 344 1942 Item
370 1873 478 1943 babet
503 1874 696 1963 portionem
733 1876 911 1965 aequalem
946 1897 1024 1947 cum
1039 1878 1190 1948 'vicariis
1225 1879 1303 1950 aliis
1338 1880 1382 1950 de
1417 1882 1589 1953 universis
1615 1903 1697 1974 pro-

153 1994 314 2066 ventibus
342 1995 454 2066 dictae
482 1995 656 2085 ecclesiae,
683 1994 845 2068 videlIcet
872 1997 1031 2088 decimis,
1059 1998 1327 2093 columbatione,
1351 2000 1530 2075 'offertorio
1562 2006 1598 2074 et
1625 2022 1703 2075 cae·
1827 2073 1831 2088 ,

153 2115 238 2187 teris
265 2116 475 2205 quaestibus.
595 2144 598 2151 ¹

256 2237 343 2307 Item
364 2237 475 2337 ¹lr'abet
501 2239 676 2355 propriam
706 2239 845 2312 domum
871 2262 935 2332 pro
963 2262 1026 2339 sua
1051 2241 1281 2315 habitatione.

483 2498 677 2584 Secunda
714 2503 957 2608 praebenda
990 2504 1371 2586 Scarbimlrlaueis.

257 2723 414 2794 Secunda
439 2723 639 2813 praebenda
664 2722 958 2796 ScarbImiriensIs
985 2725 1076 2797 inter
1094 2746 1211 2797 omnes
1229 2727 1316 2796 alias
1333 2726 1550 2816 praebendas
1568 2697 1705 2799 Scarbi-

152 2847 332 2916 mirienses
352 2846 569 2916 existimatur
588 2847 712 2936 potior,
731 2867 806 2917 eam
825 2868 915 2918 nunc
933 2847 1085 2919 Iacobus
1107 2847 1464 2940 Domynylrowsky
1481 2850 1701 2938 praepositus

126 2955 367 3037 *Visliciensis
404 2971 440 3036 et
467 2967 652 3038 canonicus
678 2967 936 3058 Oraeoviensis,
961 2969 1090 3041 uobiIIs
1116 2967 1160 3040 de
1187 2968 1287 3040 domo
1315 2966 1702 3041 Grzimalitarum
1777 3060 1780 3065 Ι

151 3093 265 3176 tenet,
295 3108 381 3178 quae
417 3109 480 3177 pro
508 3089 561 3159 sui
589 3087 693 3161 fundo
722 3094 757 3159 et
783 3088 865 3160 dote
892 3091 998 3160 babet
1023 3090 1097 3161 tres
1124 3088 1262 3179 laneca,
1289 3090 1326 3159 in
1353 3090 1476 3179 quibus
1504 3091 1702 3161 cmethunes

150 3208 315 3279 resident.
350 3209 438 3278 Item
463 3207 569 3280 babet
594 3215 734 3299 pratum
761 3211 977 3300 canonicale,
1006 3209 1097 3300 quod
1125 3210 1324 3280 cmethones
1350 3211 1443 3280 iuter
1470 3230 1507 3280 se
1535 3210 1704 3300 dividunt,

152 3332 188 3400 et
215 3328 360 3420 quilibet
387 3331 524 3402 cmetbo
552 3330 594 3401 de
620 3330 721 3402 laneo
749 3330 854 3401 solvit
881 3331 1100 3420 praebendae
1132 3329 1304 3401 secundae
1331 3351 1394 3420 pro
1422 3350 1525 3401 censu
1553 3331 1587 3400 in
1614 3329 1703 3402 festo

152 3449 184 3520 S.
211 3449 357 3521 MartIni
393 3456 543 3541 quatuor
578 3470 712 3522 marcas
748 3457 784 3522 et
810 3450 897 3521 duos
924 3470 1093 3541 capones,
1120 3451 1203 3520 item
1229 3438 1377 3540 praelati
1405 3451 1603 3522 cmethunes
1631 3472 1700 3522 non

151 3570 281 3643 iaciunt
316 3571 450 3662 aliquos
477 3571 614 3643 labores
640 3593 704 3661 pro
732 3572 915 3660 canonico,
943 3592 1012 3642 non
1040 3571 1125 3641 dant
1152 3591 1314 3660 avenam,
1341 3591 1453 3660 neque
1479 3591 1563 3660 ova,
1590 3590 1702 3662 neque

151 3711 278 3784 caseos,
298 3714 416 3784 ⁸neque
443 3694 577 3783 aliquas
604 3692 689 3764 alias
717 3692 851 3784 dacIas,
877 3713 990 3781 neque
1016 3691 1061 3762 ad
1087 3691 1166 3762 illas
1192 3695 1375 3779 tenentur3
1401 3691 1485 3761 item
1512 3696 1585 3763 tres
1612 3691 1703 3762 lanei

151 3813 383 3886 cmetbonales
409 3815 454 3885 ad
481 3814 732 3905 proprietatem
759 3812 929 3885 secundae
956 3812 1175 3906 praebendae
1203 3810 1498 3883 Scarbimiriensis
1524 3811 1702 3901 pertiuen-

151 3940 223 4025 tes,
251 3935 390 4016 solvunt
422 3936 588 4007 decimam
615 3936 866 4026 manipularem
892 3935 1023 4006 vicarIo
1059 3932 1249 4052 canopicali
1286 3932 1456 4005 secundae
1483 3933 1703 4022 praebendae
1734 3919 1738 3927 ’

150 4056 346 4148 praelatae,
374 4063 410 4128 et
436 4062 600 4131 tenentur
635 4078 711 4128 eam
747 4057 898 4147 propriis
925 4056 1083 4127 curribus
1110 4054 1236 4126 ducere
1263 4053 1308 4126 ad
1334 4055 1498 4125 horreum
1525 4074 1546 4124 a
1572 4053 1702 4125 vicario

150 4178 341 4250 locandum.
376 4180 465 4250 Item
492 4177 650 4268 praefata
677 4177 828 4250 secunda
853 4176 1052 4268 praebenda
1079 4175 1374 4248 Scarbimiriensis
1400 4174 1508 4245 habet
1533 4194 1595 4245 sex
1621 4175 1703 4246 hor-

149 4300 301 4372 tulanias
328 4321 405 4371 eum
432 4299 590 4372 domibus
617 4305 654 4371 et
679 4301 770 4371 areis
796 4299 925 4370 liberas
943 4298 979 4369 in
997 4297 1124 4389 oppido
1143 4295 1430 4385 Scarbimiriensi,
1449 4315 1596 4385 quarum
1613 4293 1702 4367 duae
1721 4391 1723 4395 Ι

151 4422 289 4494 solvunt
323 4442 387 4512 pro
423 4442 527 4492 censu
563 4422 736 4512 quaelibet
769 4441 833 4511 per
868 4440 974 4491 unum
1008 4418 1196 4507 fertonem3
1223 4418 1307 4489 item
1333 4417 1450 4506 tertia,
1478 4435 1566 4506 quae
1592 4416 1699 4487 babet

150 4542 281 4634 aliquid
316 4564 496 4634 agrorum,
525 4543 629 4615 solvit
664 4564 728 4633 pro
757 4560 862 4613 censu
889 4541 1055 4613 canonico
1082 4536 1231 4612 sedecim
1257 4543 1406 4629 scottos,
1433 4538 1517 4608 item
1543 4536 1698 4626 reliquae

150 4670 223 4736 tres
250 4665 391 4735 solvunt
416 4684 480 4753 pro
508 4684 614 4734 censu
641 4663 815 4754 quaelibet
832 4682 897 4753 per
913 4682 975 4734 sex
992 4681 1154 4752 grossos3
1180 4661 1263 4731 itam
1281 4659 1387 4731 habet
1405 4656 1564 4749 praefata
1580 4677 1703 4729 secun·

151 4786 195 4857 da
220 4785 419 4876 praebenda
445 4784 739 4856 Scarbimiriensis
766 4803 871 4856 uuam
897 4783 1036 4855 domum
1062 4787 1099 4853 et
1125 4801 1243 4854 aream
1268 4782 1305 4851 in
1332 4778 1459 4870 oppido
1486 4776 1703 4850 Scarbimiri-

150 4907 234 4996 ensi,
262 4927 350 4997 quae
376 4906 489 4978 eidem
516 4907 622 4979 solvit
647 4900 712 4997 pro
739 4926 843 4978 censu
868 4926 983 4977 annuo
1009 4925 1113 4976 unam
1138 4922 1304 4991 marcam,
1330 4902 1366 4972 in
1394 4919 1462 4990 qua
1486 4919 1579 4971 nuno
1604 4898 1703 4970 sedet

150 5028 397 5119 Bariezka;
424 5028 508 5099 item
534 5027 692 5118 praelata
717 5027 868 5099 secunda
894 5024 1093 5117 praebenda
1123 5021 1416 5096 Scarbimiriensm
1433 5021 1540 5091 babet
1557 5019 1702 5110 singulis

152 5149 252 5220 annis
279 5170 383 5220 unam
410 5148 465 5222 vel
493 5149 578 5220 duas
606 5170 649 5220 ex
675 5148 816 5221 decimis
843 5147 1116 5239 manipularibus
1143 5144 1309 5216 ecelesiae
1336 5140 1630 5213 ScarbimiriensIs
1657 5160 1701 5212 ex
1825 5211 1828 5215 .

151 5270 272 5344 ordine
309 5292 385 5342 eam
420 5271 695 5362 contingentem,
723 5290 818 5361 quae
837 5275 910 5341 tam
946 5270 1013 5342 sibi
1049 5287 1152 5358 quam
1178 5265 1255 5337 aliis
1282 5262 1490 5355 praebendis
1516 5261 1701 5335 Scarbimi-

151 5393 325 5475 riensibus
346 5393 397 5465 in
433 5393 655 5501 perceptione
696 5391 833 5504 aequali
872 5396 955 5486 eunt
991 5406 1206 5497 communes,
1238 5387 1322 5460 item
1357 5383 1516 5495 praelata
1550 5382 1702 5471 secunda
1806 5415 1809 5418 ⁴
