<?xml version="1.0" encoding="UTF-8"?>
<!DOCTYPE html PUBLIC "-//W3C//DTD XHTML 1.0 Transitional//EN"
    "http://www.w3.org/TR/xhtml1/DTD/xhtml1-transitional.dtd">
<html xmlns="http://www.w3.org/1999/xhtml" xml:lang="en" lang="en">
 <head>
  <title>
</title>
<meta http-equiv="Content-Type" content="text/html;charset=utf-8" />
  <meta name='ocr-system' content='tesseract 3.04.00' />
  <meta name='ocr-capabilities' content='ocr_page ocr_carea ocr_par ocr_line ocrx_word'/>
</head>
<body>
  <div class='ocr_page' id='page_1' title='image "./joannisdugoszse00dugoog_0058.png"; bbox 0 0 4050 6054; ppageno 0'>
   <div class='ocr_carea' id='block_1_1' title="bbox 1747 418 1794 489">
    <p class='ocr_par' dir='ltr' id='par_1_1' title="bbox 1747 418 1794 489">
     <span class='ocr_line' id='line_1_1' title="bbox 1747 418 1794 489; baseline -0.021 0"><span class='ocrx_word' id='word_1_1' title='bbox 1747 418 1794 489; x_wconf 84' lang='lat'>31</span> 
     </span>
    </p>
   </div>
   <div class='ocr_carea' id='block_1_2' title="bbox 232 610 1798 4315">
    <p class='ocr_par' dir='ltr' id='par_1_2' title="bbox 243 610 1798 1903">
     <span class='ocr_line' id='line_1_2' title="bbox 248 610 1796 715; baseline 0.006 -27"><span class='ocrx_word' id='word_1_2' title='bbox 248 610 373 689; x_wconf 86' lang='lat' dir='ltr'>Petrus</span> <span class='ocrx_word' id='word_1_3' title='bbox 391 611 622 709; x_wconf 86' lang='lat' dir='ltr'>Mokrzshy,</span> <span class='ocrx_word' id='word_1_4' title='bbox 642 618 768 691; x_wconf 91' lang='lat' dir='ltr'>nobilis</span> <span class='ocrx_word' id='word_1_5' title='bbox 786 619 944 691; x_wconf 90' lang='lat' dir='ltr'>dedomo</span> <span class='ocrx_word' id='word_1_6' title='bbox 960 618 1224 691; x_wconf 85' lang='lat' dir='ltr'>Gelithonum</span> <span class='ocrx_word' id='word_1_7' title='bbox 1242 641 1303 694; x_wconf 88' lang='lat' dir='ltr'>seu</span> <span class='ocrx_word' id='word_1_8' title='bbox 1317 615 1509 715; x_wconf 69' lang='lat' dir='ltr'>Koelaroqi,</span> <span class='ocrx_word' id='word_1_9' title='bbox 1528 620 1675 695; x_wconf 86' lang='lat' dir='ltr'>alteram</span> <span class='ocrx_word' id='word_1_10' title='bbox 1687 624 1796 698; x_wconf 90' lang='lat' dir='ltr'>mino·</span> 
     </span>
     <span class='ocr_line' id='line_1_3' title="bbox 247 737 1797 833; baseline 0.004 -24"><span class='ocrx_word' id='word_1_11' title='bbox 247 758 320 809; x_wconf 89' lang='lat' dir='ltr'>rem</span> <span class='ocrx_word' id='word_1_12' title='bbox 337 743 473 828; x_wconf 88' lang='lat' dir='ltr'>partem</span> <span class='ocrx_word' id='word_1_13' title='bbox 490 740 746 811; x_wconf 79' lang='lat' dir='ltr'>haereditariae</span> <span class='ocrx_word' id='word_1_14' title='bbox 765 746 862 811; x_wconf 87' lang='lat' dir='ltr'>tenet</span> <span class='ocrx_word' id='word_1_15' title='bbox 880 740 1065 830; x_wconf 77' lang='lat' dir='ltr'>Sbigrreus,</span> <span class='ocrx_word' id='word_1_16' title='bbox 1084 738 1210 812; x_wconf 87' lang='lat' dir='ltr'>nobilis</span> <span class='ocrx_word' id='word_1_17' title='bbox 1228 740 1390 813; x_wconf 88' lang='lat' dir='ltr'>dedomo</span> <span class='ocrx_word' id='word_1_18' title='bbox 1408 737 1647 815; x_wconf 86' lang='lat' dir='ltr'>Griiionum.</span> <span class='ocrx_word' id='word_1_19' title='bbox 1674 740 1715 813; x_wconf 92' lang='lat' dir='ltr'>ln</span> <span class='ocrx_word' id='word_1_20' title='bbox 1730 763 1797 833; x_wconf 88' lang='lat' dir='ltr'>qua</span> 
     </span>
     <span class='ocr_line' id='line_1_4' title="bbox 246 844 1795 952; baseline 0.001 -21"><span class='ocrx_word' id='word_1_21' title='bbox 246 865 328 931; x_wconf 86' lang='lat' dir='ltr'>sunt</span> <span class='ocrx_word' id='word_1_22' title='bbox 344 844 502 931; x_wconf 87' lang='lat' dir='ltr'>undecim</span> <span class='ocrx_word' id='word_1_23' title='bbox 519 859 612 931; x_wconf 93' lang='lat' dir='ltr'>lanei</span> <span class='ocrx_word' id='word_1_24' title='bbox 631 861 878 951; x_wconf 88' lang='lat' dir='ltr'>emethonales,</span> <span class='ocrx_word' id='word_1_25' title='bbox 902 861 985 931; x_wconf 91' lang='lat' dir='ltr'>item</span> <span class='ocrx_word' id='word_1_26' title='bbox 1004 860 1093 932; x_wconf 90' lang='lat' dir='ltr'>duae</span> <span class='ocrx_word' id='word_1_27' title='bbox 1110 860 1293 949; x_wconf 87' lang='lat' dir='ltr'>tabernae,</span> <span class='ocrx_word' id='word_1_28' title='bbox 1321 860 1405 931; x_wconf 85' lang='lat' dir='ltr'>item</span> <span class='ocrx_word' id='word_1_29' title='bbox 1422 867 1556 952; x_wconf 88' lang='lat' dir='ltr'>septem</span> <span class='ocrx_word' id='word_1_30' title='bbox 1576 861 1795 934; x_wconf 88' lang='lat' dir='ltr'>hortulaniae</span> 
     </span>
     <span class='ocr_line' id='line_1_5' title="bbox 246 979 1796 1072; baseline 0.001 -22"><span class='ocrx_word' id='word_1_31' title='bbox 246 979 414 1051; x_wconf 75' lang='lat' dir='ltr'>habemas</span> <span class='ocrx_word' id='word_1_32' title='bbox 428 1000 531 1070; x_wconf 85' lang='lat' dir='ltr'>agros</span> <span class='ocrx_word' id='word_1_33' title='bbox 546 982 726 1071; x_wconf 81' lang='lat' dir='ltr'>speciales,</span> <span class='ocrx_word' id='word_1_34' title='bbox 745 981 927 1072; x_wconf 87' lang='lat' dir='ltr'>dequibus</span> <span class='ocrx_word' id='word_1_35' title='bbox 946 981 1102 1053; x_wconf 82' lang='lat' dir='ltr'>olllnibus</span> <span class='ocrx_word' id='word_1_36' title='bbox 1118 982 1247 1072; x_wconf 86' lang='lat' dir='ltr'>absque</span> <span class='ocrx_word' id='word_1_37' title='bbox 1262 980 1488 1052; x_wconf 77' lang='lat' dir='ltr'>diminutione</span> <span class='ocrx_word' id='word_1_38' title='bbox 1502 981 1650 1052; x_wconf 86' lang='lat' dir='ltr'>solvitur</span> <span class='ocrx_word' id='word_1_39' title='bbox 1663 980 1796 1053; x_wconf 91' lang='lat' dir='ltr'>decima</span> 
     </span>
     <span class='ocr_line' id='line_1_6' title="bbox 245 1080 1794 1193; baseline 0.002 -23"><span class='ocrx_word' id='word_1_40' title='bbox 245 1099 474 1189; x_wconf 85' lang='lat' dir='ltr'>manipularis</span> <span class='ocrx_word' id='word_1_41' title='bbox 501 1122 564 1190; x_wconf 92' lang='lat' dir='ltr'>pro</span> <span class='ocrx_word' id='word_1_42' title='bbox 588 1101 787 1190; x_wconf 88' lang='lat' dir='ltr'>praebenda</span> <span class='ocrx_word' id='word_1_43' title='bbox 813 1101 970 1191; x_wconf 87' lang='lat' dir='ltr'>praelata</span> <span class='ocrx_word' id='word_1_44' title='bbox 997 1107 1033 1172; x_wconf 87' lang='lat' dir='ltr'>et</span> <span class='ocrx_word' id='word_1_45' title='bbox 1056 1101 1195 1193; x_wconf 79' lang='lat' dir='ltr'>ducitur</span> <span class='ocrx_word' id='word_1_46' title='bbox 1220 1122 1283 1191; x_wconf 93' lang='lat' dir='ltr'>per</span> <span class='ocrx_word' id='word_1_47' title='bbox 1300 1080 1430 1173; x_wconf 87' lang='lat' dir='ltr'>incolas</span> <span class='ocrx_word' id='word_1_48' title='bbox 1457 1101 1608 1192; x_wconf 92' lang='lat' dir='ltr'>propriis</span> <span class='ocrx_word' id='word_1_49' title='bbox 1635 1103 1794 1173; x_wconf 89' lang='lat' dir='ltr'>curribus</span> 
     </span>
     <span class='ocr_line' id='line_1_7' title="bbox 243 1218 1798 1313; baseline 0.003 -25"><span class='ocrx_word' id='word_1_50' title='bbox 243 1218 279 1291; x_wconf 88' lang='lat' dir='ltr'>in</span> <span class='ocrx_word' id='word_1_51' title='bbox 305 1220 469 1295; x_wconf 88' lang='lat' dir='ltr'>horreum</span> <span class='ocrx_word' id='word_1_52' title='bbox 495 1241 516 1292; x_wconf 91' lang='lat' dir='ltr'>a</span> <span class='ocrx_word' id='word_1_53' title='bbox 547 1222 710 1293; x_wconf 91' lang='lat' dir='ltr'>canonico</span> <span class='ocrx_word' id='word_1_54' title='bbox 744 1222 939 1312; x_wconf 87' lang='lat' dir='ltr'>eligendum</span> <span class='ocrx_word' id='word_1_55' title='bbox 974 1221 1107 1293; x_wconf 90' lang='lat' dir='ltr'>decima</span> <span class='ocrx_word' id='word_1_56' title='bbox 1134 1222 1257 1313; x_wconf 88' lang='lat' dir='ltr'>canapi</span> <span class='ocrx_word' id='word_1_57' title='bbox 1287 1240 1350 1311; x_wconf 92' lang='lat' dir='ltr'>per</span> <span class='ocrx_word' id='word_1_58' title='bbox 1382 1225 1531 1312; x_wconf 87' lang='lat' dir='ltr'>quatuor</span> <span class='ocrx_word' id='word_1_59' title='bbox 1558 1222 1736 1294; x_wconf 88' lang='lat' dir='ltr'>iuncturas</span> <span class='ocrx_word' id='word_1_60' title='bbox 1761 1229 1798 1295; x_wconf 92' lang='lat' dir='ltr'>et</span> 
     </span>
     <span class='ocr_line' id='line_1_8' title="bbox 245 1339 1795 1433; baseline 0.001 -22"><span class='ocrx_word' id='word_1_61' title='bbox 245 1339 449 1413; x_wconf 87' lang='lat' dir='ltr'>aestimatur</span> <span class='ocrx_word' id='word_1_62' title='bbox 474 1340 573 1411; x_wconf 81' lang='lat' dir='ltr'>valor</span> <span class='ocrx_word' id='word_1_63' title='bbox 592 1340 744 1413; x_wconf 80' lang='lat' dir='ltr'>decimae</span> <span class='ocrx_word' id='word_1_64' title='bbox 762 1340 808 1413; x_wconf 92' lang='lat' dir='ltr'>ad</span> <span class='ocrx_word' id='word_1_65' title='bbox 825 1341 972 1433; x_wconf 84' lang='lat' dir='ltr'>triginta</span> <span class='ocrx_word' id='word_1_66' title='bbox 989 1362 1132 1412; x_wconf 89' lang='lat' dir='ltr'>marcas.</span> <span class='ocrx_word' id='word_1_67' title='bbox 1167 1341 1257 1413; x_wconf 84' lang='lat' dir='ltr'>Sunt</span> <span class='ocrx_word' id='word_1_68' title='bbox 1273 1342 1323 1412; x_wconf 91' lang='lat' dir='ltr'>ibi</span> <span class='ocrx_word' id='word_1_69' title='bbox 1341 1341 1430 1413; x_wconf 91' lang='lat' dir='ltr'>duae</span> <span class='ocrx_word' id='word_1_70' title='bbox 1447 1342 1553 1413; x_wconf 91' lang='lat' dir='ltr'>etiam</span> <span class='ocrx_word' id='word_1_71' title='bbox 1571 1342 1688 1415; x_wconf 92' lang='lat' dir='ltr'>curiae</span> <span class='ocrx_word' id='word_1_72' title='bbox 1706 1343 1795 1414; x_wconf 92' lang='lat' dir='ltr'>mili-</span> 
     </span>
     <span class='ocr_line' id='line_1_9' title="bbox 244 1458 1795 1553; baseline 0.001 -22"><span class='ocrx_word' id='word_1_73' title='bbox 244 1464 338 1531; x_wconf 87' lang='lat' dir='ltr'>tares</span> <span class='ocrx_word' id='word_1_74' title='bbox 356 1465 393 1531; x_wconf 88' lang='lat' dir='ltr'>ct</span> <span class='ocrx_word' id='word_1_75' title='bbox 411 1458 479 1531; x_wconf 95' lang='lat' dir='ltr'>duo</span> <span class='ocrx_word' id='word_1_76' title='bbox 503 1461 647 1551; x_wconf 87' lang='lat' dir='ltr'>praedia</span> <span class='ocrx_word' id='word_1_77' title='bbox 673 1462 839 1535; x_wconf 84' lang='lat' dir='ltr'>habentia</span> <span class='ocrx_word' id='word_1_78' title='bbox 864 1482 968 1551; x_wconf 79' lang='lat' dir='ltr'>agros</span> <span class='ocrx_word' id='word_1_79' title='bbox 994 1462 1206 1553; x_wconf 71' lang='lat' dir='ltr'>praedulce,</span> <span class='ocrx_word' id='word_1_80' title='bbox 1234 1467 1270 1533; x_wconf 93' lang='lat' dir='ltr'>et</span> <span class='ocrx_word' id='word_1_81' title='bbox 1295 1482 1402 1533; x_wconf 92' lang='lat' dir='ltr'>uuum</span> <span class='ocrx_word' id='word_1_82' title='bbox 1428 1461 1607 1552; x_wconf 91' lang='lat' dir='ltr'>praedium</span> <span class='ocrx_word' id='word_1_83' title='bbox 1633 1461 1795 1535; x_wconf 87' lang='lat' dir='ltr'>videlicet</span> 
     </span>
     <span class='ocr_line' id='line_1_10' title="bbox 244 1576 1794 1685; baseline 0.003 -36"><span class='ocrx_word' id='word_1_84' title='bbox 244 1576 582 1685; x_wconf 37' lang='lat' dir='ltr'>PetriflMokrzhy,</span> <span class='ocrx_word' id='word_1_85' title='bbox 609 1582 712 1653; x_wconf 91' lang='lat' dir='ltr'>solvit</span> <span class='ocrx_word' id='word_1_86' title='bbox 731 1581 897 1653; x_wconf 89' lang='lat' dir='ltr'>decimam</span> <span class='ocrx_word' id='word_1_87' title='bbox 914 1582 1165 1674; x_wconf 88' lang='lat' dir='ltr'>manipularem</span> <span class='ocrx_word' id='word_1_88' title='bbox 1179 1581 1318 1653; x_wconf 78' lang='lat' dir='ltr'>vicariis</span> <span class='ocrx_word' id='word_1_89' title='bbox 1336 1579 1499 1653; x_wconf 86' lang='lat' dir='ltr'>ecclesiae</span> <span class='ocrx_word' id='word_1_90' title='bbox 1518 1579 1636 1653; x_wconf 85' lang='lat' dir='ltr'>Sancti</span> <span class='ocrx_word' id='word_1_91' title='bbox 1649 1582 1794 1655; x_wconf 87' lang='lat' dir='ltr'>Joannis</span> 
     </span>
     <span class='ocr_line' id='line_1_11' title="bbox 244 1682 1794 1792; baseline 0.003 -23"><span class='ocrx_word' id='word_1_92' title='bbox 244 1682 556 1789; x_wconf 60' lang='lat' dir='ltr'>Scarbimiricnsim</span> <span class='ocrx_word' id='word_1_93' title='bbox 597 1701 744 1772; x_wconf 91' lang='lat' dir='ltr'>alterum</span> <span class='ocrx_word' id='word_1_94' title='bbox 771 1723 853 1774; x_wconf 78' lang='lat' dir='ltr'>vero</span> <span class='ocrx_word' id='word_1_95' title='bbox 881 1702 1059 1792; x_wconf 90' lang='lat' dir='ltr'>praedium</span> <span class='ocrx_word' id='word_1_96' title='bbox 1086 1700 1247 1773; x_wconf 88' lang='lat' dir='ltr'>videlicet</span> <span class='ocrx_word' id='word_1_97' title='bbox 1272 1700 1426 1792; x_wconf 79' lang='lat' dir='ltr'>Sbignei,</span> <span class='ocrx_word' id='word_1_98' title='bbox 1451 1698 1558 1773; x_wconf 68' lang='lat' dir='ltr'>solvit</span> <span class='ocrx_word' id='word_1_99' title='bbox 1583 1701 1731 1792; x_wconf 92' lang='lat' dir='ltr'>plebano</span> <span class='ocrx_word' id='word_1_100' title='bbox 1758 1709 1794 1773; x_wconf 89' lang='lat' dir='ltr'>et</span> 
     </span>
     <span class='ocr_line' id='line_1_12' title="bbox 244 1818 1551 1903; baseline 0.002 -15"><span class='ocrx_word' id='word_1_101' title='bbox 244 1818 408 1891; x_wconf 80' lang='lat' dir='ltr'>ecclesiae</span> <span class='ocrx_word' id='word_1_102' title='bbox 433 1821 468 1891; x_wconf 91' lang='lat' dir='ltr'>in</span> <span class='ocrx_word' id='word_1_103' title='bbox 493 1821 832 1894; x_wconf 85' lang='lat' dir='ltr'>Naszachowicze</span> <span class='ocrx_word' id='word_1_104' title='bbox 859 1843 1023 1903; x_wconf 88' lang='lat' dir='ltr'>unacum</span> <span class='ocrx_word' id='word_1_105' title='bbox 1041 1824 1187 1894; x_wconf 89' lang='lat' dir='ltr'>taberna</span> <span class='ocrx_word' id='word_1_106' title='bbox 1204 1826 1240 1893; x_wconf 90' lang='lat' dir='ltr'>et</span> <span class='ocrx_word' id='word_1_107' title='bbox 1257 1820 1453 1894; x_wconf 87' lang='lat' dir='ltr'>hortulanis</span> <span class='ocrx_word' id='word_1_108' title='bbox 1471 1822 1551 1892; x_wconf 91' lang='lat' dir='ltr'>suis.</span> 
     </span>
    </p>

    <p class='ocr_par' dir='ltr' id='par_1_3' title="bbox 232 1938 1794 3335">
     <span class='ocr_line' id='line_1_13' title="bbox 309 1938 1794 2035; baseline 0.001 -23"><span class='ocrx_word' id='word_1_109' title='bbox 309 1994 312 1999; x_wconf 82' lang='lat'><em>-</em></span> <span class='ocrx_word' id='word_1_110' title='bbox 345 1938 436 2013; x_wconf 85' lang='lat' dir='ltr'>Item</span> <span class='ocrx_word' id='word_1_111' title='bbox 452 1941 560 2012; x_wconf 87' lang='lat' dir='ltr'>habet</span> <span class='ocrx_word' id='word_1_112' title='bbox 577 1942 762 2014; x_wconf 87' lang='lat' dir='ltr'>secundam</span> <span class='ocrx_word' id='word_1_113' title='bbox 778 1943 1029 2035; x_wconf 89' lang='lat' dir='ltr'>manipularem</span> <span class='ocrx_word' id='word_1_114' title='bbox 1046 1941 1212 2015; x_wconf 89' lang='lat' dir='ltr'>decimam</span> <span class='ocrx_word' id='word_1_115' title='bbox 1236 1943 1274 2013; x_wconf 88' lang='lat' dir='ltr'>in</span> <span class='ocrx_word' id='word_1_116' title='bbox 1300 1938 1655 2013; x_wconf 85' lang='lat' dir='ltr'>Stanislawicze</span> <span class='ocrx_word' id='word_1_117' title='bbox 1686 1963 1794 2033; x_wconf 87' lang='lat' dir='ltr'>prope</span> 
     </span>
     <span class='ocr_line' id='line_1_14' title="bbox 242 2057 1792 2153; baseline 0.004 -24"><span class='ocrx_word' id='word_1_118' title='bbox 242 2057 630 2151; x_wconf 83' lang='lat' dir='ltr'>Prosechowicze,</span> <span class='ocrx_word' id='word_1_119' title='bbox 662 2064 726 2134; x_wconf 90' lang='lat' dir='ltr'>sub</span> <span class='ocrx_word' id='word_1_120' title='bbox 754 2063 919 2153; x_wconf 90' lang='lat' dir='ltr'>parochia</span> <span class='ocrx_word' id='word_1_121' title='bbox 945 2058 1108 2135; x_wconf 83' lang='lat' dir='ltr'>ecclesiae</span> <span class='ocrx_word' id='word_1_122' title='bbox 1127 2062 1170 2135; x_wconf 89' lang='lat' dir='ltr'>de</span> <span class='ocrx_word' id='word_1_123' title='bbox 1197 2063 1415 2151; x_wconf 86' lang='lat' dir='ltr'>Ruszcza,</span> <span class='ocrx_word' id='word_1_124' title='bbox 1432 2063 1530 2135; x_wconf 88' lang='lat' dir='ltr'>cuius</span> <span class='ocrx_word' id='word_1_125' title='bbox 1548 2062 1671 2134; x_wconf 92' lang='lat' dir='ltr'>haeres</span> <span class='ocrx_word' id='word_1_126' title='bbox 1689 2062 1792 2136; x_wconf 91' lang='lat' dir='ltr'>Nico·</span> 
     </span>
     <span class='ocr_line' id='line_1_15' title="bbox 241 2178 1794 2275; baseline 0.003 -26"><span class='ocrx_word' id='word_1_127' title='bbox 241 2178 317 2255; x_wconf 81' lang='lat' dir='ltr'>laus</span> <span class='ocrx_word' id='word_1_128' title='bbox 343 2179 539 2253; x_wconf 86' lang='lat' dir='ltr'>Strasch</span> <span class='ocrx_word' id='word_1_129' title='bbox 566 2182 965 2275; x_wconf 82' lang='lat' dir='ltr'>deKosczelnyky,</span> <span class='ocrx_word' id='word_1_130' title='bbox 994 2182 1119 2254; x_wconf 91' lang='lat' dir='ltr'>nobilis</span> <span class='ocrx_word' id='word_1_131' title='bbox 1137 2182 1180 2255; x_wconf 92' lang='lat' dir='ltr'>de</span> <span class='ocrx_word' id='word_1_132' title='bbox 1199 2179 1643 2273; x_wconf 83' lang='lat' dir='ltr'>domoOdrowansclr,</span> <span class='ocrx_word' id='word_1_133' title='bbox 1672 2182 1707 2252; x_wconf 93' lang='lat' dir='ltr'>in</span> <span class='ocrx_word' id='word_1_134' title='bbox 1726 2205 1794 2273; x_wconf 90' lang='lat' dir='ltr'>qua</span> 
     </span>
     <span class='ocr_line' id='line_1_16' title="bbox 242 2299 1792 2395; baseline 0.003 -26"><span class='ocrx_word' id='word_1_135' title='bbox 242 2304 323 2373; x_wconf 86' lang='lat' dir='ltr'>sunt</span> <span class='ocrx_word' id='word_1_136' title='bbox 339 2299 457 2372; x_wconf 91' lang='lat' dir='ltr'>decem</span> <span class='ocrx_word' id='word_1_137' title='bbox 483 2302 575 2374; x_wconf 89' lang='lat' dir='ltr'>lanei</span> <span class='ocrx_word' id='word_1_138' title='bbox 601 2303 852 2395; x_wconf 84' lang='lat' dir='ltr'>cmetlronales,</span> <span class='ocrx_word' id='word_1_139' title='bbox 879 2304 962 2374; x_wconf 91' lang='lat' dir='ltr'>item</span> <span class='ocrx_word' id='word_1_140' title='bbox 981 2304 1146 2374; x_wconf 89' lang='lat' dir='ltr'>tabernae</span> <span class='ocrx_word' id='word_1_141' title='bbox 1165 2308 1247 2390; x_wconf 90' lang='lat' dir='ltr'>tres,</span> <span class='ocrx_word' id='word_1_142' title='bbox 1271 2302 1469 2375; x_wconf 88' lang='lat' dir='ltr'>molendina</span> <span class='ocrx_word' id='word_1_143' title='bbox 1495 2301 1582 2393; x_wconf 93' lang='lat' dir='ltr'>duo,</span> <span class='ocrx_word' id='word_1_144' title='bbox 1610 2303 1693 2373; x_wconf 91' lang='lat' dir='ltr'>item</span> <span class='ocrx_word' id='word_1_145' title='bbox 1711 2303 1792 2374; x_wconf 90' lang='lat' dir='ltr'>hor·</span> 
     </span>
     <span class='ocr_line' id='line_1_17' title="bbox 243 2418 1792 2513; baseline 0.002 -23"><span class='ocrx_word' id='word_1_146' title='bbox 243 2418 392 2493; x_wconf 89' lang='lat' dir='ltr'>tnlaniae</span> <span class='ocrx_word' id='word_1_147' title='bbox 411 2423 571 2512; x_wconf 89' lang='lat' dir='ltr'>quinque,</span> <span class='ocrx_word' id='word_1_148' title='bbox 597 2423 765 2495; x_wconf 91' lang='lat' dir='ltr'>habentes</span> <span class='ocrx_word' id='word_1_149' title='bbox 784 2443 887 2513; x_wconf 81' lang='lat' dir='ltr'>agros</span> <span class='ocrx_word' id='word_1_150' title='bbox 904 2422 1080 2513; x_wconf 70' lang='lat' dir='ltr'>speciales</span> <span class='ocrx_word' id='word_1_151' title='bbox 1098 2422 1141 2493; x_wconf 90' lang='lat' dir='ltr'>de</span> <span class='ocrx_word' id='word_1_152' title='bbox 1159 2422 1285 2513; x_wconf 86' lang='lat' dir='ltr'>quibus</span> <span class='ocrx_word' id='word_1_153' title='bbox 1303 2421 1459 2494; x_wconf 88' lang='lat' dir='ltr'>omnibus</span> <span class='ocrx_word' id='word_1_154' title='bbox 1485 2422 1632 2493; x_wconf 86' lang='lat' dir='ltr'>solvitur</span> <span class='ocrx_word' id='word_1_155' title='bbox 1660 2421 1792 2493; x_wconf 90' lang='lat' dir='ltr'>decima</span> 
     </span>
     <span class='ocr_line' id='line_1_18' title="bbox 244 2538 1788 2635; baseline 0.001 -24"><span class='ocrx_word' id='word_1_156' title='bbox 244 2538 463 2630; x_wconf 84' lang='lat' dir='ltr'>manipularis</span> <span class='ocrx_word' id='word_1_157' title='bbox 489 2562 552 2631; x_wconf 93' lang='lat' dir='ltr'>pro</span> <span class='ocrx_word' id='word_1_158' title='bbox 576 2542 774 2631; x_wconf 84' lang='lat' dir='ltr'>praebenda</span> <span class='ocrx_word' id='word_1_159' title='bbox 791 2542 949 2632; x_wconf 87' lang='lat' dir='ltr'>praefata</span> <span class='ocrx_word' id='word_1_160' title='bbox 966 2549 1004 2614; x_wconf 87' lang='lat' dir='ltr'>et</span> <span class='ocrx_word' id='word_1_161' title='bbox 1021 2563 1084 2633; x_wconf 90' lang='lat' dir='ltr'>per</span> <span class='ocrx_word' id='word_1_162' title='bbox 1105 2540 1236 2614; x_wconf 85' lang='lat' dir='ltr'>incolas</span> <span class='ocrx_word' id='word_1_163' title='bbox 1260 2542 1411 2635; x_wconf 89' lang='lat' dir='ltr'>propriis</span> <span class='ocrx_word' id='word_1_164' title='bbox 1437 2542 1596 2615; x_wconf 90' lang='lat' dir='ltr'>curribus</span> <span class='ocrx_word' id='word_1_165' title='bbox 1615 2542 1650 2613; x_wconf 88' lang='lat' dir='ltr'>in</span> <span class='ocrx_word' id='word_1_166' title='bbox 1667 2544 1788 2614; x_wconf 89' lang='lat' dir='ltr'>horre-</span> 
     </span>
     <span class='ocr_line' id='line_1_19' title="bbox 243 2661 1791 2753; baseline 0.002 -22"><span class='ocrx_word' id='word_1_167' title='bbox 243 2678 299 2749; x_wconf 84' lang='lat' dir='ltr'>um</span> <span class='ocrx_word' id='word_1_168' title='bbox 315 2680 378 2751; x_wconf 92' lang='lat' dir='ltr'>per</span> <span class='ocrx_word' id='word_1_169' title='bbox 396 2662 596 2735; x_wconf 89' lang='lat' dir='ltr'>canonicum</span> <span class='ocrx_word' id='word_1_170' title='bbox 614 2662 795 2735; x_wconf 90' lang='lat' dir='ltr'>locandum</span> <span class='ocrx_word' id='word_1_171' title='bbox 823 2662 973 2752; x_wconf 87' lang='lat' dir='ltr'>ducitur,</span> <span class='ocrx_word' id='word_1_172' title='bbox 1001 2669 1037 2736; x_wconf 87' lang='lat' dir='ltr'>et</span> <span class='ocrx_word' id='word_1_173' title='bbox 1067 2661 1199 2733; x_wconf 89' lang='lat' dir='ltr'>decima</span> <span class='ocrx_word' id='word_1_174' title='bbox 1224 2662 1346 2753; x_wconf 91' lang='lat' dir='ltr'>canapi</span> <span class='ocrx_word' id='word_1_175' title='bbox 1364 2682 1426 2752; x_wconf 88' lang='lat' dir='ltr'>per</span> <span class='ocrx_word' id='word_1_176' title='bbox 1446 2667 1595 2752; x_wconf 87' lang='lat' dir='ltr'>quotuor</span> <span class='ocrx_word' id='word_1_177' title='bbox 1613 2662 1791 2734; x_wconf 89' lang='lat' dir='ltr'>iuncturas</span> 
     </span>
     <span class='ocr_line' id='line_1_20' title="bbox 232 2774 1791 2881; baseline 0.002 -30"><span class='ocrx_word' id='word_1_178' title='bbox 232 2774 277 2851; x_wconf 68' lang='lat' dir='ltr'>&#39;ot&#39;</span> <span class='ocrx_word' id='word_1_179' title='bbox 292 2780 392 2881; x_wconf 63' lang='lat' dir='ltr'>valor</span> <span class='ocrx_word' id='word_1_180' title='bbox 408 2780 560 2855; x_wconf 89' lang='lat' dir='ltr'>decimae</span> <span class='ocrx_word' id='word_1_181' title='bbox 588 2783 792 2854; x_wconf 86' lang='lat' dir='ltr'>aestimatur</span> <span class='ocrx_word' id='word_1_182' title='bbox 820 2783 864 2854; x_wconf 92' lang='lat' dir='ltr'>ad</span> <span class='ocrx_word' id='word_1_183' title='bbox 888 2783 1011 2873; x_wconf 84' lang='lat' dir='ltr'>viginti</span> <span class='ocrx_word' id='word_1_184' title='bbox 1027 2802 1172 2853; x_wconf 88' lang='lat' dir='ltr'>marcas.</span> <span class='ocrx_word' id='word_1_185' title='bbox 1199 2781 1265 2854; x_wconf 88' lang='lat' dir='ltr'>Est</span> <span class='ocrx_word' id='word_1_186' title='bbox 1292 2783 1397 2853; x_wconf 89' lang='lat' dir='ltr'>etiam</span> <span class='ocrx_word' id='word_1_187' title='bbox 1423 2781 1470 2854; x_wconf 94' lang='lat' dir='ltr'>ibi</span> <span class='ocrx_word' id='word_1_188' title='bbox 1498 2783 1595 2854; x_wconf 90' lang='lat' dir='ltr'>curia</span> <span class='ocrx_word' id='word_1_189' title='bbox 1620 2782 1791 2873; x_wconf 89' lang='lat' dir='ltr'>militaris,</span> 
     </span>
     <span class='ocr_line' id='line_1_21' title="bbox 239 2898 1790 2993; baseline 0 -20"><span class='ocrx_word' id='word_1_190' title='bbox 239 2898 370 2973; x_wconf 78' lang='lat' dir='ltr'>habens</span> <span class='ocrx_word' id='word_1_191' title='bbox 397 2924 500 2992; x_wconf 77' lang='lat' dir='ltr'>agros</span> <span class='ocrx_word' id='word_1_192' title='bbox 526 2902 738 2993; x_wconf 91' lang='lat' dir='ltr'>praedialcs,</span> <span class='ocrx_word' id='word_1_193' title='bbox 765 2902 807 2974; x_wconf 94' lang='lat' dir='ltr'>de</span> <span class='ocrx_word' id='word_1_194' title='bbox 835 2903 958 2993; x_wconf 85' lang='lat' dir='ltr'>quibus</span> <span class='ocrx_word' id='word_1_195' title='bbox 985 2902 1211 2991; x_wconf 87' lang='lat' dir='ltr'>manipularis</span> <span class='ocrx_word' id='word_1_196' title='bbox 1241 2901 1373 2972; x_wconf 90' lang='lat' dir='ltr'>decima</span> <span class='ocrx_word' id='word_1_197' title='bbox 1403 2900 1549 2975; x_wconf 86' lang='lat' dir='ltr'>solvitur</span> <span class='ocrx_word' id='word_1_198' title='bbox 1579 2902 1727 2993; x_wconf 87' lang='lat' dir='ltr'>plebano</span> <span class='ocrx_word' id='word_1_199' title='bbox 1754 2909 1790 2973; x_wconf 89' lang='lat' dir='ltr'>et</span> 
     </span>
     <span class='ocr_line' id='line_1_22' title="bbox 238 3018 1791 3113; baseline 0.002 -23"><span class='ocrx_word' id='word_1_200' title='bbox 238 3019 403 3092; x_wconf 88' lang='lat' dir='ltr'>ecclesiae</span> <span class='ocrx_word' id='word_1_201' title='bbox 425 3022 461 3092; x_wconf 91' lang='lat' dir='ltr'>in</span> <span class='ocrx_word' id='word_1_202' title='bbox 489 3019 659 3112; x_wconf 88' lang='lat' dir='ltr'>Gorha;</span> <span class='ocrx_word' id='word_1_203' title='bbox 687 3023 848 3113; x_wconf 85' lang='lat' dir='ltr'>quorriam</span> <span class='ocrx_word' id='word_1_204' title='bbox 867 3043 908 3093; x_wconf 85' lang='lat' dir='ltr'>ex</span> <span class='ocrx_word' id='word_1_205' title='bbox 936 3023 1045 3095; x_wconf 87' lang='lat' dir='ltr'>laneis</span> <span class='ocrx_word' id='word_1_206' title='bbox 1076 3020 1349 3097; x_wconf 85' lang='lat' dir='ltr'>emethonalibus</span> <span class='ocrx_word' id='word_1_207' title='bbox 1362 3020 1542 3111; x_wconf 88' lang='lat' dir='ltr'>praedium</span> <span class='ocrx_word' id='word_1_208' title='bbox 1568 3018 1697 3093; x_wconf 86' lang='lat' dir='ltr'>lactum</span> <span class='ocrx_word' id='word_1_209' title='bbox 1716 3029 1791 3111; x_wconf 81' lang='lat' dir='ltr'>est3</span> 
     </span>
     <span class='ocr_line' id='line_1_23' title="bbox 240 3139 1790 3235; baseline 0.001 -23"><span class='ocrx_word' id='word_1_210' title='bbox 240 3140 388 3231; x_wconf 88' lang='lat' dir='ltr'>percipit</span> <span class='ocrx_word' id='word_1_211' title='bbox 413 3142 517 3213; x_wconf 89' lang='lat' dir='ltr'>etiam</span> <span class='ocrx_word' id='word_1_212' title='bbox 546 3143 712 3214; x_wconf 91' lang='lat' dir='ltr'>decimam</span> <span class='ocrx_word' id='word_1_213' title='bbox 734 3142 983 3235; x_wconf 88' lang='lat' dir='ltr'>manipularem</span> <span class='ocrx_word' id='word_1_214' title='bbox 1001 3141 1171 3230; x_wconf 84' lang='lat' dir='ltr'>plebanus</span> <span class='ocrx_word' id='word_1_215' title='bbox 1196 3139 1239 3215; x_wconf 88' lang='lat' dir='ltr'>de</span> <span class='ocrx_word' id='word_1_216' title='bbox 1266 3139 1479 3231; x_wconf 83' lang='lat' dir='ltr'>Ruezcza,</span> <span class='ocrx_word' id='word_1_217' title='bbox 1502 3140 1562 3211; x_wconf 91' lang='lat' dir='ltr'>sed</span> <span class='ocrx_word' id='word_1_218' title='bbox 1593 3160 1636 3212; x_wconf 85' lang='lat' dir='ltr'>ex</span> <span class='ocrx_word' id='word_1_219' title='bbox 1663 3140 1790 3231; x_wconf 76' lang='lat' dir='ltr'>pauciS,</span> 
     </span>
     <span class='ocr_line' id='line_1_24' title="bbox 239 3258 1079 3335; baseline 0.001 -3"><span class='ocrx_word' id='word_1_220' title='bbox 239 3258 401 3333; x_wconf 83' lang='lat' dir='ltr'>videlicet</span> <span class='ocrx_word' id='word_1_221' title='bbox 426 3262 469 3333; x_wconf 89' lang='lat' dir='ltr'>de</span> <span class='ocrx_word' id='word_1_222' title='bbox 496 3283 565 3334; x_wconf 91' lang='lat' dir='ltr'>una</span> <span class='ocrx_word' id='word_1_223' title='bbox 590 3263 738 3335; x_wconf 86' lang='lat' dir='ltr'>taberna</span> <span class='ocrx_word' id='word_1_224' title='bbox 765 3269 801 3333; x_wconf 87' lang='lat' dir='ltr'>ct</span> <span class='ocrx_word' id='word_1_225' title='bbox 827 3262 956 3335; x_wconf 89' lang='lat' dir='ltr'>denno</span> <span class='ocrx_word' id='word_1_226' title='bbox 985 3282 1079 3335; x_wconf 84' lang='lat' dir='ltr'>arvo.</span> 
     </span>
    </p>

    <p class='ocr_par' dir='ltr' id='par_1_4' title="bbox 238 3380 1791 4315">
     <span class='ocr_line' id='line_1_25' title="bbox 341 3380 1789 3475; baseline 0.002 -23"><span class='ocrx_word' id='word_1_227' title='bbox 341 3381 429 3453; x_wconf 85' lang='lat' dir='ltr'>Item</span> <span class='ocrx_word' id='word_1_228' title='bbox 447 3382 554 3455; x_wconf 89' lang='lat' dir='ltr'>habet</span> <span class='ocrx_word' id='word_1_229' title='bbox 571 3384 711 3456; x_wconf 87' lang='lat' dir='ltr'>tertiam</span> <span class='ocrx_word' id='word_1_230' title='bbox 730 3384 980 3473; x_wconf 87' lang='lat' dir='ltr'>manipularem</span> <span class='ocrx_word' id='word_1_231' title='bbox 998 3383 1164 3453; x_wconf 91' lang='lat' dir='ltr'>decimam</span> <span class='ocrx_word' id='word_1_232' title='bbox 1182 3382 1217 3452; x_wconf 92' lang='lat' dir='ltr'>in</span> <span class='ocrx_word' id='word_1_233' title='bbox 1236 3380 1584 3473; x_wconf 87' lang='lat' dir='ltr'>Koszczielnyk</span> <span class='ocrx_word' id='word_1_234' title='bbox 1594 3406 1626 3473; x_wconf 85' lang='lat' dir='ltr'>y,</span> <span class='ocrx_word' id='word_1_235' title='bbox 1645 3385 1709 3455; x_wconf 90' lang='lat' dir='ltr'>sub</span> <span class='ocrx_word' id='word_1_236' title='bbox 1728 3405 1789 3475; x_wconf 90' lang='lat' dir='ltr'>pa-</span> 
     </span>
     <span class='ocr_line' id='line_1_26' title="bbox 239 3500 1789 3595; baseline 0.002 -23"><span class='ocrx_word' id='word_1_237' title='bbox 239 3500 360 3573; x_wconf 84' lang='lat' dir='ltr'>rochia</span> <span class='ocrx_word' id='word_1_238' title='bbox 376 3502 540 3575; x_wconf 87' lang='lat' dir='ltr'>ecclesiae</span> <span class='ocrx_word' id='word_1_239' title='bbox 558 3503 601 3575; x_wconf 91' lang='lat' dir='ltr'>de</span> <span class='ocrx_word' id='word_1_240' title='bbox 620 3502 781 3593; x_wconf 87' lang='lat' dir='ltr'>Gorka,</span> <span class='ocrx_word' id='word_1_241' title='bbox 800 3505 835 3575; x_wconf 92' lang='lat' dir='ltr'>in</span> <span class='ocrx_word' id='word_1_242' title='bbox 855 3526 922 3595; x_wconf 90' lang='lat' dir='ltr'>qua</span> <span class='ocrx_word' id='word_1_243' title='bbox 940 3526 1008 3575; x_wconf 89' lang='lat' dir='ltr'>non</span> <span class='ocrx_word' id='word_1_244' title='bbox 1027 3510 1090 3592; x_wconf 88' lang='lat' dir='ltr'>est,</span> <span class='ocrx_word' id='word_1_245' title='bbox 1109 3504 1175 3573; x_wconf 91' lang='lat' dir='ltr'>nisi</span> <span class='ocrx_word' id='word_1_246' title='bbox 1195 3524 1281 3573; x_wconf 89' lang='lat' dir='ltr'>unus</span> <span class='ocrx_word' id='word_1_247' title='bbox 1300 3502 1420 3574; x_wconf 86' lang='lat' dir='ltr'>laneus</span> <span class='ocrx_word' id='word_1_248' title='bbox 1438 3503 1673 3591; x_wconf 87' lang='lat' dir='ltr'>cmethonalis,</span> <span class='ocrx_word' id='word_1_249' title='bbox 1689 3524 1789 3593; x_wconf 88' lang='lat' dir='ltr'>quem</span> 
     </span>
     <span class='ocr_line' id='line_1_27' title="bbox 239 3618 1791 3714; baseline -0.001 -19"><span class='ocrx_word' id='word_1_250' title='bbox 239 3618 308 3701; x_wconf 78' lang='lat' dir='ltr'>dno</span> <span class='ocrx_word' id='word_1_251' title='bbox 325 3618 523 3696; x_wconf 81' lang='lat' dir='ltr'>emethones</span> <span class='ocrx_word' id='word_1_252' title='bbox 547 3624 664 3696; x_wconf 89' lang='lat' dir='ltr'>colunt</span> <span class='ocrx_word' id='word_1_253' title='bbox 688 3630 724 3695; x_wconf 86' lang='lat' dir='ltr'>et</span> <span class='ocrx_word' id='word_1_254' title='bbox 747 3624 914 3695; x_wconf 88' lang='lat' dir='ltr'>decimam</span> <span class='ocrx_word' id='word_1_255' title='bbox 937 3623 1186 3714; x_wconf 90' lang='lat' dir='ltr'>manipularem</span> <span class='ocrx_word' id='word_1_256' title='bbox 1213 3622 1364 3694; x_wconf 87' lang='lat' dir='ltr'>reddunt</span> <span class='ocrx_word' id='word_1_257' title='bbox 1394 3628 1430 3694; x_wconf 88' lang='lat' dir='ltr'>et</span> <span class='ocrx_word' id='word_1_258' title='bbox 1461 3623 1565 3693; x_wconf 90' lang='lat' dir='ltr'>etiam</span> <span class='ocrx_word' id='word_1_259' title='bbox 1592 3623 1791 3713; x_wconf 90' lang='lat' dir='ltr'>canapalem</span> 
     </span>
     <span class='ocr_line' id='line_1_28' title="bbox 239 3730 1790 3834; baseline -0.001 -19"><span class='ocrx_word' id='word_1_260' title='bbox 239 3730 457 3831; x_wconf 70' lang='lat' dir='ltr'>praebendae</span> <span class='ocrx_word' id='word_1_261' title='bbox 473 3743 665 3834; x_wconf 84' lang='lat' dir='ltr'>praefatae,</span> <span class='ocrx_word' id='word_1_262' title='bbox 684 3744 838 3816; x_wconf 90' lang='lat' dir='ltr'>ducendo</span> <span class='ocrx_word' id='word_1_263' title='bbox 858 3765 933 3815; x_wconf 90' lang='lat' dir='ltr'>eam</span> <span class='ocrx_word' id='word_1_264' title='bbox 951 3745 1101 3833; x_wconf 90' lang='lat' dir='ltr'>propriis</span> <span class='ocrx_word' id='word_1_265' title='bbox 1120 3743 1278 3815; x_wconf 90' lang='lat' dir='ltr'>curribus</span> <span class='ocrx_word' id='word_1_266' title='bbox 1306 3762 1370 3831; x_wconf 94' lang='lat' dir='ltr'>pro</span> <span class='ocrx_word' id='word_1_267' title='bbox 1389 3742 1551 3812; x_wconf 89' lang='lat' dir='ltr'>canonico</span> <span class='ocrx_word' id='word_1_268' title='bbox 1575 3748 1611 3812; x_wconf 91' lang='lat' dir='ltr'>et</span> <span class='ocrx_word' id='word_1_269' title='bbox 1629 3743 1790 3813; x_wconf 87' lang='lat' dir='ltr'>aestima-</span> 
     </span>
     <span class='ocr_line' id='line_1_29' title="bbox 239 3861 1790 3954; baseline 0.001 -22"><span class='ocrx_word' id='word_1_270' title='bbox 239 3862 408 3935; x_wconf 85' lang='lat' dir='ltr'>turvalor</span> <span class='ocrx_word' id='word_1_271' title='bbox 421 3864 496 3935; x_wconf 89' lang='lat' dir='ltr'>eius</span> <span class='ocrx_word' id='word_1_272' title='bbox 510 3864 554 3934; x_wconf 89' lang='lat' dir='ltr'>ad</span> <span class='ocrx_word' id='word_1_273' title='bbox 572 3872 644 3935; x_wconf 87' lang='lat' dir='ltr'>tres</span> <span class='ocrx_word' id='word_1_274' title='bbox 663 3885 806 3954; x_wconf 85' lang='lat' dir='ltr'>nrarcas,</span> <span class='ocrx_word' id='word_1_275' title='bbox 825 3870 861 3935; x_wconf 87' lang='lat' dir='ltr'>et</span> <span class='ocrx_word' id='word_1_276' title='bbox 878 3865 998 3935; x_wconf 89' lang='lat' dir='ltr'>laneus</span> <span class='ocrx_word' id='word_1_277' title='bbox 1016 3862 1191 3953; x_wconf 87' lang='lat' dir='ltr'>praefatus</span> <span class='ocrx_word' id='word_1_278' title='bbox 1210 3862 1341 3933; x_wconf 83' lang='lat' dir='ltr'>divisus</span> <span class='ocrx_word' id='word_1_279' title='bbox 1360 3867 1413 3934; x_wconf 88' lang='lat' dir='ltr'>est</span> <span class='ocrx_word' id='word_1_280' title='bbox 1430 3863 1466 3933; x_wconf 92' lang='lat' dir='ltr'>in</span> <span class='ocrx_word' id='word_1_281' title='bbox 1480 3861 1710 3953; x_wconf 84' lang='lat' dir='ltr'>hortulanias3</span> <span class='ocrx_word' id='word_1_282' title='bbox 1730 3862 1790 3933; x_wconf 94' lang='lat' dir='ltr'>do-</span> 
     </span>
     <span class='ocr_line' id='line_1_30' title="bbox 238 3980 1789 4075; baseline 0.001 -22"><span class='ocrx_word' id='word_1_283' title='bbox 238 3981 380 4054; x_wconf 87' lang='lat' dir='ltr'>minium</span> <span class='ocrx_word' id='word_1_284' title='bbox 412 3988 527 4056; x_wconf 87' lang='lat' dir='ltr'>autem</span> <span class='ocrx_word' id='word_1_285' title='bbox 559 3990 656 4056; x_wconf 89' lang='lat' dir='ltr'>tenet</span> <span class='ocrx_word' id='word_1_286' title='bbox 685 3987 789 4058; x_wconf 79' lang='lat' dir='ltr'>uillae</span> <span class='ocrx_word' id='word_1_287' title='bbox 820 3983 997 4075; x_wconf 89' lang='lat' dir='ltr'>praelatus</span> <span class='ocrx_word' id='word_1_288' title='bbox 1024 3982 1188 4053; x_wconf 85' lang='lat' dir='ltr'>Nicolaus</span> <span class='ocrx_word' id='word_1_289' title='bbox 1218 3980 1413 4053; x_wconf 87' lang='lat' dir='ltr'>Straseh</span> <span class='ocrx_word' id='word_1_290' title='bbox 1445 3981 1616 4054; x_wconf 93' lang='lat' dir='ltr'>dedomo</span> <span class='ocrx_word' id='word_1_291' title='bbox 1651 3980 1789 4055; x_wconf 88' lang='lat' dir='ltr'>Odru-</span> 
     </span>
     <span class='ocr_line' id='line_1_31' title="bbox 239 4102 1790 4194; baseline 0.003 -21"><span class='ocrx_word' id='word_1_292' title='bbox 239 4105 430 4194; x_wconf 83' lang='lat' dir='ltr'>wansch,</span> <span class='ocrx_word' id='word_1_293' title='bbox 457 4105 587 4177; x_wconf 88' lang='lat' dir='ltr'>habens</span> <span class='ocrx_word' id='word_1_294' title='bbox 606 4107 654 4175; x_wconf 92' lang='lat' dir='ltr'>ibi</span> <span class='ocrx_word' id='word_1_295' title='bbox 673 4108 803 4177; x_wconf 89' lang='lat' dir='ltr'>curiam</span> <span class='ocrx_word' id='word_1_296' title='bbox 822 4105 1015 4194; x_wconf 86' lang='lat' dir='ltr'>militarem,</span> <span class='ocrx_word' id='word_1_297' title='bbox 1045 4112 1079 4174; x_wconf 95' lang='lat' dir='ltr'>ct</span> <span class='ocrx_word' id='word_1_298' title='bbox 1107 4124 1209 4193; x_wconf 83' lang='lat' dir='ltr'>agros</span> <span class='ocrx_word' id='word_1_299' title='bbox 1227 4103 1420 4193; x_wconf 89' lang='lat' dir='ltr'>praediales</span> <span class='ocrx_word' id='word_1_300' title='bbox 1438 4109 1475 4174; x_wconf 91' lang='lat' dir='ltr'>et</span> <span class='ocrx_word' id='word_1_301' title='bbox 1491 4102 1718 4194; x_wconf 72' lang='lat' dir='ltr'>hortulaniaS,</span> <span class='ocrx_word' id='word_1_302' title='bbox 1747 4105 1790 4177; x_wconf 90' lang='lat' dir='ltr'>de</span> 
     </span>
     <span class='ocr_line' id='line_1_32' title="bbox 238 4221 1790 4315; baseline 0 -19"><span class='ocrx_word' id='word_1_303' title='bbox 238 4221 362 4313; x_wconf 79' lang='lat' dir='ltr'>quibua</span> <span class='ocrx_word' id='word_1_304' title='bbox 380 4225 537 4297; x_wconf 92' lang='lat' dir='ltr'>omnibus</span> <span class='ocrx_word' id='word_1_305' title='bbox 556 4226 695 4298; x_wconf 78' lang='lat' dir='ltr'>solvunt</span> <span class='ocrx_word' id='word_1_306' title='bbox 713 4227 878 4298; x_wconf 89' lang='lat' dir='ltr'>decimam</span> <span class='ocrx_word' id='word_1_307' title='bbox 896 4226 1146 4315; x_wconf 89' lang='lat' dir='ltr'>manipularem</span> <span class='ocrx_word' id='word_1_308' title='bbox 1163 4224 1310 4314; x_wconf 89' lang='lat' dir='ltr'>plebano</span> <span class='ocrx_word' id='word_1_309' title='bbox 1329 4230 1365 4295; x_wconf 91' lang='lat' dir='ltr'>et</span> <span class='ocrx_word' id='word_1_310' title='bbox 1383 4224 1547 4296; x_wconf 90' lang='lat' dir='ltr'>ecclesiae</span> <span class='ocrx_word' id='word_1_311' title='bbox 1564 4225 1600 4296; x_wconf 93' lang='lat' dir='ltr'>in</span> <span class='ocrx_word' id='word_1_312' title='bbox 1626 4223 1748 4297; x_wconf 81' lang='lat' dir='ltr'>Gorlr</span> <span class='ocrx_word' id='word_1_313' title='bbox 1760 4248 1790 4297; x_wconf 87' lang='lat' dir='ltr'>a.</span> 
     </span>
    </p>
   </div>
   <div class='ocr_carea' id='block_1_3' title="bbox 257 4345 1911 4439">
    <p class='ocr_par' dir='ltr' id='par_1_5' title="bbox 257 4345 1911 4439">
     <span class='ocr_line' id='line_1_33' title="bbox 257 4345 1911 4439; baseline 0.001 -24"><span class='ocrx_word' id='word_1_314' title='bbox 257 4426 262 4435; x_wconf 46' lang='grc'><strong><em>,</em></strong></span> <span class='ocrx_word' id='word_1_315' title='bbox 340 4346 427 4417; x_wconf 90' lang='lat' dir='ltr'>ltem</span> <span class='ocrx_word' id='word_1_316' title='bbox 450 4346 557 4417; x_wconf 91' lang='lat' dir='ltr'>hahet</span> <span class='ocrx_word' id='word_1_317' title='bbox 576 4354 734 4438; x_wconf 90' lang='lat' dir='ltr'>quartam</span> <span class='ocrx_word' id='word_1_318' title='bbox 753 4348 1002 4439; x_wconf 90' lang='lat' dir='ltr'>manipularem</span> <span class='ocrx_word' id='word_1_319' title='bbox 1021 4346 1187 4417; x_wconf 91' lang='lat' dir='ltr'>decimam</span> <span class='ocrx_word' id='word_1_320' title='bbox 1206 4346 1241 4416; x_wconf 95' lang='lat' dir='ltr'>in</span> <span class='ocrx_word' id='word_1_321' title='bbox 1260 4345 1485 4436; x_wconf 82' lang='lat' dir='ltr'>Wolycza,</span> <span class='ocrx_word' id='word_1_322' title='bbox 1503 4345 1586 4417; x_wconf 83' lang='lat' dir='ltr'>villa</span> <span class='ocrx_word' id='word_1_323' title='bbox 1604 4348 1668 4418; x_wconf 92' lang='lat' dir='ltr'>sub</span> <span class='ocrx_word' id='word_1_324' title='bbox 1687 4367 1789 4437; x_wconf 91' lang='lat' dir='ltr'>paro·</span> <span class='ocrx_word' id='word_1_325' title='bbox 1905 4378 1911 4385; x_wconf 96' lang='lat'>·</span> 
     </span>
    </p>
   </div>
   <div class='ocr_carea' id='block_1_4' title="bbox 228 4464 1789 5401">
    <p class='ocr_par' dir='ltr' id='par_1_6' title="bbox 228 4464 1789 5401">
     <span class='ocr_line' id='line_1_34' title="bbox 238 4464 1788 4560; baseline 0.001 -25"><span class='ocrx_word' id='word_1_326' title='bbox 238 4464 317 4537; x_wconf 88' lang='lat' dir='ltr'>chia</span> <span class='ocrx_word' id='word_1_327' title='bbox 342 4465 505 4538; x_wconf 89' lang='lat' dir='ltr'>ecclesiae</span> <span class='ocrx_word' id='word_1_328' title='bbox 533 4467 575 4539; x_wconf 94' lang='lat' dir='ltr'>de</span> <span class='ocrx_word' id='word_1_329' title='bbox 601 4467 894 4560; x_wconf 71' lang='lat' dir='ltr'>Pobyednylr,</span> <span class='ocrx_word' id='word_1_330' title='bbox 918 4468 1013 4540; x_wconf 91' lang='lat' dir='ltr'>cuius</span> <span class='ocrx_word' id='word_1_331' title='bbox 1035 4466 1234 4539; x_wconf 85' lang='lat' dir='ltr'>haereditas</span> <span class='ocrx_word' id='word_1_332' title='bbox 1248 4466 1401 4556; x_wconf 91' lang='lat' dir='ltr'>pertinet</span> <span class='ocrx_word' id='word_1_333' title='bbox 1415 4465 1459 4537; x_wconf 87' lang='lat' dir='ltr'>ad</span> <span class='ocrx_word' id='word_1_334' title='bbox 1473 4466 1667 4557; x_wconf 85' lang='lat' dir='ltr'>praelatum</span> <span class='ocrx_word' id='word_1_335' title='bbox 1685 4466 1788 4536; x_wconf 90' lang='lat' dir='ltr'>Nico·</span> 
     </span>
     <span class='ocr_line' id='line_1_35' title="bbox 237 4582 1786 4678; baseline 0.002 -25"><span class='ocrx_word' id='word_1_336' title='bbox 237 4582 329 4657; x_wconf 90' lang='lat' dir='ltr'>laum</span> <span class='ocrx_word' id='word_1_337' title='bbox 347 4584 538 4660; x_wconf 85' lang='lat' dir='ltr'>Strasch</span> <span class='ocrx_word' id='word_1_338' title='bbox 565 4588 728 4661; x_wconf 90' lang='lat' dir='ltr'>dedomo</span> <span class='ocrx_word' id='word_1_339' title='bbox 754 4587 1076 4661; x_wconf 82' lang='lat' dir='ltr'>Odrouansch.</span> <span class='ocrx_word' id='word_1_340' title='bbox 1103 4589 1143 4658; x_wconf 91' lang='lat' dir='ltr'>ln</span> <span class='ocrx_word' id='word_1_341' title='bbox 1163 4610 1231 4678; x_wconf 89' lang='lat' dir='ltr'>qua</span> <span class='ocrx_word' id='word_1_342' title='bbox 1249 4594 1330 4659; x_wconf 90' lang='lat' dir='ltr'>sunt</span> <span class='ocrx_word' id='word_1_343' title='bbox 1348 4592 1498 4678; x_wconf 86' lang='lat' dir='ltr'>quatuor</span> <span class='ocrx_word' id='word_1_344' title='bbox 1516 4587 1607 4657; x_wconf 89' lang='lat' dir='ltr'>lanei</span> <span class='ocrx_word' id='word_1_345' title='bbox 1634 4587 1786 4657; x_wconf 90' lang='lat' dir='ltr'>emetho-</span> 
     </span>
     <span class='ocr_line' id='line_1_36' title="bbox 238 4704 1789 4800; baseline 0.001 -26"><span class='ocrx_word' id='word_1_346' title='bbox 238 4705 343 4795; x_wconf 83' lang='lat' dir='ltr'>noles,</span> <span class='ocrx_word' id='word_1_347' title='bbox 372 4706 415 4779; x_wconf 92' lang='lat' dir='ltr'>de</span> <span class='ocrx_word' id='word_1_348' title='bbox 442 4709 567 4799; x_wconf 86' lang='lat' dir='ltr'>quibus</span> <span class='ocrx_word' id='word_1_349' title='bbox 594 4709 741 4782; x_wconf 76' lang='lat' dir='ltr'>soluitur</span> <span class='ocrx_word' id='word_1_350' title='bbox 768 4710 899 4781; x_wconf 90' lang='lat' dir='ltr'>decima</span> <span class='ocrx_word' id='word_1_351' title='bbox 926 4709 1150 4800; x_wconf 88' lang='lat' dir='ltr'>manipularis</span> <span class='ocrx_word' id='word_1_352' title='bbox 1177 4707 1395 4799; x_wconf 87' lang='lat' dir='ltr'>praebendae</span> <span class='ocrx_word' id='word_1_353' title='bbox 1422 4706 1599 4797; x_wconf 87' lang='lat' dir='ltr'>praefatae</span> <span class='ocrx_word' id='word_1_354' title='bbox 1631 4712 1667 4776; x_wconf 89' lang='lat' dir='ltr'>et</span> <span class='ocrx_word' id='word_1_355' title='bbox 1694 4704 1789 4776; x_wconf 91' lang='lat' dir='ltr'>duci·</span> 
     </span>
     <span class='ocr_line' id='line_1_37' title="bbox 236 4825 1786 4931; baseline 0.001 -36"><span class='ocrx_word' id='word_1_356' title='bbox 236 4827 295 4895; x_wconf 86' lang='lat' dir='ltr'>tur</span> <span class='ocrx_word' id='word_1_357' title='bbox 316 4846 380 4916; x_wconf 92' lang='lat' dir='ltr'>per</span> <span class='ocrx_word' id='word_1_358' title='bbox 405 4830 603 4902; x_wconf 88' lang='lat' dir='ltr'>cmethoncs</span> <span class='ocrx_word' id='word_1_359' title='bbox 630 4830 666 4900; x_wconf 93' lang='lat' dir='ltr'>in</span> <span class='ocrx_word' id='word_1_360' title='bbox 684 4830 847 4902; x_wconf 90' lang='lat' dir='ltr'>horreum</span> <span class='ocrx_word' id='word_1_361' title='bbox 874 4851 937 4920; x_wconf 89' lang='lat' dir='ltr'>pro</span> <span class='ocrx_word' id='word_1_362' title='bbox 963 4830 1146 4918; x_wconf 89' lang='lat' dir='ltr'>canonico;</span> <span class='ocrx_word' id='word_1_363' title='bbox 1172 4829 1276 4931; x_wconf 73' lang='lat' dir='ltr'>datur</span> <span class='ocrx_word' id='word_1_364' title='bbox 1294 4828 1398 4899; x_wconf 88' lang='lat' dir='ltr'>etiam</span> <span class='ocrx_word' id='word_1_365' title='bbox 1417 4827 1549 4897; x_wconf 90' lang='lat' dir='ltr'>decima</span> <span class='ocrx_word' id='word_1_366' title='bbox 1575 4825 1696 4914; x_wconf 89' lang='lat' dir='ltr'>canapi</span> <span class='ocrx_word' id='word_1_367' title='bbox 1723 4846 1786 4914; x_wconf 91' lang='lat' dir='ltr'>per</span> 
     </span>
     <span class='ocr_line' id='line_1_38' title="bbox 234 4945 1785 5034; baseline -0.001 -18"><span class='ocrx_word' id='word_1_368' title='bbox 234 4952 385 5034; x_wconf 89' lang='lat' dir='ltr'>quatuor</span> <span class='ocrx_word' id='word_1_369' title='bbox 411 4949 588 5022; x_wconf 90' lang='lat' dir='ltr'>iuncturas</span> <span class='ocrx_word' id='word_1_370' title='bbox 624 4955 660 5020; x_wconf 92' lang='lat' dir='ltr'>et</span> <span class='ocrx_word' id='word_1_371' title='bbox 687 4952 891 5022; x_wconf 89' lang='lat' dir='ltr'>aestimatur</span> <span class='ocrx_word' id='word_1_372' title='bbox 926 4950 1024 5021; x_wconf 86' lang='lat' dir='ltr'>valor</span> <span class='ocrx_word' id='word_1_373' title='bbox 1056 4951 1129 5021; x_wconf 87' lang='lat' dir='ltr'>eius</span> <span class='ocrx_word' id='word_1_374' title='bbox 1161 4950 1205 5020; x_wconf 92' lang='lat' dir='ltr'>ad</span> <span class='ocrx_word' id='word_1_375' title='bbox 1237 4955 1309 5020; x_wconf 90' lang='lat' dir='ltr'>tres</span> <span class='ocrx_word' id='word_1_376' title='bbox 1340 4967 1482 5018; x_wconf 86' lang='lat' dir='ltr'>marcas.</span> <span class='ocrx_word' id='word_1_377' title='bbox 1520 4945 1599 5016; x_wconf 89' lang='lat' dir='ltr'>Non</span> <span class='ocrx_word' id='word_1_378' title='bbox 1627 4951 1710 5016; x_wconf 89' lang='lat' dir='ltr'>sunt</span> <span class='ocrx_word' id='word_1_379' title='bbox 1737 4946 1785 5016; x_wconf 92' lang='lat' dir='ltr'>ibi</span> 
     </span>
     <span class='ocr_line' id='line_1_39' title="bbox 228 5063 1696 5161; baseline 0 -26"><span class='ocrx_word' id='word_1_380' title='bbox 228 5063 410 5158; x_wconf 82' lang='lat' dir='ltr'>tabernae,</span> <span class='ocrx_word' id='word_1_381' title='bbox 437 5090 548 5160; x_wconf 91' lang='lat' dir='ltr'>neque</span> <span class='ocrx_word' id='word_1_382' title='bbox 575 5070 802 5160; x_wconf 89' lang='lat' dir='ltr'>hortulaniac,</span> <span class='ocrx_word' id='word_1_383' title='bbox 820 5092 931 5161; x_wconf 89' lang='lat' dir='ltr'>neque</span> <span class='ocrx_word' id='word_1_384' title='bbox 950 5069 1130 5160; x_wconf 90' lang='lat' dir='ltr'>praedium</span> <span class='ocrx_word' id='word_1_385' title='bbox 1148 5068 1307 5157; x_wconf 90' lang='lat' dir='ltr'>militare,</span> <span class='ocrx_word' id='word_1_386' title='bbox 1326 5087 1436 5157; x_wconf 89' lang='lat' dir='ltr'>neque</span> <span class='ocrx_word' id='word_1_387' title='bbox 1455 5063 1696 5136; x_wconf 83' lang='lat' dir='ltr'>molendinum.</span> 
     </span>
     <span class='ocr_line' id='line_1_40' title="bbox 337 5183 1785 5280; baseline 0 -23"><span class='ocrx_word' id='word_1_388' title='bbox 337 5186 425 5259; x_wconf 89' lang='lat' dir='ltr'>Item</span> <span class='ocrx_word' id='word_1_389' title='bbox 444 5189 550 5261; x_wconf 92' lang='lat' dir='ltr'>habet</span> <span class='ocrx_word' id='word_1_390' title='bbox 569 5190 724 5280; x_wconf 90' lang='lat' dir='ltr'>quintam</span> <span class='ocrx_word' id='word_1_391' title='bbox 742 5190 992 5280; x_wconf 91' lang='lat' dir='ltr'>manipularem</span> <span class='ocrx_word' id='word_1_392' title='bbox 1006 5189 1171 5261; x_wconf 88' lang='lat' dir='ltr'>decimam</span> <span class='ocrx_word' id='word_1_393' title='bbox 1186 5188 1221 5256; x_wconf 93' lang='lat' dir='ltr'>in</span> <span class='ocrx_word' id='word_1_394' title='bbox 1239 5185 1410 5256; x_wconf 85' lang='lat' dir='ltr'>Podloz</span> <span class='ocrx_word' id='word_1_395' title='bbox 1420 5205 1481 5277; x_wconf 87' lang='lat' dir='ltr'>ye,</span> <span class='ocrx_word' id='word_1_396' title='bbox 1499 5184 1584 5256; x_wconf 81' lang='lat' dir='ltr'>uilla</span> <span class='ocrx_word' id='word_1_397' title='bbox 1602 5183 1785 5258; x_wconf 88' lang='lat' dir='ltr'>sanctimo-</span> 
     </span>
     <span class='ocr_line' id='line_1_41' title="bbox 234 5304 1786 5401; baseline 0.001 -24"><span class='ocrx_word' id='word_1_398' title='bbox 234 5304 376 5378; x_wconf 84' lang='lat' dir='ltr'>nialium</span> <span class='ocrx_word' id='word_1_399' title='bbox 404 5307 446 5378; x_wconf 94' lang='lat' dir='ltr'>de</span> <span class='ocrx_word' id='word_1_400' title='bbox 470 5308 796 5401; x_wconf 71' lang='lat' dir='ltr'>Sthanyathly</span> <span class='ocrx_word' id='word_1_401' title='bbox 834 5310 897 5383; x_wconf 88' lang='lat' dir='ltr'>sub</span> <span class='ocrx_word' id='word_1_402' title='bbox 917 5309 1106 5401; x_wconf 89' lang='lat' dir='ltr'>parochiali</span> <span class='ocrx_word' id='word_1_403' title='bbox 1125 5305 1269 5378; x_wconf 90' lang='lat' dir='ltr'>ecclesia</span> <span class='ocrx_word' id='word_1_404' title='bbox 1286 5304 1328 5377; x_wconf 93' lang='lat' dir='ltr'>de</span> <span class='ocrx_word' id='word_1_405' title='bbox 1354 5305 1722 5396; x_wconf 87' lang='lat' dir='ltr'>Nyepolomicze.</span> <span class='ocrx_word' id='word_1_406' title='bbox 1745 5307 1786 5379; x_wconf 94' lang='lat' dir='ltr'>ln</span> 
     </span>
    </p>
   </div>
   <div class='ocr_carea' id='block_1_5' title="bbox 0 0 2030 6054">
    <p class='ocr_par' dir='ltr' id='par_1_7' title="bbox 0 0 2030 6054">
     <span class='ocr_line' id='line_1_42' title="bbox 0 0 2030 6054; baseline 0 2"><span class='ocrx_word' id='word_1_407' title='bbox 0 0 2030 6054; x_wconf 95' lang='lat' dir='ltr'> </span> 
     </span>
    </p>
   </div>
  </div>
 </body>
</html>
