4050 6054
292 490 364 564 adn

391 698 548 786 Srnucr,
576 693 659 767 villa
686 693 750 767 sub
778 694 942 785 parocbia
969 692 1134 766 ecclesiae
1162 692 1204 766 de
1232 690 1359 766 Nora
1386 692 1594 767 Sandecz
1620 694 1707 787 sita,
1745 693 1855 768 cuius

288 820 485 910 proprietas
513 818 1063 888 6116616166616666616166
1100 818 1412 889 sanctimonialium
1446 818 1737 888 Sandeczensium
1766 836 1854 907 per·

286 941 384 1027 tinet,
410 939 446 1008 in
466 959 536 1027 qua
553 959 622 1008 666
641 943 723 1008 6661
750 937 857 1026 aliqui
884 937 976 1007 lanei
1005 937 1246 1026 cmetbonales,
1274 937 1315 1008 de
1336 938 1459 1028 quibus
1486 938 1681 1008 solveretur
1707 937 1851 1008 decima

287 1059 512 1149 manipularis
539 1065 575 1128 et
600 1079 665 1148 per
695 1065 844 1147 quatuor
872 1059 1009 1148 Ierugas
1037 1058 1212 1147 canapalis
1240 1059 1401 1148 epIscopo
1429 1058 1668 1146 Cracoviensi3
1696 1058 1762 1128 sed
1790 1064 1851 1128 est

285 1180 465 1270 praedium
494 1179 804 1249 sanctimonialium
832 1179 875 1248 (16
903 1177 1030 1248 Nova
1057 1179 1270 1249 Sandecz.
1297 1180 1384 1249 Item
1403 1179 1577 1268 tabernae,
1605 1179 1688 1249 item
1715 1179 1849 1249 bortu-

286 1301 409 1390 laniae,
437 1301 519 1369 item
546 1299 779 1369 molendinum
808 1299 877 1368 illic
904 1321 972 1369 666
999 1299 1182 1369 habentur.

391 1421 624 1507 Damnosus,
661 1421 744 1489 villa
779 1421 843 1489 sub
871 1421 1036 1508 parocbia
1071 1400 1235 1490 ecclesiae
1272 1419 1314 1490 de
1351 1420 1478 1490 Nova
1512 1420 1723 1490 Sandecz
1762 1420 1850 1507 sita,

286 1543 382 1613 cuius
409 1541 604 1631 proprietas
633 1547 668 1610 et
695 1541 882 1611 domimum
910 1541 954 1610 ad
982 1542 1184 1611 coenobium
1212 1541 1524 1611 sanctimonialium
1551 1540 1849 1612 Sandeczensium

285 1662 447 1752 pertinet,
476 1663 508 1731 16
538 1682 605 1751 qna
632 1669 714 1731 sunt
740 1661 807 1731 (166
834 1661 926 1731 16661
954 1662 1198 1749 emethonalos,
1227 1661 1412 1751 dequibus
1443 1661 1591 1732 solvitur
1617 1661 1751 1732 decima
1770 1682 1851 1732 ma-

287 1783 455 1872 nipularis
475 1788 510 1851 et
528 1782 703 1871 canapalis
730 1782 891 1871 episeopo
919 1781 1150 1853 Cracoriensi.
1176 1783 1264 1852 Item
1291 1783 1466 1871 tabernae,
1496 1784 1579 1853 item
1606 1782 1846 1871 hortulaniae,

261 1903 369 1999 ¹item
396 1904 577 1993 praedium
606 1903 769 1973 11116666
797 1903 980 1973 habentur.

390 2023 648 2112 ernoszrow,
684 2025 767 2093 villa
802 2024 865 2094 sub
893 2024 1057 2112 parochia
1085 2023 1248 2094 ecclesiae
1277 2023 1319 2094 de
1354 2024 1481 2094 Nova
1517 2023 1721 2094 Sandecz
1760 2024 1849 2111 sita,

286 2146 383 2215 euius
410 2146 607 2234 proprietas
635 2149 669 2213 61
696 2144 882 2214 dominium
911 2144 954 2214 ad
982 2145 1182 2214 coenobium
1211 2144 1522 2215 sanctimonialium
1546 2144 1849 2216 Sandeczensium

283 2265 449 2354 pertinet,
487 2267 521 2335 16
550 2286 617 2354 qua
644 2271 725 2334 sunt
760 2270 833 2334 tres
860 2266 951 2334 lanei
983 2265 1234 2349 emetbonales,
1271 2265 1313 2335 de
1343 2266 1466 2355 quibus
1503 2264 1651 2335 soluitur
1690 2264 1850 2337 decima.

282 2384 370 2456 Item
397 2388 580 2474 tabernae,
617 2385 834 2455 hortulaniae
871 2386 941 2455 11116
977 2407 1045 2456 666
1084 2386 1275 2473 habentur;
1311 2387 1394 2456 item
1431 2386 1669 2457 molendinum
1705 2393 1763 2457 est
1794 2388 1850 2459 ibi

284 2526 399 2575 unum.
758 2578 761 2583 .

390 2625 576 2715 Ponnnzn,
604 2625 687 2696 villa
712 2625 777 2696 sub
805 2625 969 2713 parochia
996 2626 1161 2695 ecclesiae
1189 2625 1231 2695 (16
1258 2625 1386 2696 Nova
1412 2626 1617 2697 Sandecz
1644 2627 1722 2716 sita,
1741 2608 1851 2699 cuius

287 2747 483 2836 propaletas
511 2755 547 2817 et
572 2747 761 2817 domimum
788 2746 832 2816 ad
861 2747 1062 2816 coenobium
1088 2746 1400 2816 sanctimonialium
1428 2748 1589 2838 pertinet,
1616 2749 1651 2817 in
1671 2768 1740 2837 qua
1761 2758 1852 2821 sunt

288 2867 356 2937 (166
387 2868 477 2936 16661
506 2867 753 2955 66611666166,
780 2867 823 2936 (16
852 2867 975 2956 quibus
1003 2866 1150 2937 soluitur
1177 2867 1318 2937 decima.
1344 2867 1432 2937 Item
1453 2869 1626 2957 tabernae,
1654 2869 1738 2939 item
1760 2871 1852 2942 hor·
1933 2904 1939 2911 ·

286 2987 454 3076 tulaniae,
483 2989 565 3057 item
591 2987 823 3057 molendinum
851 2987 921 3057 illic
949 3009 1017 3058 666
1044 2988 1234 3076 habentur3
1271 2989 1353 3057 item
1381 2989 1560 3077 praedium
1589 2989 1888 3081 sanctImorria-.

285 3108 368 3177 lium
397 3129 512 3197 unum,
539 3108 581 3178 de
609 3128 675 3196 quo
703 3129 766 3197 pro
793 3127 831 3177 se
858 3107 986 3177 tollunt
1013 3108 1189 3178 decimam.

389 3229 632 3316 Dnsrnnown,
668 3228 750 3299 villa
785 3228 849 3299 sub
876 3229 1041 3317 parocbia
1076 3229 1240 3299 666166166
1276 3228 1319 3298 (16
1356 3229 1481 3299 Nova
1518 3229 1722 3301 Sandecz
1761 3233 1850 3321 sita,

286 3350 382 3421 cuius
409 3350 604 3439 proprietas
631 3356 667 3419 et
694 3349 881 3419 dominium
910 3349 952 3418 ad
982 3349 1142 3419 abbatem
1170 3357 1206 3420 et
1232 3351 1480 3420 monasterium
1508 3351 1550 3421 de
1579 3352 1704 3422 Nora
1730 3352 1848 3425 San-

286 3471 395 3540 decz
423 3470 554 3540 ordinis
588 3470 935 3560 praemonstratensis
972 3471 1141 3558 pertinet,
1178 3473 1212 3539 iu
1241 3491 1308 3559 qua
1335 3476 1416 3540 sunt
1443 3472 1591 3542 sedecim
1627 3472 1718 3542 lanei
1746 3494 1846 3546 eme-

284 3590 460 3677 thonales,
497 3590 539 3660 de
567 3611 710 3679 quorum
739 3589 923 3659 medietate
960 3591 1100 3660 solvunt
1135 3591 1300 3660 decimam
1340 3591 1558 3682 praebendae
1595 3591 1843 3683 Sandeczensi,

284 3732 371 3801 quae
398 3711 525 3781 dicitur
552 3710 820 3797 Dambrowska3
856 3710 899 3780 (16
926 3710 1037 3780 altera
1071 3732 1154 3781 vero
1190 3712 1376 3783 medietate
1403 3713 1542 3783 solvunt
1568 3694 1734 3783 decimam
1763 3736 1843 3786 ma-

284 3833 476 3921 nipularem
513 3831 730 3902 universitati
767 3832 973 3902 vicariorum
1001 3831 1297 3903 Sandeczensium.
1342 3834 1429 3904 Item
1458 3835 1604 3904 taberna
1630 3854 1717 3922 una,
1754 3834 1843 3907 item

284 3952 522 4041 hortulaniae,
559 3952 641 4022 item
668 3951 902 4022 molendinum
938 3953 1008 4021 illic
1035 3975 1103 4023 666
1131 3959 1231 4041 6661;
1258 3955 1342 4024 1166
1370 3955 1549 4043 praedium
1577 3976 1682 4025 unum
1716 3976 1844 4027 mona·

285 4072 392 4161 sterii,
420 4092 481 4142 seu
509 4071 726 4157 coenobiale,
762 4072 805 4141 de
831 4071 929 4141 cuius
956 4072 1050 4161 agris
1077 4074 1225 4162 perprit
1251 4074 1419 4144 decimam
1447 4075 1554 4144 abbas
1582 4082 1617 4144 ct
1642 4096 1711 4146 666
1739 4075 1840 4148 illam

285 4192 386 4262 alicui
415 4191 528 4262 solvit.

389 4312 706 4402 Brsnrnowrenn,
734 4313 816 4383 villa
834 4313 898 4384 sub
917 4313 1081 4402 parochia
1110 4314 1274 4384 ecelesiae
1303 4313 1345 4384 de
1372 4314 1498 4385 Nova
1525 4315 1730 4386 Sandecz
1757 4317 1841 4407 sita,

285 4433 382 4504 cuius
410 4433 605 4522 proprietas
633 4439 669 4503 et
696 4432 884 4503 dominium
912 4433 956 4504 ad
983 4434 1180 4525 episcopum
1209 4434 1472 4505 Cracoriensem
1503 4438 1671 4526 pertInet,
1707 4438 1742 4506 in
1772 4458 1843 4528 qua

284 4561 367 4624 sunt
393 4560 466 4623 tres
493 4553 584 4623 lanei
612 4554 854 4644 emethonales‚
883 4554 926 4624 de
953 4556 1077 4644 quibus
1106 4555 1254 4625 solvitur
1285 4533 1418 4626 decima
1444 4557 1670 4645 manipularis
1696 4558 1841 4630 univer-

283 4675 380 4744 sitati
418 4674 625 4744 vicariorum
661 4674 826 4753 ecclesiae
862 4674 1118 4747 Sandeczensis.
1163 4676 1252 4746 Item
1279 4697 1347 4747 666
1376 4682 1431 4747 661
1458 4678 1505 4748 ibi
1533 4678 1731 4768 praedium,
1766 4700 1840 4751 666

283 4800 365 4865 6661
392 4795 566 4882 tabernae,
593 4817 661 4865 666
690 4802 772 4866 6661
796 4796 1027 4886 hortulaniae,
1054 4819 1123 4867 666
1151 4802 1204 4866 661
1230 4798 1474 4869 molendinum.

388 4914 645 4987 anorownn
673 4913 817 5005 Panum,
844 4916 1378 5005 61116661)66666616666166166
1406 4918 1448 4988 de
1476 4918 1602 4989 Nora
1629 4917 1841 4992 Sandecz

284 5035 370 5123 sita,
407 5035 504 5105 cuius
531 5035 728 5124 proprietas
756 5041 791 5104 61
817 5036 1004 5106 (16616166
1041 5037 1084 5106 ad
1111 5038 1278 5108 haeredes
1314 5037 1456 5108 Petrum
1484 5045 1520 5109 61
1548 5039 1728 5111 Nicolaum
1756 5038 1850 5121 Zaa

283 5154 425 5245 ready,
452 5155 584 5226 nobiles
612 5156 654 5225 de
682 5156 788 5227 annis
814 5154 953 5246 Stary
979 5156 1196 5247 Konyow,
1224 5158 1394 5247 pertinet,
1430 5160 1465 5228 in
1494 5180 1563 5248 qua
1595 5165 1677 5230 sunt
1704 5158 1841 5234 duode-

284 5273 349 5344 cim
376 5274 467 5346 lanei
495 5276 748 5366 emethonales,
785 5277 827 5347 de
855 5277 980 5366 quibus
1008 5277 1155 5348 solvitur
1190 5278 1322 5349 decima
1352 5279 1577 5368 manipularis
1612 5280 1841 5356 nniversItati
