4050 6054
237 392 312 466 210

236 618 338 687 agros
363 604 400 667 et
424 597 545 668 hortos
571 595 616 667 ad
642 602 716 667 tres
750 594 870 667 laneos
905 596 1115 683 aestimatos
1141 602 1178 667 et
1204 602 1278 666 tres
1313 592 1452 665 incolae
1477 590 1527 663 in
1558 590 1618 663 eis
1645 588 1809 677 resident

234 738 378 807 quorum
405 717 550 806 quilibet
575 715 680 787 solvit
706 736 809 787 unam
835 736 986 786 marcam
1013 716 1212 805 eommunis,
1237 736 1307 787 non
1324 714 1470 785 solvunt
1497 732 1677 803 avertam,
1703 732 1809 803 neque

235 857 360 923 caseoS,
387 856 497 926 neque
523 837 642 925 gallos,
670 855 780 925 neque
807 856 880 923 oua,
916 857 984 905 non
1012 837 1172 907 laborant
1198 835 1272 906 dies
1298 835 1334 905 iu
1361 834 1588 923 septimana,
1616 852 1740 923 neque
1762 830 1809 903 in-

235 958 330 1027 ciuut
355 957 530 1043 ducturas,
555 955 639 1026 item
657 956 765 1026 habet
782 926 943 1025 altarista
959 964 1060 1044 prata
1086 956 1246 1027 domibus
1263 974 1382 1027 eorum
1398 960 1438 1025 et
1456 954 1570 1043 egris
1599 952 1810 1045 propinem

236 1096 322 1165 quae
347 1082 511 1146 tenentur
537 1073 684 1164 praelati
711 1084 784 1145 tres
802 1075 914 1145 coloni
941 1076 1153 1161 falcastrare,
1180 1082 1344 1161 rastrum,
1370 1072 1586 1145 conducere
1606 1080 1649 1145 et
1666 1072 1717 1143 ad
1734 1092 1810 1143 con-

235 1195 441 1265 servandum
475 1193 613 1265 foenum
650 1214 792 1264 acervos
819 1215 861 1264 ex
888 1195 1031 1283 propria
1066 1194 1213 1263 materia
1238 1192 1361 1263 faeere.
1404 1192 1501 1263 Item
1531 1192 1721 1265 altanum
1746 1190 1811 1263 alia

235 1322 336 1403 prata
362 1315 397 1384 iu
424 1314 534 1384 latero
560 1314 663 1384 villae
699 1313 727 1381 Z
739 1314 919 1383 alrrzou·
952 1313 1093 1399 habuit,
1129 1313 1259 1383 eisdem
1294 1310 1446 1401 praediis
1476 1312 1690 1403 eontigua,
1726 1330 1812 1403 qun

235 1434 396 1505 altarista
421 1440 560 1503 tenetur
587 1434 769 1522 disponere
805 1435 877 1503 suis
912 1434 1107 1522 sumptibus
1135 1441 1172 1503 et
1197 1432 1410 1503 arendantur
1444 1430 1677 1505 huiusmodi
1714 1438 1814 1523 prun

233 1574 299 1643 pro
325 1553 438 1624 tribus
464 1554 591 1623 marcis
616 1554 805 1623 annuatim.

337 1672 453 1744 Onera
479 1678 594 1742 autem
621 1671 743 1742 altaris
769 1672 804 1741 in
830 1673 1012 1762 privilegio
1040 1673 1214 1761 descripta
1240 1677 1321 1742 sunt
1347 1672 1442 1759 haee,
1468 1678 1515 1741 ut
1544 1671 1752 1761 altarista,
1784 1672 1811 1743 si

233 1815 302 1864 non
329 1794 376 1863 sit
402 1799 483 1863 actu
508 1793 705 1881 presbyter,
744 1798 824 1881 post
850 1793 1069 1881 adeptionem
1105 1792 1247 1880 altaris,
1284 1790 1375 1862 inira
1399 1810 1537 1861 aunum
1566 1794 1811 1865 teneaturin

235 1914 450 1985 sacerdotem
475 1913 691 2002 promoueri,
726 1910 950 1983 residentiam
985 1912 1202 2001 personalem
1237 1911 1391 1983 tacturus
1417 1910 1517 1981 cirea
1559 1912 1716 2003 altare,
1751 1912 1812 1985 nffi

234 2054 349 2104 secum
376 2052 439 2121 per
465 2032 662 2121 episeopum
689 2030 952 2101 cracoviensem
978 2032 1085 2105 luerit
1110 2032 1367 2121 dispensatum
1393 2031 1478 2101 item
1505 2034 1676 2105 tenetur
1702 2032 1811 2105 altem

233 2152 425 2243 praefatum
452 2171 516 2240 per
540 2171 578 2221 se
605 2151 660 2221 rel
687 2151 802 2239 alium,
829 2171 890 2221 sex
916 2153 1032 2221 missis
1058 2150 1220 2231 officiare,
1247 2151 1408 2221 videlieet
1433 2148 1527 2219 teria
1558 2152 1739 2225 secunda
1752 2172 1812 2243 pro

233 2272 412 2357 defunctis,
439 2270 525 2340 lenia
552 2278 678 2359 quarta
703 2270 746 2340 de
773 2269 806 2341 S.
834 2270 977 2341 Nicolno
1005 2271 1218 2359 confessore,
1244 2269 1332 2340 feria
1359 2269 1559 2360 quintode
1590 2270 1631 2343 S.
1662 2270 1812 2363 Spiritu,

234 2390 322 2461 feria
348 2398 447 2460 serta
472 2390 515 2459 de
541 2390 669 2460 Sancta
696 2389 815 2477 Cruce,
842 2390 1011 2461 sabbatho
1039 2391 1082 2461 cle
1108 2390 1141 2459 S.
1167 2390 1302 2461 Joaune
1327 2388 1574 2481 Evangelism,
1604 2392 1674 2463 die
1704 2392 1814 2465 domi·

234 2511 314 2579 nica
339 2509 382 2578 de
408 2508 441 2578 S.
467 2506 638 2578 Trinitate
664 2518 701 2579 et
727 2510 898 2579 dominica
924 2518 1135 2598 occurrente,
1162 2511 1228 2580 nisi
1254 2510 1345 2582 testa
1370 2508 1587 2598 duplicium
1607 2512 1815 2603 praedictis

236 2630 358 2700 diebus
384 2634 577 2717 occurrant,
604 2630 667 2699 sub
694 2649 804 2717 poena
831 2630 1203 2701 excommunicationis.

709 2888 855 2973 Altero
888 2892 1070 2971 Sanctae
1104 2890 1309 2970 Marthae.

338 3108 461 3181 Altare
479 3110 512 3182 S.
530 3108 692 3181 Marthae
710 3113 745 3181 iu
765 3111 983 3183 Craeoviensi
1010 3108 1154 3181 ecclesia
1180 3110 1375 3181 nonhabet
1399 3106 1570 3197 capellam
1598 3114 1814 3205 propriam,

236 3233 350 3304 sedin
368 3230 500 3321 capella
526 3232 559 3302 S.
586 3231 730 3302 Joannis
758 3232 1002 3322 Evangelistae
1025 3251 1146 3302 versus
1173 3230 1342 3300 orientem
1369 3226 1495 3316 angulo
1521 3228 1607 3318 sita,
1639 3230 1810 3305 locatum

234 3359 296 3441 est,
325 3353 415 3443 quod
434 3374 497 3441 per
514 3351 775 3424 Crotoniensem
803 3352 983 3423 fundatum
1009 3350 1207 3440 pontificem
1233 3348 1427 3420 Johaunem
1454 3344 1606 3420 Grotn
1619 3354 1739 3425 onis
1767 3358 1808 3425 el

234 3474 389 3544 dotatum
417 3480 472 3543 est
498 3473 541 3543 de
568 3475 667 3545 bouis
694 3494 832 3544 mensae
865 3474 1082 3561 episcopatus
1110 3470 1348 3541 cracoviensis
1375 3489 1405 3538 a.
1430 3467 1472 3536 D.
1503 3468 1636 3559 1344,
1677 3472 1807 3561 provi·

233 3593 339 3663 sionis
365 3595 470 3664 etiam
496 3593 589 3664 illius
608 3602 644 3664 et
662 3599 866 3683 patronatus
885 3594 939 3663 ius
958 3592 1002 3662 ad
1020 3592 1218 3680 episcopum
1245 3588 1506 3661 Crocosiensem
1532 3606 1600 3676 pro
1625 3576 1802 3681 tempore

234 3714 404 3802 pertinet;
430 3734 472 3782 ex
501 3734 568 3801 quo
597 3714 683 3783 satis
710 3714 894 3802 praesumi,
917 3718 952 3782 et
970 3711 1206 3783 verisimiliter
1233 3710 1327 3780 credi
1355 3714 1480 3797 potest,
1507 3706 1602 3797 quod
1619 3706 1671 3779 de
1690 3710 1799 3781 bonis

235 3851 372 3901 mensae
399 3832 603 3920 episcopalis
630 3839 666 3901 et
693 3853 756 3921 per
782 3833 979 3920 episcopum
1003 3830 1266 3901 Cracoviensem
1292 3828 1472 3899 fundatum
1491 3832 1528 3897 et
1544 3824 1718 3901 dotatum
1734 3830 1797 3919 sit,

235 3958 423 4038 proventus
450 3956 567 4019 autem
595 3951 695 4040 illius,
723 3952 782 4040 qui
809 3952 841 4021 ei
868 3951 963 4021 luere
990 3950 1108 4020 collati
1134 3950 1318 4038 indolem,
1345 3956 1382 4019 et
1408 3948 1443 4017 in
1469 3964 1618 4037 quorum
1643 3966 1795 4037 posses·

235 4070 331 4140 sione
358 4069 501 4157 pacifica
528 4070 694 4140 hacteuus
721 4078 775 4140 cst
793 4078 829 4142 et
846 4070 921 4160 fuit,
949 4071 1092 4141 iuferius
1119 4070 1370 4157 describuntur,
1398 4084 1503 4157 super
1528 4064 1657 4156 qulbus
1676 4068 1790 4141 etiam

234 4190 383 4261 habetur
408 4188 628 4278 privilegium
654 4190 690 4259 in
718 4190 863 4261 ecclesio
881 4190 1100 4262 cracoviensi
1128 4190 1272 4261 duorum
1300 4188 1471 4275 altarium,
1497 4184 1662 4257 videlicet
1678 4206 1789 4279 prae·

234 4311 343 4381 sentis
369 4316 405 4381 et
430 4308 464 4380 S.
482 4307 627 4379 ioannis
652 4309 906 4399 Evangelistae,
933 4312 969 4380 in
988 4331 1056 4381 uua
1083 4311 1216 4399 capella
1241 4330 1305 4399 per
1330 4309 1443 4397 ipsum
1460 4304 1656 4377 Johannem
1674 4288 1805 4379 ero-v

231 4431 390 4502 tironis
417 4434 565 4519 murata,
593 4430 771 4500 continens
799 4431 913 4502 dotem
940 4438 978 4501 et
1003 4429 1156 4501 fundum.

335 4551 573 4639 linimur,
601 4550 684 4620 villa
719 4556 800 4621 ante
827 4550 1068 4622 (iasimiriense
1093 4550 1257 4640 oppidum
1284 4549 1349 4620 sub
1375 4546 1541 4639 parochia
1561 4544 1735 4617 eeclesiae
1751 4546 1787 4618 S.

230 4672 353 4745 Jacobi
380 4671 530 4760 apostoli
557 4672 593 4740 in
619 4670 870 4741 Gasimiria
896 4673 982 4759 sita,
1010 4671 1045 4740 in
1073 4692 1140 4759 quo
1167 4676 1249 4741 sunt
1274 4676 1348 4738 tres
1374 4668 1591 4757 emethoues,
1618 4666 1681 4755 qni
1706 4672 1787 4739 tres

228 4792 346 4865 laneos
372 4812 534 4883 agrorum
561 4792 689 4863 habere
716 4792 967 4880 existimantur,
994 4798 1031 4861 et
1055 4796 1167 4879 prata,
1186 4809 1330 4880 quorum
1348 4788 1495 4877 quilibet
1511 4806 1575 4878 pro
1593 4804 1702 4857 censu
1718 4806 1785 4857 eu-

230 4936 299 4983 nuo
325 4914 430 4984 solvit
457 4913 560 4983 altari
587 4911 743 5001 praelato
770 4933 833 5001 pro
860 4909 949 4982 lesio
975 4910 1009 4979 S.
1036 4910 1182 4981 Martini
1207 4929 1311 4979 unam
1338 4928 1497 4978 maroam.
1522 4906 1612 4977 Item
1629 4912 1716 4979 sunt
1731 4906 1785 4979 ibi

229 5034 300 5103 tria
334 5032 497 5122 specialia
532 5039 636 5122 prata
662 5032 705 5102 ad
734 5032 945 5118 altaristam,
972 5050 1040 5100 non
1067 5030 1112 5100 ad
1134 5030 1331 5101 emethoues
1362 5026 1587 5117 pertinentia,
1612 5046 1685 5097 non
1712 5026 1786 5099 sol-

229 5159 316 5222 vunt
341 5172 503 5241 arenam,
528 5173 640 5242 neque
667 5171 796 5241 caseos,
822 5170 933 5240 neque
958 5150 1082 5240 gallos,
1108 5171 1219 5239 neque
1245 5170 1329 5238 ova,
1355 5169 1424 5219 non
1448 5147 1613 5241 laborant
1638 5144 1718 5219 dies
1744 5147 1782 5219 in

232 5272 431 5361 septimana,
458 5293 568 5361 neque
595 5272 727 5343 iaciunt
748 5266 936 5359 ''tincturas3
962 5270 1045 5341 item
1070 5269 1201 5341 decima
1223 5268 1448 5358 manipularis
1474 5268 1517 5338 de
1543 5266 1659 5339 tribus
1685 5268 1786 5359 egris
