4050 6054
299 396 373 467 3⁷2
437 387 441 401 '

299 600 469 673 Matthias
505 597 548 668 de
575 592 812 682 Blandow,
837 590 1067 663 Decretorum
1093 592 1164 681 Dr.‚
1195 590 1322 663 nobilis
1349 589 1392 660 de
1419 589 1525 660 armis
1560 588 1852 682 Polukozya3

299 722 388 793 banc
414 712 894 788 VIadislausPrimus
922 710 1236 783 dictusLoktek
1262 692 1427 781 Poloniae
1455 730 1525 800 rex,
1554 718 1591 780 et
1619 708 1851 802 Hedvigis

301 861 442 912 consors
472 859 554 926 sua,
582 836 654 906 iiiia
679 833 891 904 Bolcslai
918 830 973 902 Pii
1002 831 1099 903 ducis
1127 831 1491 920 Galischiensis,
1519 832 1640 920 regina
1666 832 1852 922 PolonIae,

299 981 389 1031 anno
424 958 564 1029 Domini
595 956 702 1026 1321.
739 959 838 1024 sexto
875 952 1007 1023 decimo
1045 951 1206 1023 calendas
1241 950 1349 1040 Junii,
1385 951 1423 1021 in
1450 951 1554 1022 decus
1590 957 1626 1023 et
1651 955 1853 1024 memoriam

299 1082 505 1153 Sanctorum
532 1077 730 1167 Martyrum
757 1074 937 1145 Valentini
964 1078 1000 1144 et
1027 1071 1170 1162 Georgii
1196 1073 1233 1143 in
1259 1070 1418 1163 praefata
1444 1071 1716 1145 Sandomiriensi
1742 1075 1852 1147 eccle-

299 1203 353 1273 sia
378 1200 585 1285 funderunt,
612 1195 891 1267 Vladislaus
929 1194 1098 1285 siquidem
1124 1214 1186 1264 rex
1213 1194 1405 1282 assignavit
1431 1192 1542 1263 eidem
1569 1195 1788 1283 praebendae
1813 1195 1852 1297 in

302 1322 418 1393 dotem
446 1325 593 1411 quatuor
619 1336 754 1387 mareas
780 1316 818 1386 in
844 1335 951 1385 censu
977 1335 1105 1404 annuo,
1133 1314 1193 1405 qui
1220 1313 1410 1385 debebatur
1438 1314 1506 1386 sibi
1532 1314 1568 1384 in
1596 1315 1738 1387 civitate
1765 1315 1853 1387 San-

175 1436 178 1441 ’
303 1441 514 1528 domiriensi,
540 1436 766 1526 Hedvigis
802 1456 885 1507 vero
912 1436 1036 1525 regina
1060 1435 1240 1525 inscripsit
1266 1435 1333 1505 sibi
1361 1440 1510 1525 quatuor
1536 1456 1671 1507 marcas
1699 1457 1852 1526 annuas,
1910 1473 1913 1477 ·

306 1582 393 1652 quae
421 1560 636 1631 debebantur
654 1558 721 1628 sibi
740 1577 783 1627 ex
799 1556 962 1627 theloneo
981 1555 1262 1644 Sandomiriensi,
1290 1554 1333 1627 de
1352 1576 1420 1645 quo
1438 1554 1728 1628 Sandomiriensis
1747 1558 1855 1629 ecele-

305 1682 357 1752 sia
383 1681 519 1751 othnet
553 1678 773 1769 privilegium
809 1675 1068 1748 Oracoriae
1105 1677 1271 1764 scriptum
1306 1681 1342 1745 et
1369 1675 1483 1765 sigillo
1519 1677 1613 1765 regis
1650 1684 1686 1749 et
1712 1679 1854 1769 reginae

303 1802 482 1872 munituna.
509 1800 598 1870 Item
624 1799 731 1869 babet
758 1796 917 1888 praefata
944 1797 1143 1886 praebenda
1169 1796 1211 1866 de
1239 1795 1396 1886 qualibet
1423 1796 1524 1867 domo
1551 1798 1587 1867 iu
1611 1798 1752 1870 civitate
1769 1797 1856 1871 San·

303 1921 504 1991 domiriensi
530 1925 566 1990 et
592 1920 629 1989 in
657 1919 832 1990 suburbiis
860 1918 932 1988 suis
959 1922 1060 1988 extra
1085 1937 1212 2006 muros,
1240 1917 1270 1987 si
1298 1916 1418 1987 domus
1445 1917 1553 1989 habet
1579 1939 1686 1988 unum
1707 1919 1852 2011 culmen,

304 2063 410 2112 unum
437 2061 605 2130 grossum,
633 2040 663 2109 si
690 2044 807 2110 autem
835 2039 956 2109 domus
983 2036 1090 2108 habet
1117 2037 1185 2108 duo
1205 2037 1364 2125 culmina,
1392 2036 1478 2108 duos
1499 2059 1640 2127 grossos
1668 2039 1767 2111 annis
1785 2041 1857 2111 sin-

303 2162 405 2252 gulis
431 2161 514 2232 item
541 2161 647 2231 habet
665 2159 708 2230 de
728 2158 884 2250 qualibet
910 2159 1013 2230 vinea
1039 2179 1145 2229 unum
1171 2178 1341 2247 grossum,
1368 2158 1452 2228 etsi
1478 2159 1610 2248 largior
1635 2160 1743 2232 fuerit
1768 2160 1856 2233 duos

305 2301 455 2373 grossos.
481 2282 570 2352 Item
597 2281 703 2352 habet
721 2278 763 2351 de'
783 2278 938 2370 quolibet
963 2280 1067 2363 horto
1095 2301 1200 2350 unum
1218 2299 1387 2368 grossum,
1413 2279 1498 2349 item
1515 2280 1623 2352 habet
1640 2281 1683 2352 de
1702 2281 1858 2372 quolibet

308 2403 410 2474 domo
437 2401 627 2492 pIscatoria
661 2420 768 2471 unum
793 2420 964 2490 grossum3
999 2392 1203 2471 aestimatur
1230 2404 1345 2470 antem
1373 2400 1471 2470 valor
1506 2400 1703 2475 huiusmodi
1733 2423 1856 2474 census

308 2544 351 2593 ex
379 2522 546 2611 domibus,
574 2520 686 2591 hortis
713 2525 750 2590 et
776 2520 887 2591 vineis
914 2520 958 2590 ad
986 2520 1136 2611 quinque
1162 2541 1306 2592 mareas.
1332 2519 1422 2591 Item
1447 2519 1556 2592 habet
1581 2521 1740 2613 praefata
1757 2544 1858 2614 prae·

306 2642 421 2714 benda
446 2640 735 2713 Sandomiriensis
763 2661 865 2711 unam
892 2641 1124 2712 hortulaniom
1151 2646 1251 2712 extra
1278 2641 1456 2713 civitatem
1483 2643 1547 2713 sub
1575 2648 1700 2734 castro,
1726 2643 1763 2714 in
1789 2665 1859 2734 qua

306 2783 398 2834 nunc
424 2761 522 2833 faber
548 2761 688 2850 residet,
716 2762 775 2852 qui
802 2762 856 2832 sui
884 2760 1040 2833 canonici
1066 2768 1103 2833 et
1129 2762 1273 2852 capituli
1299 2762 1589 2835 Sandomiriensis
1615 2765 1855 2836 tantummodo

308 2889 345 2954 et
372 2883 499 2954 nullius
527 2883 672 2956 alterins
699 2883 819 2954 subest
846 2882 1091 2972 iurisdictioni,
1129 2883 1187 2974 qui
1214 2884 1318 2955 solvit
1344 2904 1408 2974 pro
1436 2904 1540 2957 censu
1567 2905 1681 2957 annuo
1707 2886 1856 2957 mediam

308 3024 516 3095 sexagenum
539 3003 757 3094 praebendae
775 3002 963 3094 praefatae.
990 3004 1077 3075 Item
1095 3003 1254 3094 praefata
1271 3005 1471 3094 praebenda
1496 3027 1566 3079 non
1583 3006 1692 3085 habet
1709 3006 1859 3096 domum,

308 3147 421 3216 neque
447 3146 564 3196 aream
591 3122 915 3197 Sandomiriae
942 3126 1035 3197 inter
1061 3125 1252 3197 canonicos.

413 3247 501 3318 Item
519 3243 677 3336 praefata
694 3245 894 3335 praebenda
911 3246 947 3317 in
966 3245 1093 3318 annulo
1120 3246 1219 3318 iuxta
1237 3253 1396 3338 regestra
1413 3270 1505 3321 nova
1522 3254 1559 3321 ct
1576 3250 1719 3340 antiqua
1737 3254 1860 3322 taxata

311 3372 365 3438 est
391 3367 436 3437 ad
464 3373 613 3457 quatuor
639 3386 783 3438 marcas.

609 3628 775 3710 vicaria
809 3630 1079 3733 praebendae
1112 3628 1165 3710 de
1199 3630 1354 3710 annulo
1385 3631 1571 3735 repinaii.

414 3850 618 3922 Praebenda
644 3849 934 3924 Sandomiriensis
961 3851 1004 3922 de
1031 3852 1157 3923 annulo
1185 3852 1332 3941 reginali
1358 3853 1465 3924 habet
1491 3853 1689 3944 habereque
1716 3875 1860 3928 consve-

311 3975 363 4045 vit
381 3972 546 4043 vicariam
565 3978 768 4063 perpetuam
791 3974 828 4044 in
846 3972 992 4043 ecclesia
1009 3972 1289 4064 Sandomiriensi,
1317 3974 1413 4045 euius
1432 3975 1617 4047 canonicus
1643 3976 1861 4065 praebendae

312 4094 355 4165 de
383 4092 509 4163 11111111
538 4093 658 4165 unicus
685 4099 739 4164 est
766 4092 911 4165 collator
937 4098 973 4163 et
999 4100 1186 4182 patronus,
1214 4115 1316 4184 quam
1343 4115 1434 4165 nunc
1460 4095 1615 4185 possidet
1639 4095 1791 4168 Ioannes
1818 4092 1862 4167 de

311 4214 654 4304 Koprzywniea
680 4214 880 4306 presbyter,
908 4234 996 4305 quae
1022 4235 1085 4303 pro
1114 4215 1168 4285 sui
1195 4214 1276 4286 dote
1304 4221 1339 4286 et
1365 4217 1592 4288 subsistentia
1618 4217 1859 4310 infrascriptos

311 4336 418 4406 babet
444 4340 644 4424 proventus.

764 4492 1026 4573 TbeIoneum
1060 4494 1417 4575 Sandomirienee.

417 4696 484 4769 Est
501 4698 537 4769 in
556 4698 683 4788 oppido
710 4697 983 4771 SandomirIensi
1010 4699 1127 4789 regale
1154 4699 1362 4791 theloneum,
1389 4700 1433 4770 ad
1452 4701 1774 4791 quod.solvendum
1792 4703 1863 4772 sin-

311 4819 385 4908 guli
411 4823 621 4890 mercatores
649 4819 855 4910 obligantur,
883 4819 925 4891 de
953 4841 1021 4910 quo
1048 4819 1305 4892 theloncatores
1332 4827 1368 4893 et
1385 4822 1549 4913 universi,
1576 4823 1636 4913 qni
1662 4823 1749 4894 illud
1777 4845 1862 4913 quo-

312 4938 502 5011 modolibet
527 4940 697 5013 arendant
724 4941 780 5011 vel
806 4941 1019 5033 conducunt,
1054 4947 1219 5014 tenentur
1253 4942 1353 5015 aunis
1379 4940 1524 5034 singulis
1551 4943 1686 5015 solvere
1713 4950 1863 5034 quatuor

312 5082 447 5132 marcas
474 5060 625 5133 vicariae
652 5061 924 5134 SandomIriensi
951 5062 994 5133 de
1021 5063 1148 5134 annulo
1175 5061 1371 5153 praefatae,
1399 5065 1462 5136 sub
1490 5084 1604 5155 poena
1629 5066 1862 5136 excommuni-

314 5182 469 5271 cationis,
504 5183 541 5253 in
568 5181 757 5273 quemlibet
782 5184 1057 5257 theloncatorem
1091 5204 1155 5273 pro
1182 5162 1339 5275 tempore
1374 5205 1444 5256 non
1471 5186 1680 5275 solventem,
1707 5207 1770 5276 per
1796 5186 1865 5257 Ioci

314 5302 537 5395 ordinarium,
563 5310 625 5377 aut
651 5303 726 5377 cius
753 5303 917 5379 officiales
943 5305 1060 5397 toties,
1087 5306 1223 5401 quoties
1242 5306 1377 5381 solvere
1404 5306 1640 5401 neglexerunt,
1664 5305 1837 5381 ferendae.
