4050 6054
234 421 307 493 566

233 630 450 723 potissimum
477 631 606 702 insidet
632 629 728 701 cordi
755 637 884 719 nostro,
911 629 956 699 ad
983 630 1048 699 hoc
1075 630 1158 701 totis
1186 629 1319 700 viribus
1346 627 1545 717 aspirando,
1572 626 1671 697 utin
1690 643 1800 695 cunc-

232 751 279 821 tis
306 750 516 823 ordinationi
543 757 683 821 nostrae
711 750 874 820 subiectis
902 756 937 820 et
964 750 1105 820 creditis
1133 749 1317 838 Ecclesiis,
1344 769 1407 838 per
1435 752 1593 818 nostrum
1619 745 1795 833 studium,

233 891 333 961 opem
360 878 396 942 et
421 871 639 959 industriam,
666 871 903 941 urinistrorum
931 869 1062 941 Christi
1089 870 1214 941 merito
1242 874 1277 939 et
1303 888 1446 939 nunrero
1473 872 1644 957 augeatur
1672 864 1796 937 eondi-

234 992 303 1079 tio,
331 997 367 1062 et
394 991 545 1062 fidelium
581 991 772 1061 animarum
803 991 986 1080 proveniat
1012 989 1206 1080 profectus,
1233 1010 1315 1060 saue
1343 988 1461 1059 debita
1487 986 1795 1059 animaduersione

234 1111 501 1200 considerando,
530 1111 680 1201 qualiter
715 1110 843 1181 dudum
879 1111 923 1181 ad
958 1111 1095 1181 laudem
1130 1115 1166 1180 et
1201 1110 1368 1180 honorem
1405 1109 1513 1178 diuini
1544 1107 1698 1179 numinis
1726 1107 1794 1177 sub

233 1232 335 1302 titulo
362 1231 510 1302 Sanctae
535 1231 782 1320 Margarethae
812 1231 967 1321 Virginis
995 1238 1030 1301 et
1048 1230 1225 1322 Martyris,
1244 1229 1389 1301 ecclesia
1407 1216 1615 1318 parochialis
1633 1228 1671 1299 in
1690 1228 1794 1317 oppi-

234 1351 278 1422 do
306 1352 431 1421 Nora
457 1351 663 1423 Sandecz
699 1350 843 1422 fundata
869 1359 905 1422 et
932 1357 1064 1440 erecta,
1095 1351 1201 1422 certis
1227 1350 1326 1421 bonis
1353 1350 1537 1420 mobilibus
1564 1353 1601 1420 et
1627 1348 1792 1419 immobi-

232 1472 332 1561 libus,
359 1471 510 1560 decimiS,
537 1472 705 1561 censibus
732 1472 956 1560 proventibus
984 1478 1019 1543 et
1038 1471 1231 1542 redditibus
1250 1492 1292 1540 ex
1311 1491 1429 1540 urrunsa
1447 1468 1634 1559 episcopali
1653 1467 1791 1557 dotata,

234 1592 277 1662 de
303 1592 588 1681 iureputrouatus
616 1600 651 1661 et
678 1592 860 1662 collatione
888 1598 1008 1663 nostra
1035 1592 1220 1679 ordinaria,
1247 1613 1315 1662 nou
1334 1596 1470 1661 tautum
1488 1595 1656 1679 quantum
1676 1608 1792 1660 mere-

233 1718 299 1802 tur,
327 1717 362 1782 et
387 1713 453 1783 loci
481 1713 573 1782 illius
600 1713 749 1801 requirit
767 1712 927 1801 dignitas,
947 1712 1073 1784 divinis
1091 1712 1250 1782 laudibus
1268 1712 1470 1782 honoratur.
1496 1709 1663 1800 Specialis
1682 1709 1793 1781 devo-

234 1833 338 1927 tionis
373 1833 459 1903 moti
494 1832 637 1921 all'ectu,
674 1833 904 1922 disposuimus
941 1832 1034 1903 illam
1070 1832 1210 1920 efferre,
1246 1840 1287 1902 ut
1312 1831 1348 1902 in
1375 1852 1417 1901 ea
1442 1830 1554 1901 laudis
1581 1830 1724 1901 divinae
1753 1829 1792 1901 in

234 1953 333 2024 horis
359 1954 533 2025 carronieis
560 1955 775 2043 caeterisque
803 1954 928 2024 divinis
956 1953 1086 2041 officiis,
1114 1954 1242 2042 iugiter
1260 1958 1400 2024 resonet
1418 1940 1585 2040 iubilatio,
1604 1950 1794 2041 cultusque

233 2074 371 2145 diuinus
408 2095 484 2145 cum
511 2075 630 2145 debita
656 2075 880 2145 veneratione
907 2080 1006 2145 tanto
1034 2075 1211 2163 stabilior,
1238 2079 1404 2162 tantoque
1431 2072 1589 2145 devotior
1615 2078 1794 2163 perpetuo

231 2201 439 2285 perseveret,
467 2201 596 2285 quanto
624 2196 690 2265 viri
717 2195 990 2284 praestantiores
1018 2195 1178 2284 ordinati,
1196 2193 1326 2265 fuerint
1342 2194 1378 2264 in
1396 2214 1439 2263 ea
1457 2193 1649 2264 constituti.
1677 2190 1793 2263 Prae-

231 2316 346 2387 missis
373 2316 490 2406 itaque
518 2316 666 2386 sollicita
684 2316 856 2405 dignaque
875 2317 968 2385 intra
986 2317 1137 2404 pectoris
1156 2314 1269 2387 nostri
1287 2314 1438 2385 claustra
1455 2312 1609 2403 digestis,
1629 2333 1673 2383 uc
1691 2312 1793 2385 salu·

232 2438 287 2508 bri
322 2436 549 2523 meditatione
582 2437 822 2527 perlustratiS,
849 2437 916 2525 piis
952 2436 1047 2507 ducti
1074 2436 1243 2525 consihis,
1270 2435 1451 2524 dignisque
1478 2434 1611 2505 studiis
1630 2434 1796 2524 excitati,

234 2558 276 2628 de
313 2578 481 2628 consensu
516 2563 552 2629 et
586 2557 766 2629 voluntate
782 2553 786 2561 '
801 2556 1049 2628 uerrerabilium
1084 2555 1231 2626 fratrum
1266 2561 1461 2626 nostrorum
1489 2554 1730 2647 praelatorum
1759 2560 1801 2627 et

233 2677 486 2766 canonicorum,
513 2678 689 2767 totiusque
716 2677 859 2767 capituli
885 2677 1050 2748 ecclesiae
1077 2683 1217 2747 nostrae
1244 2676 1385 2746 maioris
1413 2675 1665 2764 Gracoviens‘m,
1692 2675 1799 2747 solli·

235 2798 304 2867 cita
330 2819 370 2868 ac
398 2798 516 2868 debita
543 2798 827 2887 consideratione,
855 2803 1076 2886 tractatuque
1094 2797 1226 2867 solenni
1244 2795 1407 2866 hincinde
1425 2795 1649 2885 praehabitis,
1669 2794 1800 2867 diuina

234 2918 438 3006 disponente
470 2917 669 3006 clementia,
697 2923 896 3007 conceptum
922 2919 1008 2988 alias
1035 2923 1071 2987 et
1098 2917 1157 2988 diu
1184 2915 1417 2987 desideratam
1444 2922 1598 2987 nostram
1625 2915 1800 2988 voluuta-

233 3045 304 3108 tem
331 3039 374 3108 ad
402 3038 576 3127 effectum,
604 3038 801 3128 nostrisque
827 3059 890 3128 pro
917 3039 1068 3127 viribus,
1096 3045 1136 3109 ut
1162 3038 1288 3127 ubique
1315 3038 1350 3107 in
1379 3042 1499 3107 nostra
1525 3035 1677 3107 dioecesi
1705 3036 1801 3109 Cra*

234 3159 400 3229 coriensi·
421 3157 532 3231 cultus
568 3159 706 3229 divinus
741 3158 902 3230 refloreat
935 3158 1071 3229 efficere
1098 3158 1294 3248 eripientes3
1321 3164 1513 3247 spontanea
1539 3157 1723 3227 uoluntate
1753 3180 1801 3229 uc

235 3279 345 3349 libero
381 3300 549 3351 consensu
584 3279 797 3350 honorabilis
824 3280 891 3350 vim'
918 3279 1074 3369 magistri
1110 3279 1170 3349 Ro
1185 3278 1426 3366 kenbergk
1453 3276 1585 3367 caspar
1610 3275 1654 3347 de
1683 3275 1798 3349 Ora-

233 3400 371 3490 covia,
398 3401 552 3471 eiusdem
579 3400 745 3471 ecelesiae
773 3400 920 3471 Sanctae
939 3400 1185 3488 Margarethae
1204 3400 1239 3468 in
1259 3399 1385 3470 Nova
1411 3398 1611 3469 Sandeez
1637 3399 1798 3471 rectoris

233 3542 273 3591 ac
290 3521 429 3610 plebani
456 3522 531 3591 reri
558 3526 594 3592 et
620 3520 767 3611 legitimi
793 3521 1065 3609 accredentibuS,
1092 3521 1326 3609 resignatione
1344 3519 1498 3590 eiusdem
1516 3518 1684 3590 ecclesiae
1703 3540 1796 3593 suae

232 3641 393 3730 primitus
428 3661 492 3730 per
527 3641 641 3730 ipsum
677 3642 712 3710 in
749 3643 878 3713 nostris
916 3642 1074 3712 manibus
1110 3641 1218 3730 lancta,
1246 3647 1283 3711 et
1317 3662 1379 3730 per
1406 3661 1470 3710 nos
1496 3641 1532 3710 in
1559 3638 1671 3711 forma
1698 3640 1795 3713 iuris

232 3767 372 3851 recepta
399 3767 435 3832 et
462 3760 632 3849 admissa,
667 3762 805 3832 titulum
841 3762 1006 3832 ecelesiae
1042 3761 1251 3851 parochialis
1279 3762 1416 3850 penitus
1443 3767 1479 3831 et
1507 3761 1644 3831 omnino
1672 3761 1797 3833 extin-

231 3890 376 3971 guentes
403 3889 440 3953 et
465 3882 695 3970 suffocantes;
722 3881 938 3971 collegiatam
966 3882 1145 3953 ecclesiam
1173 3883 1237 3953 sub
1264 3882 1368 3954 titulo
1387 3888 1423 3952 et
1441 3881 1610 3953 vocabulo
1629 3879 1796 3969 eiusdem

233 4000 381 4073 Sanctae
408 4001 656 4093 Margarethae
683 4003 719 4072 in
745 4003 922 4093 praedicto
942 4003 1068 4093 oppido
1087 4002 1120 4073 N
1130 4023 1213 4074 ora
1239 3993 1455 4092 Sandecz,
1474 4008 1611 4074 attento
1629 3972 1793 4075 eiusdem

233 4122 351 4212 oppidi
367 4123 450 4205 ,situ
475 4143 596 4195 securo
623 4130 659 4193 et
685 4144 847 4213 amoeno,
874 4124 1049 4195 hominum
1085 4123 1279 4214 frequentia
1314 4128 1349 4194 et
1375 4124 1440 4194 soli
1467 4124 1647 4212 ubertate,
1673 4127 1717 4195 ut
1743 4144 1794 4197 ex

232 4264 324 4314 uunc
359 4249 395 4315 ct
422 4244 458 4313 in
485 4248 588 4314 antea
623 4243 806 4332 collegiata
840 4244 985 4316 ecclesia
1011 4243 1238 4316 Sandecensis
1266 4245 1385 4316 vocari
1411 4249 1447 4314 et
1474 4242 1643 4332 appellari
1668 4242 1792 4317 debet.

232 4365 272 4434 Iu
309 4385 377 4454 qua
412 4369 562 4455 quatuor
596 4364 788 4454 praelatoS,
815 4365 976 4436 videlicet
1011 4366 1265 4454 praepositum,
1292 4365 1467 4453 decanum,
1494 4363 1794 4455 archidiaconum,

233 4485 430 4573 custodem;
458 4490 607 4574 quatuor
633 4485 825 4574 canonicos,
851 4490 1014 4575 tanquam
1029 4486 1196 4557 membra
1222 4492 1303 4575 post
1321 4486 1519 4574 episcopum
1538 4505 1601 4574 pro
1618 4488 1794 4577 tempore,

232 4605 423 4695 capitulum
449 4611 485 4675 et
512 4604 694 4694 collegium
721 4604 830 4695 ipsius
857 4604 1021 4677 ecclesiae
1048 4607 1303 4694 constituentia,
1329 4605 1492 4677 facientia
1519 4611 1555 4676 et
1580 4624 1792 4695 repraesen-

232 4726 355 4816 tantia,
382 4733 418 4797 et
444 4731 521 4797 octo
548 4725 697 4796 vicarios
724 4731 909 4817 perpetuos
937 4727 1130 4799 censuimus
1157 4727 1376 4816 erigendum,
1402 4725 1635 4816 fundandum,
1661 4746 1790 4799 crean-

232 4846 313 4918 dum
341 4853 378 4917 et
404 4846 673 4935 instituendum,
700 4867 741 4917 ac
767 4852 889 4918 tenore
925 4848 1160 4937 praesentium
1174 4847 1233 4918 'ad
1263 4847 1400 4918 laudem
1436 4847 1683 4937 omnipotentis
1710 4847 1793 4941 Dei,

231 4968 373 5059 eiusque
409 4964 596 5039 Genitricis
631 4966 787 5056 Virginis
822 4966 959 5039 Mariae
994 4966 1265 5058 Sanctorumque
1293 4967 1494 5058 pontificum
1519 4974 1557 5039 et
1581 4954 1792 5061 martyrum,

231 5088 405 5178 Stanislai,
432 5087 625 5176 Verceslai,
651 5087 834 5161 Adalberti
860 5095 896 5159 et
921 5088 1086 5179 Floriani,
1114 5089 1212 5180 regni
1238 5088 1404 5161 Poloniae
1429 5094 1674 5179 patronorum,
1700 5090 1792 5163 toti-

231 5230 338 5299 usque
365 5209 524 5281 coelestis
551 5209 777 5298 hierarchiae,
803 5210 869 5281 sub
895 5208 1000 5281 titulo
1025 5206 1142 5281 tam'en
1169 5217 1206 5280 et
1231 5210 1399 5281 uocabulo
1426 5208 1605 5299 praefatae
1629 5208 1790 5309 inclytae

231 5328 387 5425 Virginis
413 5330 662 5423 Margarethae
687 5328 880 5424 fundamus,
907 5330 1082 5423 erigimus
1109 5350 1267 5403 creamus
1294 5336 1330 5407 ct
1346 5330 1580 5421 instituimus3
1606 5349 1669 5428 per
1686 5330 1795 5435 ipsos¹
