4050 6054
1578 501 1791 598 §aea
1933 487 1939 497 ’

241 694 410 783 haeredes
435 693 613 767 Johannes
639 695 932 790 Koehowsky
958 704 995 769 et
1012 698 1140 770 Petrus
1158 698 1509 797 Strzeszowsky
1536 704 1579 776 de
1597 708 1703 778 armis
1721 708 1794 780 Ae-

240 816 473 908 cipitrum,
491 818 527 887 in
547 838 616 907 qua
633 823 715 888 sunt
732 820 970 891 tantummodo
988 826 1061 891 tres
1080 821 1171 890 lanei
1190 822 1434 913 emethonales,
1453 823 1496 895 de
1516 827 1640 915 quibus
1659 827 1793 900 decima

217 934 464 1027 *manipularis
491 935 765 1027 diversificatum
793 960 871 1011 nam
899 940 1083 1013 extribus
1116 942 1354 1014 tantummodo
1381 943 1491 1014 laneis
1519 946 1793 1020 emethonalibus

239 1063 276 1130 et
302 1079 376 1129 una
396 1056 605 1148 hortulania‚
633 1058 781 1130 solvitur
808 1058 942 1131 decima
968 1061 1203 1150 manipularis
1223 1068 1259 1133 et
1276 1082 1339 1151 per
1367 1048 1517 1153 quatuor
1534 1066 1672 1156 ierugas
1691 1088 1804 1144 cana-x

239 1179 343 1271 palis,
371 1177 590 1269 praebendae
616 1178 942 1271 Kobierniezskiey,
970 1186 1006 1251 et
1032 1180 1162 1252 ducunt
1189 1202 1265 1252 eam
1293 1184 1493 1256 emethones
1520 1186 1556 1256 in
1582 1186 1745 1260 horreum
1773 1209 1794 1260 a

238 1300 403 1373 eanonioo
430 1299 621 1389 locandum,
649 1307 685 1372 et
712 1302 809 1372 valor
835 1302 1039 1373 aestimatur
1066 1302 1140 1373 eius
1168 1303 1213 1373 ad
1232 1303 1317 1375 duas
1336 1325 1490 1394 mareas;
1518 1307 1561 1377 de
1580 1308 1657 1377 aliis
1677 1314 1792 1379 autern
1892 1321 1897 1327 ·

238 1420 396 1494 omnibus
423 1420 532 1492 laneis
559 1421 843 1510 emethonalibns,
870 1422 953 1493 itern
981 1422 1024 1494 de
1050 1422 1209 1494 omnibns
1236 1424 1332 1512 agris
1358 1424 1582 1498 tabernarum
1610 1434 1646 1497 et
1672 1429 1792 1501 hortu·

237 1542 416 1632 lanimem,
442 1542 526 1613 item
553 1542 596 1612 de
623 1542 781 1614 omnibns
807 1543 959 1633 praediis
981 1543 1206 1633 militaribus
1233 1544 1380 1617 solvitur
1407 1545 1539 1618 decima
1566 1549 1791 1638 manipularis

237 1663 402 1735 eeclesiae
428 1662 619 1752 parochiali
646 1663 682 1733 in
709 1662 1090 1750 Strzeszowieze.
1126 1664 1211 1735 Item
1239 1665 1397 1755 praelata
1425 1668 1623 1756 praebenda
1651 1669 1789 1740 domum

237 1784 273 1855 in
300 1782 598 1855 Sandomiria
633 1789 669 1854 et
704 1805 820 1856 aream
856 1785 980 1873 habet,
1008 1785 1044 1855 in
1070 1785 1188 1875 platea
1215 1785 1522 1877 S.-Magdalenae,
1550 1795 1700 1878 emptam
1727 1810 1790 1879 per
1818 1814 1820 1819 ’

236 1904 430 1977 Iohannem
465 1904 629 1976 Album
662 1892 863 1977 canonicum
891 1904 1043 1977 eiusdem
1071 1907 1308 1996 praebendae,
1336 1928 1424 1997 quae
1450 1914 1546 1979 tenet
1546 1930 1588 1979 ur
1615 1909 1659 1979 ad
1685 1930 1788 1980 unam

236 2045 450 2116 sexageuam
469 2046 591 2097 oeneus
618 2027 733 2116 annui,
752 2027 890 2098 vicariis
909 2025 1256 2147 Sandomirieusibus,
1274 2047 1338 2117 pro
1357 2029 1510 2100 eiusdem
1529 2029 1674 2101 Joannis
1693 2030 1787 2101 Albi

237 2146 484 2217 anniversario

339 2266 427 2337 Item
453 2266 573 2356 praela
573 2272 611 2337 ta
637 2266 836 2357 praebenda
860 2266 1178 2358 Kebieruiezska,
1168 2274 1268 2341 iuxta
1295 2275 1438 2340 novaet
1456 2270 1600 2361 antiqua
1617 2275 1785 2361 regestra,

235 2391 354 2459 taxata
379 2393 434 2458 est
460 2385 505 2458 ad
531 2386 649 2458 decem
678 2408 821 2460 mareas.

339 2633 540 2721 Decimae
572 2636 680 2716 allae
713 2637 996 2741 manipulares
1030 2637 1304 2719 Praebendaa
1336 2637 1693 2718 sandomiriensia

819 2774 1192 2882 Kobyernyezslra.

338 2996 600 3089 sumerum,
627 2999 711 3071 villa
737 2998 801 3070 sub
829 2999 995 3088 parochia
1021 2998 1186 3071 ecelesiae
1213 2997 1256 3069 de
1281 2997 1314 3068 D
1319 2998 1548 3098 rzewieza
1574 2999 1660 3088 sita,
1688 2999 1785 3070 euius

231 3119 426 3210 proprietas
452 3119 497 3190 ad
524 3120 779 3191 serenissimum
807 3119 995 3191 dominium
1022 3140 1138 3209 regem
1165 3118 1330 3190 Poloniae
1357 3119 1519 3208 pertinet,
1546 3120 1582 3188 in
1610 3140 1678 3208 qua
1703 3125 1785 3190 sunt

232 3240 383 3330 quinque
410 3239 501 3311 lanei
528 3239 771 3328 emethonales,
798 3245 834 3310 et
860 3261 930 3311 una
956 3240 1104 3310 taberna
1130 3239 1261 3310 habens
1288 3259 1401 3328 agros,
1421 3239 1463 3309 de
1483 3238 1606 3328 quibus
1626 3239 1784 3311 omnibus
1913 3303 1921 3311 .

231 3361 380 3433 solvitur
414 3361 548 3432 decima
578 3361 820 3450 manipularis,
848 3366 883 3431 et
909 3380 972 3450 per
1000 3364 1150 3449 quatuor
1177 3360 1317 3448 ierugas
1344 3358 1537 3448 canapalis,
1565 3359 1783 3448 praebendae
1874 3412 1878 3417 .

233 3481 504 3555 Sandomirieusi
539 3480 829 3571 Kobierniezska,
865 3487 901 3552 et
936 3480 1066 3553 ducunt
1101 3501 1177 3551 eam
1213 3479 1412 3551 emethones
1445 3479 1599 3568 propriis
1627 3479 1784 3550 eurribus

231 3604 267 3674 iu
294 3603 458 3675 horreum
485 3623 507 3675 a
532 3602 695 3675 canonico
723 3601 915 3692 locandum,
942 3607 978 3673 et
1002 3602 1101 3674 valor
1129 3602 1202 3671 eius
1229 3599 1274 3671 ad
1301 3606 1373 3671 tres
1400 3620 1534 3671 mareas
1570 3599 1783 3670 aestimatur.

233 3725 320 3797 Item
347 3724 565 3799 hortulaniae
592 3746 662 3796 non
690 3727 771 3799 sunt
797 3724 847 3799 in.
861 3723 986 3796 eadem
1008 3723 1098 3812 villa,
1125 3721 1305 3813 praedium
1332 3741 1400 3792 non
1419 3726 1474 3791 est
1491 3719 1629 3810 aliquod
1647 3720 1682 3790 in
1701 3719 1785 3790 villa

229 3845 358 3924 eadem
478 3904 484 3913 .
536 3892 542 3902 ·
994 3940 997 3944 Α

333 3965 694 4055 Sraznsznowrczn,
721 3965 805 4037 villa
840 3966 904 4067 sub
939 3964 1106 4056 parochia
1142 3963 1306 4034 ecelesiae
1344 3962 1386 4032 de
1412 3960 1680 4031 Drzewieza
1707 3959 1783 4049 sita,

231 4087 328 4159 euius
355 4087 480 4158 haeres
507 4086 671 4158 Nieelaus
698 4087 825 4159 nobilis
853 4085 896 4157 de
922 4086 1028 4157 armis
1055 4090 1092 4156 et
1117 4082 1249 4155 familia
1276 4082 1542 4174 cygnorum,
1561 4081 1597 4151 in
1616 4101 1683 4170 qua
1702 4087 1784 4152 sunt

230 4208 381 4310 quinque
415 4208 507 4280 lanei
542 4207 794 4298 emethenales,
822 4208 864 4278 de
901 4207 1025 4297 quibus
1053 4205 1201 4277 solvitur
1228 4204 1362 4275 decima
1388 4203 1630 4305 manipularis,
1658 4207 1694 4272 et
1720 4223 1783 4291 per

230 4333 379 4421 quatuor
413 4329 552 4420 ierugas
589 4329 782 4418 canapaIiS,
810 4334 846 4399 et
880 4327 1010 4400 ducunt
1046 4347 1121 4398 eam
1153 4326 1353 4397 emethones
1380 4324 1532 4415 propriis
1560 4323 1719 4394 curribus
1747 4322 1782 4392 in

228 4451 407 4524 horreum
404 4472 441 4522 a
468 4451 632 4523 canonico
659 4449 915 4586 loeandnm,et
941 4449 1040 4521 valor
1066 4447 1273 4520 aestimatur
1299 4444 1443 4517 eiusad
1470 4445 1555 4515 duas
1582 4463 1782 4533 sexagenas.

228 4570 318 4667 Item
344 4573 511 4645 tabernam
536 4592 605 4643 non
633 4577 775 4642 suntm
740 4571 925 4644 ineadem
951 4570 1047 4660 villa,
1073 4570 1158 4640 item
1184 4567 1403 4640 hortulaniae
1430 4586 1498 4638 non
1526 4570 1608 4635 sunt
1634 4565 1669 4634 in
1700 4561 1783 4633 villa

229 4694 369 4783 eadem
376 4692 478 4765 item
504 4692 634 4764 esttibi
660 4713 766 4765 unum
793 4692 973 4783 praedium
999 4691 1159 4781 militare,
1186 4689 1230 4762 de
1256 4689 1354 4762 euius
1372 4687 1465 4778 agris
1484 4685 1589 4758 solvit
1573 4691 1632 4756 tur
1651 4683 1783 4754 decima

228 4813 453 4906 manipularis
479 4813 645 4886 ecelesiae
671 4814 900 4917 parochiali
890 4836 926 4886 ιι
952 4813 1230 4886 Drzewieza.

238 5002 244 5009 .
331 4935 512 5025 Berosus,
530 4934 613 5007 villa
630 4935 694 5008 sub
712 4935 880 5026 parochia
897 4935 1062 5009 eeclesiae
1081 4934 1124 5006 de
1141 4931 1427 5005 Lubeeehow
1454 4928 1532 5017 sita,
1547 4925 1644 4997 euius
1658 4924 1782 4995 haeres
1888 4991 1889 4994 i

227 5054 385 5145 Raphael
409 5055 877 5148 Krzyszozykowsky,
903 5057 1029 5130 nobilis
1057 5056 1101 5145 de
1127 5054 1233 5126 armis
1252 5050 1432 5141 Rawa,
1423 5071 1459 5119 ιιι
1477 5050 1646 5138 quaeunt
1630 5036 1782 5145 tdeeem

228 5174 319 5248 lanei
347 5177 591 5269 emethonales,
617 5179 702 5250 itam
719 5200 790 5251 una
806 5179 954 5251 taberna
965 5179 1103 5252 ,habens
1122 5176 1238 5268 agros,
1254 5172 1299 5246 de
1317 5167 1618 5276 quibusomnibus
1630 5140 1784 5277 ¹solvitur

227 5295 360 5367 decima
385 5298 629 5390 manipularis,
656 5305 692 5370 et
727 5319 790 5390 per
826 5304 978 5390 quabror
1013 5300 1152 5388 ierugas
1188 5291 1381 5391 mandis,
1407 5284 1638 5402 praebendae,
1651 5284 1783 5377 Βὲὓθθ·

228 5417 383 5495 mmensi
418 5416 711 5522 noueremus,
738 5426 774 5504 et
810 5419 943 5505 eumn
976 5440 1054 5507 ean
1087 5417 1287 5510 euenere
1316 5414 1353 5513 ia
1378 5412 1555 5521 buam-
1568 5405 1781 5509 anuum
1910 5486 1918 5511 ,
