<?xml version="1.0" encoding="UTF-8"?>
<!DOCTYPE html PUBLIC "-//W3C//DTD XHTML 1.0 Transitional//EN"
    "http://www.w3.org/TR/xhtml1/DTD/xhtml1-transitional.dtd">
<html xmlns="http://www.w3.org/1999/xhtml" xml:lang="en" lang="en">
 <head>
  <title>
</title>
<meta http-equiv="Content-Type" content="text/html;charset=utf-8" />
  <meta name='ocr-system' content='tesseract 3.04.00' />
  <meta name='ocr-capabilities' content='ocr_page ocr_carea ocr_par ocr_line ocrx_word'/>
</head>
<body>
  <div class='ocr_page' id='page_1' title='image "./joannisdugoszse00dugoog_0210.png"; bbox 0 0 4050 6054; ppageno 0'>
   <div class='ocr_carea' id='block_1_1' title="bbox 60 448 1771 1008">
    <p class='ocr_par' dir='ltr' id='par_1_1' title="bbox 1653 448 1731 553">
     <span class='ocr_line' id='line_1_1' title="bbox 1653 448 1731 553; baseline 0 -1"><span class='ocrx_word' id='word_1_1' title='bbox 1653 448 1731 553; x_wconf 80' lang='lat' dir='ltr'>&#39;usa</span> 
     </span>
    </p>

    <p class='ocr_par' dir='ltr' id='par_1_2' title="bbox 60 622 1771 1008">
     <span class='ocr_line' id='line_1_2' title="bbox 60 622 1731 766; baseline 0.01 -24"><span class='ocrx_word' id='word_1_2' title='bbox 60 640 72 652; x_wconf 48' lang='lat'><em>⁶</em></span> <span class='ocrx_word' id='word_1_3' title='bbox 173 672 257 743; x_wconf 82' lang='lat' dir='ltr'>item</span> <span class='ocrx_word' id='word_1_4' title='bbox 285 672 382 743; x_wconf 89' lang='lat' dir='ltr'>curia</span> <span class='ocrx_word' id='word_1_5' title='bbox 408 690 478 741; x_wconf 92' lang='lat' dir='ltr'>una</span> <span class='ocrx_word' id='word_1_6' title='bbox 503 670 664 742; x_wconf 82' lang='lat' dir='ltr'>militaris</span> <span class='ocrx_word' id='word_1_7' title='bbox 700 669 833 741; x_wconf 88' lang='lat' dir='ltr'>habens</span> <span class='ocrx_word' id='word_1_8' title='bbox 859 622 1059 761; x_wconf 77' lang='lat' dir='ltr'>praedium,</span> <span class='ocrx_word' id='word_1_9' title='bbox 1095 672 1137 744; x_wconf 86' lang='lat' dir='ltr'>dc</span> <span class='ocrx_word' id='word_1_10' title='bbox 1166 676 1264 747; x_wconf 90' lang='lat' dir='ltr'>cuius</span> <span class='ocrx_word' id='word_1_11' title='bbox 1290 643 1385 766; x_wconf 78' lang='lat' dir='ltr'>agris</span> <span class='ocrx_word' id='word_1_12' title='bbox 1421 679 1569 760; x_wconf 83' lang='lat' dir='ltr'>solvitur</span> <span class='ocrx_word' id='word_1_13' title='bbox 1596 683 1731 759; x_wconf 78' lang='lat' dir='ltr'>decima</span> 
     </span>
     <span class='ocr_line' id='line_1_3' title="bbox 171 789 1771 882; baseline 0.001 -19"><span class='ocrx_word' id='word_1_14' title='bbox 171 791 401 882; x_wconf 72' lang='lat' dir='ltr'>manipularis</span> <span class='ocrx_word' id='word_1_15' title='bbox 426 790 576 881; x_wconf 77' lang='lat' dir='ltr'><strong>plebano</strong></span> <span class='ocrx_word' id='word_1_16' title='bbox 604 796 640 860; x_wconf 88' lang='lat' dir='ltr'>et</span> <span class='ocrx_word' id='word_1_17' title='bbox 665 789 831 861; x_wconf 86' lang='lat' dir='ltr'>ecclesiae</span> <span class='ocrx_word' id='word_1_18' title='bbox 858 791 894 861; x_wconf 94' lang='lat' dir='ltr'>in</span> <span class='ocrx_word' id='word_1_19' title='bbox 921 789 962 861; x_wconf 89' lang='lat' dir='ltr'>M</span> <span class='ocrx_word' id='word_1_20' title='bbox 971 810 1089 880; x_wconf 83' lang='lat' dir='ltr'>agna</span> <span class='ocrx_word' id='word_1_21' title='bbox 1115 793 1278 865; x_wconf 86' lang='lat' dir='ltr'>Xansz.</span> <span class='ocrx_word' id='word_1_22' title='bbox 1769 794 1771 801; x_wconf 53' lang='lat'><strong>⁴</strong></span> 
     </span>
     <span class='ocr_line' id='line_1_4' title="bbox 276 909 1729 1008; baseline 0.011 -27"><span class='ocrx_word' id='word_1_23' title='bbox 276 911 548 999; x_wconf 73' lang='lat' dir='ltr'>Suanowrsrn,</span> <span class='ocrx_word' id='word_1_24' title='bbox 577 909 661 980; x_wconf 85' lang='lat' dir='ltr'>villa</span> <span class='ocrx_word' id='word_1_25' title='bbox 686 910 751 980; x_wconf 88' lang='lat' dir='ltr'>snb</span> <span class='ocrx_word' id='word_1_26' title='bbox 777 911 943 999; x_wconf 89' lang='lat' dir='ltr'>parocbia</span> <span class='ocrx_word' id='word_1_27' title='bbox 969 910 1136 1006; x_wconf 86' lang='lat' dir='ltr'>ecclesiae</span> <span class='ocrx_word' id='word_1_28' title='bbox 1163 911 1207 984; x_wconf 92' lang='lat' dir='ltr'>de</span> <span class='ocrx_word' id='word_1_29' title='bbox 1233 913 1459 1008; x_wconf 86' lang='lat' dir='ltr'>Koszlow,</span> <span class='ocrx_word' id='word_1_30' title='bbox 1487 923 1584 992; x_wconf 91' lang='lat' dir='ltr'>cuius</span> <span class='ocrx_word' id='word_1_31' title='bbox 1603 923 1729 997; x_wconf 78' lang='lat' dir='ltr'>haeres</span> 
     </span>
    </p>
   </div>
   <div class='ocr_carea' id='block_1_2' title="bbox 170 1029 1728 1245">
    <p class='ocr_par' dir='ltr' id='par_1_3' title="bbox 170 1029 1728 1245">
     <span class='ocr_line' id='line_1_5' title="bbox 171 1029 1726 1127; baseline 0.008 -24"><span class='ocrx_word' id='word_1_32' title='bbox 171 1031 324 1104; x_wconf 81' lang='lat' dir='ltr'>lacobus</span> <span class='ocrx_word' id='word_1_33' title='bbox 349 1030 666 1120; x_wconf 79' lang='lat' dir='ltr'>Koszlowslry‚</span> <span class='ocrx_word' id='word_1_34' title='bbox 693 1029 820 1101; x_wconf 87' lang='lat' dir='ltr'>nobilis</span> <span class='ocrx_word' id='word_1_35' title='bbox 849 1029 891 1101; x_wconf 92' lang='lat' dir='ltr'>de</span> <span class='ocrx_word' id='word_1_36' title='bbox 919 1030 1021 1102; x_wconf 91' lang='lat' dir='ltr'>domo</span> <span class='ocrx_word' id='word_1_37' title='bbox 1050 1031 1276 1123; x_wconf 87' lang='lat' dir='ltr'>Vulpium.</span> <span class='ocrx_word' id='word_1_38' title='bbox 1303 1035 1344 1106; x_wconf 91' lang='lat' dir='ltr'>ln</span> <span class='ocrx_word' id='word_1_39' title='bbox 1372 1058 1440 1127; x_wconf 89' lang='lat' dir='ltr'>qna</span> <span class='ocrx_word' id='word_1_40' title='bbox 1466 1049 1551 1112; x_wconf 88' lang='lat' dir='ltr'>sunt</span> <span class='ocrx_word' id='word_1_41' title='bbox 1576 1043 1726 1116; x_wconf 77' lang='lat' dir='ltr'>sedecim</span> 
     </span>
     <span class='ocr_line' id='line_1_6' title="bbox 170 1150 1728 1245; baseline 0.008 -23"><span class='ocrx_word' id='word_1_42' title='bbox 170 1153 262 1224; x_wconf 85' lang='lat' dir='ltr'>lanei</span> <span class='ocrx_word' id='word_1_43' title='bbox 288 1150 535 1239; x_wconf 88' lang='lat' dir='ltr'>cmetbonales,</span> <span class='ocrx_word' id='word_1_44' title='bbox 562 1151 647 1221; x_wconf 91' lang='lat' dir='ltr'>item</span> <span class='ocrx_word' id='word_1_45' title='bbox 673 1170 743 1221; x_wconf 92' lang='lat' dir='ltr'>una</span> <span class='ocrx_word' id='word_1_46' title='bbox 768 1152 917 1222; x_wconf 79' lang='lat' dir='ltr'><strong>taberna</strong></span> <span class='ocrx_word' id='word_1_47' title='bbox 942 1151 1075 1223; x_wconf 87' lang='lat' dir='ltr'>habeus</span> <span class='ocrx_word' id='word_1_48' title='bbox 1095 1171 1219 1243; x_wconf 61' lang='lat' dir='ltr'>Quos,</span> <span class='ocrx_word' id='word_1_49' title='bbox 1247 1152 1290 1225; x_wconf 94' lang='lat' dir='ltr'>de</span> <span class='ocrx_word' id='word_1_50' title='bbox 1318 1156 1444 1245; x_wconf 86' lang='lat' dir='ltr'>quibus</span> <span class='ocrx_word' id='word_1_51' title='bbox 1471 1159 1631 1232; x_wconf 89' lang='lat' dir='ltr'>omnibus</span> <span class='ocrx_word' id='word_1_52' title='bbox 1658 1157 1728 1236; x_wconf 83' lang='lat' dir='ltr'>sol·</span> 
     </span>
    </p>
   </div>
   <div class='ocr_carea' id='block_1_3' title="bbox 70 1268 1865 1378">
    <p class='ocr_par' dir='ltr' id='par_1_4' title="bbox 70 1268 1865 1378">
     <span class='ocr_line' id='line_1_7' title="bbox 70 1268 1865 1378; baseline 0.014 -44"><span class='ocrx_word' id='word_1_53' title='bbox 70 1327 73 1331; x_wconf 88' lang='lat'>.</span> <span class='ocrx_word' id='word_1_54' title='bbox 126 1275 263 1344; x_wconf 58' lang='lat' dir='ltr'>aun</span> <span class='ocrx_word' id='word_1_55' title='bbox 290 1272 424 1344; x_wconf 66' lang='lat' dir='ltr'>aalma</span> <span class='ocrx_word' id='word_1_56' title='bbox 451 1271 676 1360; x_wconf 66' lang='lat' dir='ltr'><strong>manipularis</strong></span> <span class='ocrx_word' id='word_1_57' title='bbox 713 1271 867 1359; x_wconf 79' lang='lat' dir='ltr'>capitulo</span> <span class='ocrx_word' id='word_1_58' title='bbox 893 1269 1128 1362; x_wconf 73' lang='lat' dir='ltr'>cracoviensi,</span> <span class='ocrx_word' id='word_1_59' title='bbox 1155 1279 1192 1344; x_wconf 77' lang='lat' dir='ltr'>a</span> <span class='ocrx_word' id='word_1_60' title='bbox 1216 1276 1371 1366; x_wconf 77' lang='lat' dir='ltr'>proprus</span> <span class='ocrx_word' id='word_1_61' title='bbox 1398 1279 1558 1355; x_wconf 74' lang='lat' dir='ltr'>arnan</span> <span class='ocrx_word' id='word_1_62' title='bbox 1585 1300 1649 1370; x_wconf 78' lang='lat' dir='ltr'>per</span> <span class='ocrx_word' id='word_1_63' title='bbox 1674 1283 1753 1378; x_wconf 10' lang='lat' dir='ltr'>rna!</span> <span class='ocrx_word' id='word_1_64' title='bbox 1860 1268 1865 1272; x_wconf 75' lang='grc'><strong>’</strong></span> 
     </span>
    </p>
   </div>
   <div class='ocr_carea' id='block_1_4' title="bbox 124 1389 1802 1727">
    <p class='ocr_par' dir='ltr' id='par_1_5' title="bbox 124 1389 1802 1727">
     <span class='ocr_line' id='line_1_8' title="bbox 170 1389 1802 1491; baseline 0.005 -25"><span class='ocrx_word' id='word_1_65' title='bbox 170 1395 265 1466; x_wconf 90' lang='lat' dir='ltr'>colas</span> <span class='ocrx_word' id='word_1_66' title='bbox 291 1393 433 1466; x_wconf 75' lang='lat' dir='ltr'>ducitur</span> <span class='ocrx_word' id='word_1_67' title='bbox 450 1391 487 1461; x_wconf 92' lang='lat' dir='ltr'>in</span> <span class='ocrx_word' id='word_1_68' title='bbox 505 1390 669 1462; x_wconf 90' lang='lat' dir='ltr'>horreum</span> <span class='ocrx_word' id='word_1_69' title='bbox 696 1389 890 1481; x_wconf 86' lang='lat' dir='ltr'>locandum,</span> <span class='ocrx_word' id='word_1_70' title='bbox 918 1398 956 1463; x_wconf 91' lang='lat' dir='ltr'>et</span> <span class='ocrx_word' id='word_1_71' title='bbox 983 1392 1124 1464; x_wconf 83' lang='lat' dir='ltr'>solvunt</span> <span class='ocrx_word' id='word_1_72' title='bbox 1149 1392 1318 1467; x_wconf 86' lang='lat' dir='ltr'>decimam</span> <span class='ocrx_word' id='word_1_73' title='bbox 1346 1392 1471 1488; x_wconf 85' lang='lat' dir='ltr'>canapi</span> <span class='ocrx_word' id='word_1_74' title='bbox 1496 1418 1559 1488; x_wconf 93' lang='lat' dir='ltr'>per</span> <span class='ocrx_word' id='word_1_75' title='bbox 1577 1407 1729 1491; x_wconf 86' lang='lat' dir='ltr'>quatuor</span> <span class='ocrx_word' id='word_1_76' title='bbox 1759 1471 1761 1474; x_wconf 9' lang='grc' dir='ltr'><em>Α</em></span> <span class='ocrx_word' id='word_1_77' title='bbox 1798 1447 1802 1456; x_wconf 90' lang='lat'>·</span> 
     </span>
     <span class='ocr_line' id='line_1_9' title="bbox 124 1511 1728 1614; baseline 0.006 -30"><span class='ocrx_word' id='word_1_78' title='bbox 124 1610 127 1614; x_wconf 66' lang='lat'><em>,</em></span> <span class='ocrx_word' id='word_1_79' title='bbox 171 1514 321 1604; x_wconf 82' lang='lat' dir='ltr'>ierugas,</span> <span class='ocrx_word' id='word_1_80' title='bbox 348 1521 386 1585; x_wconf 90' lang='lat' dir='ltr'>et</span> <span class='ocrx_word' id='word_1_81' title='bbox 412 1513 511 1584; x_wconf 84' lang='lat' dir='ltr'>valor</span> <span class='ocrx_word' id='word_1_82' title='bbox 537 1511 612 1582; x_wconf 86' lang='lat' dir='ltr'>eius</span> <span class='ocrx_word' id='word_1_83' title='bbox 640 1512 847 1582; x_wconf 87' lang='lat' dir='ltr'>aestimatur</span> <span class='ocrx_word' id='word_1_84' title='bbox 874 1511 919 1583; x_wconf 88' lang='lat' dir='ltr'>ad</span> <span class='ocrx_word' id='word_1_85' title='bbox 945 1511 1062 1584; x_wconf 91' lang='lat' dir='ltr'>decem</span> <span class='ocrx_word' id='word_1_86' title='bbox 1089 1532 1234 1586; x_wconf 84' lang='lat' dir='ltr'>marcas.</span> <span class='ocrx_word' id='word_1_87' title='bbox 1278 1514 1358 1588; x_wconf 87' lang='lat' dir='ltr'>Non</span> <span class='ocrx_word' id='word_1_88' title='bbox 1385 1526 1468 1590; x_wconf 87' lang='lat' dir='ltr'>sunt</span> <span class='ocrx_word' id='word_1_89' title='bbox 1494 1519 1543 1590; x_wconf 91' lang='lat' dir='ltr'>ibi</span> <span class='ocrx_word' id='word_1_90' title='bbox 1570 1521 1728 1613; x_wconf 74' lang='lat' dir='ltr'>hortula-</span> 
     </span>
     <span class='ocr_line' id='line_1_10' title="bbox 169 1630 1725 1727; baseline 0.006 -24"><span class='ocrx_word' id='word_1_91' title='bbox 169 1636 257 1722; x_wconf 89' lang='lat' dir='ltr'>niae,</span> <span class='ocrx_word' id='word_1_92' title='bbox 286 1633 347 1704; x_wconf 88' lang='lat' dir='ltr'>sed</span> <span class='ocrx_word' id='word_1_93' title='bbox 374 1638 429 1703; x_wconf 90' lang='lat' dir='ltr'>est</span> <span class='ocrx_word' id='word_1_94' title='bbox 456 1651 526 1702; x_wconf 92' lang='lat' dir='ltr'>nna</span> <span class='ocrx_word' id='word_1_95' title='bbox 552 1630 657 1701; x_wconf 88' lang='lat' dir='ltr'>curia·</span> <span class='ocrx_word' id='word_1_96' title='bbox 674 1631 835 1701; x_wconf 89' lang='lat' dir='ltr'>militaris</span> <span class='ocrx_word' id='word_1_97' title='bbox 862 1632 995 1704; x_wconf 82' lang='lat' dir='ltr'>habens</span> <span class='ocrx_word' id='word_1_98' title='bbox 1022 1653 1128 1724; x_wconf 78' lang='lat' dir='ltr'>agros</span> <span class='ocrx_word' id='word_1_99' title='bbox 1153 1631 1358 1726; x_wconf 84' lang='lat' dir='ltr'>praediales,</span> <span class='ocrx_word' id='word_1_100' title='bbox 1385 1637 1428 1708; x_wconf 89' lang='lat' dir='ltr'>dc</span> <span class='ocrx_word' id='word_1_101' title='bbox 1447 1639 1572 1727; x_wconf 85' lang='lat' dir='ltr'>quibus</span> <span class='ocrx_word' id='word_1_102' title='bbox 1590 1639 1725 1713; x_wconf 82' lang='lat' dir='ltr'>decime</span> 
     </span>
    </p>
   </div>
   <div class='ocr_carea' id='block_1_5' title="bbox 168 1751 1842 1848">
    <p class='ocr_par' dir='ltr' id='par_1_6' title="bbox 168 1751 1842 1848">
     <span class='ocr_line' id='line_1_11' title="bbox 168 1751 1842 1848; baseline 0.004 -23"><span class='ocrx_word' id='word_1_103' title='bbox 168 1753 395 1844; x_wconf 80' lang='lat' dir='ltr'>manipularis</span> <span class='ocrx_word' id='word_1_104' title='bbox 423 1752 573 1824; x_wconf 84' lang='lat' dir='ltr'>solvitur</span> <span class='ocrx_word' id='word_1_105' title='bbox 606 1751 755 1841; x_wconf 81' lang='lat' dir='ltr'>plebano</span> <span class='ocrx_word' id='word_1_106' title='bbox 782 1759 818 1823; x_wconf 86' lang='lat' dir='ltr'>at</span> <span class='ocrx_word' id='word_1_107' title='bbox 845 1752 1011 1825; x_wconf 86' lang='lat' dir='ltr'>ecclesiae</span> <span class='ocrx_word' id='word_1_108' title='bbox 1037 1754 1073 1824; x_wconf 95' lang='lat' dir='ltr'>in</span> <span class='ocrx_word' id='word_1_109' title='bbox 1100 1754 1321 1828; x_wconf 87' lang='lat' dir='ltr'>Koszlow.</span> <span class='ocrx_word' id='word_1_110' title='bbox 1366 1756 1467 1829; x_wconf 85' lang='lat' dir='ltr'>Licet</span> <span class='ocrx_word' id='word_1_111' title='bbox 1493 1758 1660 1848; x_wconf 89' lang='lat' dir='ltr'>plebanus</span> <span class='ocrx_word' id='word_1_112' title='bbox 1688 1766 1726 1834; x_wconf 85' lang='lat' dir='ltr'>et</span> <span class='ocrx_word' id='word_1_113' title='bbox 1838 1795 1842 1803; x_wconf 91' lang='lat'><strong>·</strong></span> 
     </span>
    </p>
   </div>
   <div class='ocr_carea' id='block_1_6' title="bbox 168 1871 1773 2227">
    <p class='ocr_par' dir='ltr' id='par_1_7' title="bbox 168 1871 1773 2227">
     <span class='ocr_line' id='line_1_12' title="bbox 169 1871 1773 1970; baseline 0.006 -25"><span class='ocrx_word' id='word_1_114' title='bbox 169 1874 314 1945; x_wconf 83' lang='lat' dir='ltr'>ccclesia</span> <span class='ocrx_word' id='word_1_115' title='bbox 340 1874 384 1944; x_wconf 93' lang='lat' dir='ltr'>de</span> <span class='ocrx_word' id='word_1_116' title='bbox 410 1871 626 1943; x_wconf 87' lang='lat' dir='ltr'>Koszlow</span> <span class='ocrx_word' id='word_1_117' title='bbox 651 1871 780 1943; x_wconf 89' lang='lat' dir='ltr'>habeat</span> <span class='ocrx_word' id='word_1_118' title='bbox 802 1872 852 1943; x_wconf 93' lang='lat' dir='ltr'>ibi</span> <span class='ocrx_word' id='word_1_119' title='bbox 870 1893 975 1943; x_wconf 90' lang='lat' dir='ltr'>unum</span> <span class='ocrx_word' id='word_1_120' title='bbox 1001 1873 1139 1945; x_wconf 89' lang='lat' dir='ltr'>laneum</span> <span class='ocrx_word' id='word_1_121' title='bbox 1166 1896 1229 1964; x_wconf 91' lang='lat' dir='ltr'>pro</span> <span class='ocrx_word' id='word_1_122' title='bbox 1250 1897 1312 1947; x_wconf 89' lang='lat' dir='ltr'>sua</span> <span class='ocrx_word' id='word_1_123' title='bbox 1332 1878 1484 1967; x_wconf 87' lang='lat' dir='ltr'>praedio,</span> <span class='ocrx_word' id='word_1_124' title='bbox 1511 1880 1603 1950; x_wconf 90' lang='lat' dir='ltr'>inter</span> <span class='ocrx_word' id='word_1_125' title='bbox 1621 1899 1725 1970; x_wconf 90' lang='lat' dir='ltr'>prae·</span> <span class='ocrx_word' id='word_1_126' title='bbox 1770 1946 1773 1955; x_wconf 92' lang='lat'><em>.</em></span> 
     </span>
     <span class='ocr_line' id='line_1_13' title="bbox 168 1993 1725 2091; baseline 0.004 -26"><span class='ocrx_word' id='word_1_127' title='bbox 168 1995 281 2066; x_wconf 85' lang='lat' dir='ltr'>dictos</span> <span class='ocrx_word' id='word_1_128' title='bbox 308 1993 458 2065; x_wconf 84' lang='lat' dir='ltr'>sedecim</span> <span class='ocrx_word' id='word_1_129' title='bbox 485 1993 605 2063; x_wconf 91' lang='lat' dir='ltr'>laneos</span> <span class='ocrx_word' id='word_1_130' title='bbox 633 1998 877 2082; x_wconf 88' lang='lat' dir='ltr'>computatum,</span> <span class='ocrx_word' id='word_1_131' title='bbox 905 1993 1010 2064; x_wconf 85' lang='lat' dir='ltr'>abluit</span> <span class='ocrx_word' id='word_1_132' title='bbox 1035 2002 1151 2065; x_wconf 81' lang='lat' dir='ltr'>tannen</span> <span class='ocrx_word' id='word_1_133' title='bbox 1180 1994 1222 2066; x_wconf 86' lang='lat' dir='ltr'>de</span> <span class='ocrx_word' id='word_1_134' title='bbox 1248 1995 1308 2066; x_wconf 93' lang='lat' dir='ltr'>illo</span> <span class='ocrx_word' id='word_1_135' title='bbox 1338 1996 1513 2069; x_wconf 85' lang='lat' dir='ltr'>decimam</span> <span class='ocrx_word' id='word_1_136' title='bbox 1532 2000 1725 2091; x_wconf 87' lang='lat' dir='ltr'>manipula-</span> 
     </span>
     <span class='ocr_line' id='line_1_14' title="bbox 169 2110 974 2227; baseline -0.004 -43"><span class='ocrx_word' id='word_1_137' title='bbox 169 2122 243 2184; x_wconf 86' lang='lat' dir='ltr'>rem</span> <span class='ocrx_word' id='word_1_138' title='bbox 271 2114 420 2204; x_wconf 82' lang='lat' dir='ltr'>capitulo</span> <span class='ocrx_word' id='word_1_139' title='bbox 448 2112 671 2227; x_wconf 79' lang='lat' dir='ltr'>Oracoviensi</span> <span class='ocrx_word' id='word_1_140' title='bbox 697 2112 733 2183; x_wconf 95' lang='lat' dir='ltr'>in</span> <span class='ocrx_word' id='word_1_141' title='bbox 759 2110 974 2207; x_wconf 74' lang='lat' dir='ltr'>punitionum.</span> 
     </span>
    </p>
   </div>
   <div class='ocr_carea' id='block_1_7' title="bbox 131 2318 1772 2627">
    <p class='ocr_par' dir='ltr' id='par_1_8' title="bbox 131 2318 1772 2627">
     <span class='ocr_line' id='line_1_15' title="bbox 131 2318 1720 2482; baseline 0.065 -161"><span class='ocrx_word' id='word_1_142' title='bbox 131 2318 133 2323; x_wconf 86' lang='grc'><em>,</em></span> <span class='ocrx_word' id='word_1_143' title='bbox 171 2355 353 2482; x_wconf 58' lang='lat' dir='ltr'>maturo</span> <span class='ocrx_word' id='word_1_144' title='bbox 385 2379 557 2439; x_wconf 81' lang='lat' dir='ltr'>marcae</span> <span class='ocrx_word' id='word_1_145' title='bbox 588 2361 713 2438; x_wconf 85' lang='lat' dir='ltr'>annui</span> <span class='ocrx_word' id='word_1_146' title='bbox 747 2378 905 2438; x_wconf 78' lang='lat' dir='ltr'>censue</span> <span class='ocrx_word' id='word_1_147' title='bbox 938 2359 1152 2441; x_wconf 78' lang='lat' dir='ltr'>eccleciae</span> <span class='ocrx_word' id='word_1_148' title='bbox 1184 2367 1230 2441; x_wconf 81' lang='lat' dir='ltr'>et</span> <span class='ocrx_word' id='word_1_149' title='bbox 1261 2336 1431 2467; x_wconf 84' lang='lat' dir='ltr'>capituli</span> <span class='ocrx_word' id='word_1_150' title='bbox 1459 2361 1720 2451; x_wconf 56' lang='grc' dir='ltr'><strong>Οηοονῑοῃ.</strong></span> 
     </span>
     <span class='ocr_line' id='line_1_16' title="bbox 348 2492 1772 2627; baseline -0.012 -52"><span class='ocrx_word' id='word_1_151' title='bbox 348 2495 438 2610; x_wconf 77' lang='lat' dir='ltr'>ais</span> <span class='ocrx_word' id='word_1_152' title='bbox 471 2496 510 2574; x_wconf 90' lang='lat' dir='ltr'>in</span> <span class='ocrx_word' id='word_1_153' title='bbox 542 2497 692 2600; x_wconf 79' lang='lat' dir='ltr'>zuppie</span> <span class='ocrx_word' id='word_1_154' title='bbox 725 2494 1075 2607; x_wconf 80' lang='lat' dir='ltr'>Wielicieuslbua</span> <span class='ocrx_word' id='word_1_155' title='bbox 1107 2504 1152 2577; x_wconf 87' lang='lat' dir='ltr'>et</span> <span class='ocrx_word' id='word_1_156' title='bbox 1184 2497 1517 2580; x_wconf 78' lang='lat' dir='ltr'>Bcchuenaibua.</span> <span class='ocrx_word' id='word_1_157' title='bbox 1634 2600 1656 2627; x_wconf 23' lang='grc' dir='ltr'>,ι</span> <span class='ocrx_word' id='word_1_158' title='bbox 1769 2492 1772 2499; x_wconf 89' lang='grc'><em>·</em></span> 
     </span>
    </p>
   </div>
   <div class='ocr_carea' id='block_1_8' title="bbox 167 2694 1761 2930">
    <p class='ocr_par' dir='ltr' id='par_1_9' title="bbox 167 2694 1761 2930">
     <span class='ocr_line' id='line_1_17' title="bbox 268 2694 1720 2811; baseline 0.006 -27"><span class='ocrx_word' id='word_1_159' title='bbox 268 2712 358 2786; x_wconf 84' lang='lat' dir='ltr'>Item</span> <span class='ocrx_word' id='word_1_160' title='bbox 382 2710 491 2794; x_wconf 78' lang='lat' dir='ltr'>habat</span> <span class='ocrx_word' id='word_1_161' title='bbox 517 2714 663 2786; x_wconf 89' lang='lat' dir='ltr'>ccclesia</span> <span class='ocrx_word' id='word_1_162' title='bbox 689 2721 726 2785; x_wconf 88' lang='lat' dir='ltr'>et</span> <span class='ocrx_word' id='word_1_163' title='bbox 751 2715 939 2804; x_wconf 87' lang='lat' dir='ltr'>capitulum</span> <span class='ocrx_word' id='word_1_164' title='bbox 967 2694 1361 2788; x_wconf 83' lang='lat' dir='ltr'>Gracouiensecentum</span> <span class='ocrx_word' id='word_1_165' title='bbox 1387 2720 1578 2790; x_wconf 85' lang='lat' dir='ltr'>marcasio</span> <span class='ocrx_word' id='word_1_166' title='bbox 1595 2721 1720 2811; x_wconf 84' lang='lat' dir='ltr'>nappis</span> 
     </span>
     <span class='ocr_line' id='line_1_18' title="bbox 167 2834 1761 2930; baseline 0.004 -23"><span class='ocrx_word' id='word_1_167' title='bbox 167 2834 463 2924; x_wconf 63' lang='lat' dir='ltr'>&amp;aconensibus</span> <span class='ocrx_word' id='word_1_168' title='bbox 490 2834 527 2905; x_wconf 94' lang='lat' dir='ltr'>id</span> <span class='ocrx_word' id='word_1_169' title='bbox 554 2842 609 2906; x_wconf 85' lang='lat' dir='ltr'>ent</span> <span class='ocrx_word' id='word_1_170' title='bbox 626 2834 908 2908; x_wconf 90' lang='lat' dir='ltr'>Wielicieusibus</span> <span class='ocrx_word' id='word_1_171' title='bbox 934 2841 972 2908; x_wconf 91' lang='lat' dir='ltr'>et</span> <span class='ocrx_word' id='word_1_172' title='bbox 998 2836 1271 2927; x_wconf 85' lang='lat' dir='ltr'>Boobnensibus‚</span> <span class='ocrx_word' id='word_1_173' title='bbox 1297 2858 1387 2928; x_wconf 82' lang='lat' dir='ltr'>uuae</span> <span class='ocrx_word' id='word_1_174' title='bbox 1412 2838 1596 2930; x_wconf 79' lang='lat' dir='ltr'>praelatae</span> <span class='ocrx_word' id='word_1_175' title='bbox 1610 2841 1761 2913; x_wconf 66' lang='lat' dir='ltr'>code·-</span> 
     </span>
    </p>
   </div>
   <div class='ocr_carea' id='block_1_9' title="bbox 165 2943 1850 3050">
    <p class='ocr_par' dir='ltr' id='par_1_10' title="bbox 165 2943 1850 3050">
     <span class='ocr_line' id='line_1_19' title="bbox 165 2943 1850 3050; baseline -0.001 -21"><span class='ocrx_word' id='word_1_176' title='bbox 165 2958 238 3029; x_wconf 85' lang='lat' dir='ltr'>siae</span> <span class='ocrx_word' id='word_1_177' title='bbox 265 2964 302 3026; x_wconf 87' lang='lat' dir='ltr'>et</span> <span class='ocrx_word' id='word_1_178' title='bbox 328 2955 490 3046; x_wconf 89' lang='lat' dir='ltr'>capitulo,</span> <span class='ocrx_word' id='word_1_179' title='bbox 516 2955 662 3046; x_wconf 79' lang='lat' dir='ltr'>singulis</span> <span class='ocrx_word' id='word_1_180' title='bbox 688 2957 788 3027; x_wconf 89' lang='lat' dir='ltr'>anuis</span> <span class='ocrx_word' id='word_1_181' title='bbox 807 2977 850 3028; x_wconf 82' lang='lat' dir='ltr'>ex</span> <span class='ocrx_word' id='word_1_182' title='bbox 868 2957 991 3047; x_wconf 89' lang='lat' dir='ltr'>zuppis</span> <span class='ocrx_word' id='word_1_183' title='bbox 1018 2958 1224 3048; x_wconf 70' lang='lat' dir='ltr'>huiusmodi,</span> <span class='ocrx_word' id='word_1_184' title='bbox 1251 2959 1527 3050; x_wconf 87' lang='lat' dir='ltr'>per-zapparios‚</span> <span class='ocrx_word' id='word_1_185' title='bbox 1554 2943 1722 3034; x_wconf 80' lang='lat' dir='ltr'>officiales</span> <span class='ocrx_word' id='word_1_186' title='bbox 1848 3024 1850 3027; x_wconf 83' lang='lat'>.</span> 
     </span>
    </p>
   </div>
   <div class='ocr_carea' id='block_1_10' title="bbox 89 3075 1745 4015">
    <p class='ocr_par' dir='ltr' id='par_1_11' title="bbox 89 3075 1745 4015">
     <span class='ocr_line' id='line_1_20' title="bbox 163 3075 1721 3170; baseline 0.003 -21"><span class='ocrx_word' id='word_1_187' title='bbox 163 3086 200 3150; x_wconf 81' lang='lat' dir='ltr'>at</span> <span class='ocrx_word' id='word_1_188' title='bbox 226 3075 453 3149; x_wconf 87' lang='lat' dir='ltr'>arandatores</span> <span class='ocrx_word' id='word_1_189' title='bbox 479 3095 670 3166; x_wconf 75' lang='lat' dir='ltr'>capparum</span> <span class='ocrx_word' id='word_1_190' title='bbox 696 3077 785 3149; x_wconf 86' lang='lat' dir='ltr'>solui</span> <span class='ocrx_word' id='word_1_191' title='bbox 811 3086 1080 3167; x_wconf 79' lang='lat' dir='ltr'>consueverunt3</span> <span class='ocrx_word' id='word_1_192' title='bbox 1107 3079 1251 3150; x_wconf 85' lang='lat' dir='ltr'>donavit</span> <span class='ocrx_word' id='word_1_193' title='bbox 1277 3085 1403 3170; x_wconf 87' lang='lat' dir='ltr'>autem,</span> <span class='ocrx_word' id='word_1_194' title='bbox 1430 3081 1577 3153; x_wconf 88' lang='lat' dir='ltr'>contulit</span> <span class='ocrx_word' id='word_1_195' title='bbox 1603 3087 1641 3153; x_wconf 91' lang='lat' dir='ltr'>et</span> <span class='ocrx_word' id='word_1_196' title='bbox 1666 3083 1721 3153; x_wconf 90' lang='lat' dir='ltr'>in-</span> 
     </span>
     <span class='ocr_line' id='line_1_21' title="bbox 163 3175 1745 3289; baseline 0.003 -18"><span class='ocrx_word' id='word_1_197' title='bbox 163 3198 306 3288; x_wconf 74' lang='lat' dir='ltr'>scripsit</span> <span class='ocrx_word' id='word_1_198' title='bbox 331 3194 509 3288; x_wconf 78' lang='lat' dir='ltr'>praeistas</span> <span class='ocrx_word' id='word_1_199' title='bbox 535 3203 674 3270; x_wconf 88' lang='lat' dir='ltr'>centum</span> <span class='ocrx_word' id='word_1_200' title='bbox 692 3217 828 3269; x_wconf 89' lang='lat' dir='ltr'>marcas</span> <span class='ocrx_word' id='word_1_201' title='bbox 854 3197 1175 3271; x_wconf 85' lang='lat' dir='ltr'>Przemi&#39;slaus</span> <span class='ocrx_word' id='word_1_202' title='bbox 1202 3198 1272 3271; x_wconf 81' lang='lat' dir='ltr'>dux</span> <span class='ocrx_word' id='word_1_203' title='bbox 1300 3175 1589 3274; x_wconf 81' lang='lat' dir='ltr'>Poloniaeet</span> <span class='ocrx_word' id='word_1_204' title='bbox 1616 3202 1745 3289; x_wconf 76' lang='lat' dir='ltr'>Gra-v</span> 
     </span>
     <span class='ocr_line' id='line_1_22' title="bbox 90 3317 1720 3412; baseline 0.003 -22"><span class='ocrx_word' id='word_1_205' title='bbox 90 3362 91 3366; x_wconf 59' lang='lat'><em>=</em></span> <span class='ocrx_word' id='word_1_206' title='bbox 165 3319 345 3406; x_wconf 81' lang='lat' dir='ltr'>coriae,</span> <span class='ocrx_word' id='word_1_207' title='bbox 371 3337 414 3390; x_wconf 83' lang='lat' dir='ltr'>eu</span> <span class='ocrx_word' id='word_1_208' title='bbox 440 3324 522 3409; x_wconf 86' lang='lat' dir='ltr'>post</span> <span class='ocrx_word' id='word_1_209' title='bbox 543 3318 580 3405; x_wconf 88' lang='lat' dir='ltr'>in</span> <span class='ocrx_word' id='word_1_210' title='bbox 599 3338 716 3408; x_wconf 83' lang='lat' dir='ltr'>regem</span> <span class='ocrx_word' id='word_1_211' title='bbox 735 3317 900 3392; x_wconf 88' lang='lat' dir='ltr'>Polouiae</span> <span class='ocrx_word' id='word_1_212' title='bbox 926 3326 1107 3409; x_wconf 89' lang='lat' dir='ltr'>promotus</span> <span class='ocrx_word' id='word_1_213' title='bbox 1125 3326 1162 3392; x_wconf 86' lang='lat' dir='ltr'>et</span> <span class='ocrx_word' id='word_1_214' title='bbox 1181 3328 1376 3410; x_wconf 71' lang='lat' dir='ltr'>coronatus</span> <span class='ocrx_word' id='word_1_215' title='bbox 1404 3323 1497 3412; x_wconf 92' lang='lat' dir='ltr'>apud</span> <span class='ocrx_word' id='word_1_216' title='bbox 1523 3322 1720 3412; x_wconf 83' lang='lat' dir='ltr'>Rogoano</span> 
     </span>
     <span class='ocr_line' id='line_1_23' title="bbox 162 3425 1720 3532; baseline 0.003 -23"><span class='ocrx_word' id='word_1_217' title='bbox 162 3458 226 3531; x_wconf 89' lang='lat' dir='ltr'>per</span> <span class='ocrx_word' id='word_1_218' title='bbox 252 3437 396 3519; x_wconf 89' lang='lat' dir='ltr'>insidias</span> <span class='ocrx_word' id='word_1_219' title='bbox 423 3445 460 3511; x_wconf 91' lang='lat' dir='ltr'>et</span> <span class='ocrx_word' id='word_1_220' title='bbox 485 3437 584 3510; x_wconf 91' lang='lat' dir='ltr'>dolos</span> <span class='ocrx_word' id='word_1_221' title='bbox 610 3437 824 3525; x_wconf 85' lang='lat' dir='ltr'>interiectus,</span> <span class='ocrx_word' id='word_1_222' title='bbox 852 3438 1039 3511; x_wconf 79' lang='lat' dir='ltr'>donatione</span> <span class='ocrx_word' id='word_1_223' title='bbox 1061 3447 1098 3511; x_wconf 89' lang='lat' dir='ltr'>et</span> <span class='ocrx_word' id='word_1_224' title='bbox 1116 3441 1342 3532; x_wconf 84' lang='lat' dir='ltr'>inscriptione</span> <span class='ocrx_word' id='word_1_225' title='bbox 1370 3451 1542 3532; x_wconf 89' lang='lat' dir='ltr'>perpetua</span> <span class='ocrx_word' id='word_1_226' title='bbox 1566 3449 1604 3513; x_wconf 88' lang='lat' dir='ltr'>et</span> <span class='ocrx_word' id='word_1_227' title='bbox 1630 3425 1720 3514; x_wconf 82' lang='lat' dir='ltr'>irre-</span> 
     </span>
     <span class='ocr_line' id='line_1_24' title="bbox 163 3557 1718 3650; baseline 0.001 -18"><span class='ocrx_word' id='word_1_228' title='bbox 163 3558 321 3648; x_wconf 76' lang='lat' dir='ltr'>vocabili,</span> <span class='ocrx_word' id='word_1_229' title='bbox 346 3558 548 3632; x_wconf 83' lang='lat' dir='ltr'>Alberto</span> <span class='ocrx_word' id='word_1_230' title='bbox 575 3558 706 3632; x_wconf 87' lang='lat' dir='ltr'>decano</span> <span class='ocrx_word' id='word_1_231' title='bbox 734 3557 967 3648; x_wconf 80' lang='lat' dir='ltr'>Crotoniensi,</span> <span class='ocrx_word' id='word_1_232' title='bbox 992 3581 1057 3650; x_wconf 89' lang='lat' dir='ltr'>pro</span> <span class='ocrx_word' id='word_1_233' title='bbox 1084 3561 1193 3650; x_wconf 87' lang='lat' dir='ltr'>ipsius</span> <span class='ocrx_word' id='word_1_234' title='bbox 1220 3561 1355 3632; x_wconf 84' lang='lat' dir='ltr'>meritis</span> <span class='ocrx_word' id='word_1_235' title='bbox 1381 3568 1418 3633; x_wconf 88' lang='lat' dir='ltr'>et</span> <span class='ocrx_word' id='word_1_236' title='bbox 1444 3561 1598 3632; x_wconf 84' lang='lat' dir='ltr'>seruitiis</span> <span class='ocrx_word' id='word_1_237' title='bbox 1624 3581 1718 3634; x_wconf 90' lang='lat' dir='ltr'>anno</span> 
     </span>
     <span class='ocr_line' id='line_1_25' title="bbox 99 3667 1718 3780; baseline 0.002 -28"><span class='ocrx_word' id='word_1_238' title='bbox 99 3771 105 3780; x_wconf 27' lang='grc'><strong><em>1</em></strong></span> <span class='ocrx_word' id='word_1_239' title='bbox 162 3680 302 3778; x_wconf 79' lang='lat' dir='ltr'>Domini</span> <span class='ocrx_word' id='word_1_240' title='bbox 324 3667 433 3753; x_wconf 73' lang='lat'>1290.</span> <span class='ocrx_word' id='word_1_241' title='bbox 460 3700 552 3752; x_wconf 90' lang='lat' dir='ltr'>nono</span> <span class='ocrx_word' id='word_1_242' title='bbox 577 3679 741 3752; x_wconf 63' lang='lat' dir='ltr'>mendas</span> <span class='ocrx_word' id='word_1_243' title='bbox 762 3680 988 3770; x_wconf 76' lang='lat' dir='ltr'>Septembris,</span> <span class='ocrx_word' id='word_1_244' title='bbox 1014 3680 1097 3754; x_wconf 90' lang='lat' dir='ltr'>dum</span> <span class='ocrx_word' id='word_1_245' title='bbox 1123 3681 1160 3751; x_wconf 93' lang='lat' dir='ltr'>in</span> <span class='ocrx_word' id='word_1_246' title='bbox 1187 3679 1417 3753; x_wconf 82' lang='lat' dir='ltr'>Oracovia</span> <span class='ocrx_word' id='word_1_247' title='bbox 1443 3686 1574 3769; x_wconf 56' lang='lat' dir='ltr'>meret</span> <span class='ocrx_word' id='word_1_248' title='bbox 1601 3680 1718 3755; x_wconf 90' lang='lat' dir='ltr'>dando</span> 
     </span>
     <span class='ocr_line' id='line_1_26' title="bbox 160 3800 1717 3893; baseline 0 -20"><span class='ocrx_word' id='word_1_249' title='bbox 160 3801 227 3874; x_wconf 87' lang='lat' dir='ltr'>albi</span> <span class='ocrx_word' id='word_1_250' title='bbox 253 3800 391 3893; x_wconf 87' lang='lat' dir='ltr'>plenam</span> <span class='ocrx_word' id='word_1_251' title='bbox 418 3807 455 3873; x_wconf 85' lang='lat' dir='ltr'>et</span> <span class='ocrx_word' id='word_1_252' title='bbox 482 3801 712 3879; x_wconf 90' lang='lat' dir='ltr'>omnimodam</span> <span class='ocrx_word' id='word_1_253' title='bbox 739 3807 948 3890; x_wconf 85' lang='lat' dir='ltr'>potestatem</span> <span class='ocrx_word' id='word_1_254' title='bbox 976 3821 1114 3874; x_wconf 87' lang='lat' dir='ltr'>censum</span> <span class='ocrx_word' id='word_1_255' title='bbox 1133 3801 1387 3890; x_wconf 87' lang='lat' dir='ltr'>praedictarum</span> <span class='ocrx_word' id='word_1_256' title='bbox 1415 3809 1553 3871; x_wconf 88' lang='lat' dir='ltr'>centum</span> <span class='ocrx_word' id='word_1_257' title='bbox 1581 3820 1717 3873; x_wconf 86' lang='lat' dir='ltr'>marca·</span> 
     </span>
     <span class='ocr_line' id='line_1_27' title="bbox 89 3903 1717 4015; baseline -0.002 -18"><span class='ocrx_word' id='word_1_258' title='bbox 89 3903 90 3906; x_wconf 4' lang='grc' dir='ltr'>Ὺ</span> <span class='ocrx_word' id='word_1_259' title='bbox 159 3943 237 3997; x_wconf 83' lang='lat' dir='ltr'>rum</span> <span class='ocrx_word' id='word_1_260' title='bbox 264 3921 445 4010; x_wconf 85' lang='lat' dir='ltr'>uendendi,</span> <span class='ocrx_word' id='word_1_261' title='bbox 473 3920 634 4010; x_wconf 87' lang='lat' dir='ltr'>donandi,</span> <span class='ocrx_word' id='word_1_262' title='bbox 661 3922 883 4012; x_wconf 82' lang='lat' dir='ltr'>permutandi</span> <span class='ocrx_word' id='word_1_263' title='bbox 908 3929 945 3995; x_wconf 88' lang='lat' dir='ltr'>et</span> <span class='ocrx_word' id='word_1_264' title='bbox 972 3942 1176 4014; x_wconf 76' lang='lat' dir='ltr'>unocunque</span> <span class='ocrx_word' id='word_1_265' title='bbox 1198 3923 1300 3994; x_wconf 93' lang='lat' dir='ltr'>modo</span> <span class='ocrx_word' id='word_1_266' title='bbox 1334 3920 1506 4012; x_wconf 82' lang='lat' dir='ltr'>placuerit</span> <span class='ocrx_word' id='word_1_267' title='bbox 1532 3921 1717 4015; x_wconf 79' lang='lat' dir='ltr'>alienandi,</span> 
     </span>
    </p>
   </div>
   <div class='ocr_carea' id='block_1_11' title="bbox 39 4042 1715 4135">
    <p class='ocr_par' dir='ltr' id='par_1_12' title="bbox 39 4042 1715 4135">
     <span class='ocr_line' id='line_1_28' title="bbox 39 4042 1715 4135; baseline 0.001 -19"><span class='ocrx_word' id='word_1_268' title='bbox 39 4102 42 4107; x_wconf 91' lang='lat'>.</span> <span class='ocrx_word' id='word_1_269' title='bbox 159 4044 345 4135; x_wconf 74' lang='lat' dir='ltr'>capparim</span> <span class='ocrx_word' id='word_1_270' title='bbox 372 4050 409 4114; x_wconf 86' lang='lat' dir='ltr'>et</span> <span class='ocrx_word' id='word_1_271' title='bbox 434 4042 610 4133; x_wconf 88' lang='lat' dir='ltr'>quoslibet</span> <span class='ocrx_word' id='word_1_272' title='bbox 636 4043 861 4134; x_wconf 90' lang='lat' dir='ltr'>impeditores</span> <span class='ocrx_word' id='word_1_273' title='bbox 888 4044 1072 4118; x_wconf 83' lang='lat' dir='ltr'>solutionis</span> <span class='ocrx_word' id='word_1_274' title='bbox 1099 4043 1306 4130; x_wconf 88' lang='lat' dir='ltr'>earundem,</span> <span class='ocrx_word' id='word_1_275' title='bbox 1333 4062 1443 4133; x_wconf 90' lang='lat' dir='ltr'>usque</span> <span class='ocrx_word' id='word_1_276' title='bbox 1470 4042 1515 4114; x_wconf 91' lang='lat' dir='ltr'>ad</span> <span class='ocrx_word' id='word_1_277' title='bbox 1541 4044 1715 4117; x_wconf 84' lang='lat' dir='ltr'>exulatio-</span> 
     </span>
    </p>
   </div>
   <div class='ocr_carea' id='block_1_12' title="bbox 159 4150 1716 4255">
    <p class='ocr_par' dir='ltr' id='par_1_13' title="bbox 159 4150 1716 4255">
     <span class='ocr_line' id='line_1_29' title="bbox 159 4150 1716 4255; baseline 0.001 -19"><span class='ocrx_word' id='word_1_278' title='bbox 159 4185 236 4237; x_wconf 90' lang='lat' dir='ltr'>nem</span> <span class='ocrx_word' id='word_1_279' title='bbox 264 4164 443 4236; x_wconf 74' lang='lat' dir='ltr'>uomssimi</span> <span class='ocrx_word' id='word_1_280' title='bbox 470 4163 606 4235; x_wconf 88' lang='lat' dir='ltr'>denarii</span> <span class='ocrx_word' id='word_1_281' title='bbox 633 4164 888 4255; x_wconf 85' lang='lat' dir='ltr'>impignorandi</span> <span class='ocrx_word' id='word_1_282' title='bbox 915 4173 952 4237; x_wconf 86' lang='lat' dir='ltr'>et</span> <span class='ocrx_word' id='word_1_283' title='bbox 978 4150 1192 4253; x_wconf 47' lang='lat' dir='ltr'>coercendi}</span> <span class='ocrx_word' id='word_1_284' title='bbox 1219 4163 1346 4237; x_wconf 90' lang='lat' dir='ltr'>solutio</span> <span class='ocrx_word' id='word_1_285' title='bbox 1374 4169 1488 4235; x_wconf 89' lang='lat' dir='ltr'>autem</span> <span class='ocrx_word' id='word_1_286' title='bbox 1515 4164 1716 4239; x_wconf 83' lang='lat' dir='ltr'>huiusmodi</span> 
     </span>
    </p>
   </div>
   <div class='ocr_carea' id='block_1_13' title="bbox 158 4284 1817 4376">
    <p class='ocr_par' dir='ltr' id='par_1_14' title="bbox 158 4284 1817 4376">
     <span class='ocr_line' id='line_1_30' title="bbox 158 4284 1817 4376; baseline -0.001 -17"><span class='ocrx_word' id='word_1_287' title='bbox 158 4292 295 4360; x_wconf 88' lang='lat' dir='ltr'>centum</span> <span class='ocrx_word' id='word_1_288' title='bbox 323 4305 517 4357; x_wconf 88' lang='lat' dir='ltr'>marcarum</span> <span class='ocrx_word' id='word_1_289' title='bbox 544 4285 695 4358; x_wconf 86' lang='lat' dir='ltr'>debebat</span> <span class='ocrx_word' id='word_1_290' title='bbox 721 4306 797 4358; x_wconf 86' lang='lat' dir='ltr'>esse</span> <span class='ocrx_word' id='word_1_291' title='bbox 824 4287 860 4357; x_wconf 94' lang='lat' dir='ltr'>in</span> <span class='ocrx_word' id='word_1_292' title='bbox 888 4294 1034 4376; x_wconf 82' lang='lat' dir='ltr'>argento</span> <span class='ocrx_word' id='word_1_293' title='bbox 1060 4287 1151 4358; x_wconf 91' lang='lat' dir='ltr'>bono</span> <span class='ocrx_word' id='word_1_294' title='bbox 1170 4291 1206 4356; x_wconf 86' lang='lat' dir='ltr'>ct</span> <span class='ocrx_word' id='word_1_295' title='bbox 1223 4284 1309 4374; x_wconf 83' lang='lat' dir='ltr'>fuso,</span> <span class='ocrx_word' id='word_1_296' title='bbox 1336 4285 1437 4356; x_wconf 84' lang='lat' dir='ltr'>iuxta</span> <span class='ocrx_word' id='word_1_297' title='bbox 1461 4284 1557 4356; x_wconf 90' lang='lat' dir='ltr'>illius</span> <span class='ocrx_word' id='word_1_298' title='bbox 1585 4287 1715 4357; x_wconf 91' lang='lat' dir='ltr'>aetatis</span> <span class='ocrx_word' id='word_1_299' title='bbox 1813 4311 1817 4319; x_wconf 93' lang='lat'>·</span> 
     </span>
    </p>
   </div>
   <div class='ocr_carea' id='block_1_14' title="bbox 156 4404 1714 4618">
    <p class='ocr_par' dir='ltr' id='par_1_15' title="bbox 156 4404 1714 4618">
     <span class='ocr_line' id='line_1_31' title="bbox 156 4404 1714 4497; baseline -0.003 -17"><span class='ocrx_word' id='word_1_300' title='bbox 156 4413 240 4480; x_wconf 89' lang='lat' dir='ltr'>tunc</span> <span class='ocrx_word' id='word_1_301' title='bbox 267 4406 523 4479; x_wconf 87' lang='lat' dir='ltr'>observantiam</span> <span class='ocrx_word' id='word_1_302' title='bbox 550 4412 588 4477; x_wconf 83' lang='lat' dir='ltr'>et</span> <span class='ocrx_word' id='word_1_303' title='bbox 614 4427 755 4495; x_wconf 88' lang='lat' dir='ltr'>morem,</span> <span class='ocrx_word' id='word_1_304' title='bbox 782 4406 825 4479; x_wconf 93' lang='lat' dir='ltr'>de</span> <span class='ocrx_word' id='word_1_305' title='bbox 852 4427 920 4497; x_wconf 88' lang='lat' dir='ltr'>quo</span> <span class='ocrx_word' id='word_1_306' title='bbox 948 4406 1102 4479; x_wconf 87' lang='lat' dir='ltr'>eiusdem</span> <span class='ocrx_word' id='word_1_307' title='bbox 1129 4405 1226 4476; x_wconf 84' lang='lat' dir='ltr'>ducis</span> <span class='ocrx_word' id='word_1_308' title='bbox 1253 4404 1536 4476; x_wconf 84' lang='lat' dir='ltr'>Praemislai</span> <span class='ocrx_word' id='word_1_309' title='bbox 1563 4406 1714 4481; x_wconf 90' lang='lat' dir='ltr'>habetur</span> 
     </span>
     <span class='ocr_line' id='line_1_32' title="bbox 156 4523 1714 4618; baseline -0.002 -19"><span class='ocrx_word' id='word_1_310' title='bbox 156 4528 357 4600; x_wconf 74' lang='lat' dir='ltr'>laceratio</span> <span class='ocrx_word' id='word_1_311' title='bbox 385 4527 528 4616; x_wconf 85' lang='lat' dir='ltr'>capituli</span> <span class='ocrx_word' id='word_1_312' title='bbox 555 4525 814 4617; x_wconf 71' lang='lat' dir='ltr'>cracoviensis,</span> <span class='ocrx_word' id='word_1_313' title='bbox 850 4528 886 4598; x_wconf 94' lang='lat' dir='ltr'>in</span> <span class='ocrx_word' id='word_1_314' title='bbox 915 4548 981 4618; x_wconf 91' lang='lat' dir='ltr'>quo</span> <span class='ocrx_word' id='word_1_315' title='bbox 1010 4527 1122 4599; x_wconf 86' lang='lat' dir='ltr'>dictus</span> <span class='ocrx_word' id='word_1_316' title='bbox 1149 4526 1381 4598; x_wconf 85' lang='lat' dir='ltr'>Albertus</span> <span class='ocrx_word' id='word_1_317' title='bbox 1408 4524 1559 4596; x_wconf 89' lang='lat' dir='ltr'>decanus</span> <span class='ocrx_word' id='word_1_318' title='bbox 1587 4523 1714 4596; x_wconf 86' lang='lat' dir='ltr'>Gracu-</span> 
     </span>
    </p>
   </div>
   <div class='ocr_carea' id='block_1_15' title="bbox 12 4645 1713 4738">
    <p class='ocr_par' dir='ltr' id='par_1_16' title="bbox 12 4645 1713 4738">
     <span class='ocr_line' id='line_1_33' title="bbox 12 4645 1713 4738; baseline -0.005 -15"><span class='ocrx_word' id='word_1_319' title='bbox 12 4676 14 4680; x_wconf 55' lang='grc'><strong>“</strong></span> <span class='ocrx_word' id='word_1_320' title='bbox 157 4649 295 4738; x_wconf 74' lang='lat' dir='ltr'>aiensis,</span> <span class='ocrx_word' id='word_1_321' title='bbox 322 4648 444 4721; x_wconf 80' lang='lat' dir='ltr'>vivoru</span> <span class='ocrx_word' id='word_1_322' title='bbox 464 4647 600 4721; x_wconf 84' lang='lat' dir='ltr'>dictum</span> <span class='ocrx_word' id='word_1_323' title='bbox 618 4668 760 4720; x_wconf 89' lang='lat' dir='ltr'>censum</span> <span class='ocrx_word' id='word_1_324' title='bbox 778 4654 916 4720; x_wconf 89' lang='lat' dir='ltr'>centum</span> <span class='ocrx_word' id='word_1_325' title='bbox 943 4646 1369 4736; x_wconf 63' lang='lat' dir='ltr'>marcarumcontulerat,</span> <span class='ocrx_word' id='word_1_326' title='bbox 1396 4645 1615 4736; x_wconf 84' lang='lat' dir='ltr'>privilegium</span> <span class='ocrx_word' id='word_1_327' title='bbox 1635 4664 1713 4734; x_wconf 89' lang='lat' dir='ltr'>spe-</span> 
     </span>
    </p>
   </div>
   <div class='ocr_carea' id='block_1_16' title="bbox 155 4766 1778 5461">
    <p class='ocr_par' dir='ltr' id='par_1_17' title="bbox 155 4766 1778 5461">
     <span class='ocr_line' id='line_1_34' title="bbox 157 4766 1713 4865; baseline -0.004 -22"><span class='ocrx_word' id='word_1_328' title='bbox 157 4771 254 4859; x_wconf 84' lang='lat' dir='ltr'>cialo3</span> <span class='ocrx_word' id='word_1_329' title='bbox 281 4769 464 4863; x_wconf 85' lang='lat' dir='ltr'>solvuntur</span> <span class='ocrx_word' id='word_1_330' title='bbox 491 4774 609 4841; x_wconf 91' lang='lat' dir='ltr'>autem</span> <span class='ocrx_word' id='word_1_331' title='bbox 637 4769 752 4841; x_wconf 88' lang='lat' dir='ltr'>dictae</span> <span class='ocrx_word' id='word_1_332' title='bbox 779 4776 1082 4853; x_wconf 79' lang='lat' dir='ltr'>centummarcae</span> <span class='ocrx_word' id='word_1_333' title='bbox 1107 4767 1159 4865; x_wconf 64' lang='lat' dir='ltr'>in,</span> <span class='ocrx_word' id='word_1_334' title='bbox 1172 4766 1349 4859; x_wconf 76' lang='lat' dir='ltr'>quaelibet</span> <span class='ocrx_word' id='word_1_335' title='bbox 1375 4771 1525 4856; x_wconf 89' lang='lat' dir='ltr'>quatuor</span> <span class='ocrx_word' id='word_1_336' title='bbox 1552 4770 1713 4855; x_wconf 84' lang='lat' dir='ltr'>tempora</span> 
     </span>
     <span class='ocr_line' id='line_1_35' title="bbox 156 4886 1713 4981; baseline -0.002 -20"><span class='ocrx_word' id='word_1_337' title='bbox 156 4892 246 4981; x_wconf 85' lang='lat' dir='ltr'>anui,</span> <span class='ocrx_word' id='word_1_338' title='bbox 274 4910 338 4981; x_wconf 90' lang='lat' dir='ltr'>per</span> <span class='ocrx_word' id='word_1_339' title='bbox 364 4891 490 4980; x_wconf 81' lang='lat' dir='ltr'>viginti</span> <span class='ocrx_word' id='word_1_340' title='bbox 517 4891 670 4981; x_wconf 87' lang='lat' dir='ltr'>quinque</span> <span class='ocrx_word' id='word_1_341' title='bbox 704 4911 857 4980; x_wconf 88' lang='lat' dir='ltr'>marcas,</span> <span class='ocrx_word' id='word_1_342' title='bbox 893 4897 930 4962; x_wconf 94' lang='lat' dir='ltr'>et</span> <span class='ocrx_word' id='word_1_343' title='bbox 955 4890 1123 4981; x_wconf 89' lang='lat' dir='ltr'>pecuniae</span> <span class='ocrx_word' id='word_1_344' title='bbox 1158 4886 1356 4960; x_wconf 89' lang='lat' dir='ltr'>huiusmodi</span> <span class='ocrx_word' id='word_1_345' title='bbox 1383 4886 1419 4958; x_wconf 93' lang='lat' dir='ltr'>in</span> <span class='ocrx_word' id='word_1_346' title='bbox 1447 4886 1713 4958; x_wconf 89' lang='lat' dir='ltr'>distributiones</span> 
     </span>
     <span class='ocr_line' id='line_1_36' title="bbox 155 4988 1668 5113; baseline -0.004 -30"><span class='ocrx_word' id='word_1_347' title='bbox 155 4988 376 5102; x_wconf 77' lang='lat' dir='ltr'>quotidianas</span> <span class='ocrx_word' id='word_1_348' title='bbox 403 5017 626 5103; x_wconf 86' lang='lat' dir='ltr'>caeterasque</span> <span class='ocrx_word' id='word_1_349' title='bbox 654 5011 865 5101; x_wconf 89' lang='lat' dir='ltr'>capitulares</span> <span class='ocrx_word' id='word_1_350' title='bbox 891 5012 1117 5083; x_wconf 86' lang='lat' dir='ltr'>necessitates</span> <span class='ocrx_word' id='word_1_351' title='bbox 1144 5015 1427 5081; x_wconf 60' lang='lat' dir='ltr'>convertuntur„</span> <span class='ocrx_word' id='word_1_352' title='bbox 1663 5104 1668 5113; x_wconf 14' lang='lat' dir='ltr'><strong><em>s</em></strong></span> 
     </span>
     <span class='ocr_line' id='line_1_37' title="bbox 257 5112 1711 5221; baseline -0.002 -18"><span class='ocrx_word' id='word_1_353' title='bbox 257 5133 336 5206; x_wconf 89' lang='lat' dir='ltr'>Duo</span> <span class='ocrx_word' id='word_1_354' title='bbox 363 5133 468 5205; x_wconf 86' lang='lat' dir='ltr'>horti.</span> <span class='ocrx_word' id='word_1_355' title='bbox 507 5132 595 5205; x_wconf 89' lang='lat' dir='ltr'>Item</span> <span class='ocrx_word' id='word_1_356' title='bbox 615 5133 738 5205; x_wconf 80' lang='lat' dir='ltr'>babet</span> <span class='ocrx_word' id='word_1_357' title='bbox 777 5132 923 5204; x_wconf 87' lang='lat' dir='ltr'>ecclesia</span> <span class='ocrx_word' id='word_1_358' title='bbox 949 5139 985 5203; x_wconf 91' lang='lat' dir='ltr'>et</span> <span class='ocrx_word' id='word_1_359' title='bbox 1011 5112 1198 5221; x_wconf 85' lang='lat' dir='ltr'>capitulum</span> <span class='ocrx_word' id='word_1_360' title='bbox 1236 5127 1466 5200; x_wconf 73' lang='lat' dir='ltr'>cracoviense</span> <span class='ocrx_word' id='word_1_361' title='bbox 1492 5147 1536 5199; x_wconf 83' lang='lat' dir='ltr'>cx</span> <span class='ocrx_word' id='word_1_362' title='bbox 1564 5127 1711 5218; x_wconf 89' lang='lat' dir='ltr'>antiquo</span> 
     </span>
     <span class='ocr_line' id='line_1_38' title="bbox 156 5241 1778 5341; baseline -0.004 -17"><span class='ocrx_word' id='word_1_363' title='bbox 156 5253 242 5324; x_wconf 91' lang='lat' dir='ltr'>duos</span> <span class='ocrx_word' id='word_1_364' title='bbox 269 5253 390 5327; x_wconf 87' lang='lat' dir='ltr'>hortos</span> <span class='ocrx_word' id='word_1_365' title='bbox 417 5253 453 5324; x_wconf 95' lang='lat' dir='ltr'>in</span> <span class='ocrx_word' id='word_1_366' title='bbox 481 5250 750 5333; x_wconf 82' lang='lat' dir='ltr'>Stradomia</span> <span class='ocrx_word' id='word_1_367' title='bbox 777 5253 872 5341; x_wconf 88' lang='lat' dir='ltr'>sitos,</span> <span class='ocrx_word' id='word_1_368' title='bbox 899 5272 970 5323; x_wconf 93' lang='lat' dir='ltr'>non</span> <span class='ocrx_word' id='word_1_369' title='bbox 988 5251 1091 5340; x_wconf 81' lang='lat' dir='ltr'>longe</span> <span class='ocrx_word' id='word_1_370' title='bbox 1109 5270 1130 5320; x_wconf 91' lang='lat' dir='ltr'>a</span> <span class='ocrx_word' id='word_1_371' title='bbox 1146 5249 1251 5321; x_wconf 86' lang='lat' dir='ltr'>fluvio</span> <span class='ocrx_word' id='word_1_372' title='bbox 1279 5247 1426 5340; x_wconf 89' lang='lat' dir='ltr'>Vysla</span> <span class='ocrx_word' id='word_1_373' title='bbox 1453 5247 1597 5336; x_wconf 90' lang='lat' dir='ltr'>locatos,</span> <span class='ocrx_word' id='word_1_374' title='bbox 1621 5241 1711 5318; x_wconf 57' lang='lat' dir='ltr'>&#39;nulli</span> <span class='ocrx_word' id='word_1_375' title='bbox 1776 5305 1778 5308; x_wconf 93' lang='lat'>.</span> 
     </span>
     <span class='ocr_line' id='line_1_39' title="bbox 155 5369 1712 5461; baseline -0.001 -16"><span class='ocrx_word' id='word_1_376' title='bbox 155 5375 274 5446; x_wconf 89' lang='lat' dir='ltr'>censui</span> <span class='ocrx_word' id='word_1_377' title='bbox 300 5373 394 5446; x_wconf 80' lang='lat' dir='ltr'>ciuili</span> <span class='ocrx_word' id='word_1_378' title='bbox 421 5374 599 5461; x_wconf 85' lang='lat' dir='ltr'>obnoxios,</span> <span class='ocrx_word' id='word_1_379' title='bbox 626 5371 688 5444; x_wconf 87' lang='lat' dir='ltr'>sed</span> <span class='ocrx_word' id='word_1_380' title='bbox 715 5372 759 5446; x_wconf 90' lang='lat' dir='ltr'>ab</span> <span class='ocrx_word' id='word_1_381' title='bbox 785 5373 879 5444; x_wconf 89' lang='lat' dir='ltr'>omni</span> <span class='ocrx_word' id='word_1_382' title='bbox 903 5372 1080 5460; x_wconf 80' lang='lat' dir='ltr'>servitute,</span> <span class='ocrx_word' id='word_1_383' title='bbox 1106 5371 1241 5441; x_wconf 89' lang='lat' dir='ltr'>tributo</span> <span class='ocrx_word' id='word_1_384' title='bbox 1268 5378 1305 5440; x_wconf 90' lang='lat' dir='ltr'>et</span> <span class='ocrx_word' id='word_1_385' title='bbox 1332 5369 1429 5441; x_wconf 88' lang='lat' dir='ltr'>datia</span> <span class='ocrx_word' id='word_1_386' title='bbox 1455 5369 1595 5458; x_wconf 88' lang='lat' dir='ltr'>liberos;</span> <span class='ocrx_word' id='word_1_387' title='bbox 1621 5387 1712 5443; x_wconf 85' lang='lat' dir='ltr'>uuus</span> 
     </span>
    </p>
   </div>
   <div class='ocr_carea' id='block_1_17' title="bbox 0 0 2030 6054">
    <p class='ocr_par' dir='ltr' id='par_1_18' title="bbox 0 0 2030 6054">
     <span class='ocr_line' id='line_1_40' title="bbox 0 0 2030 6054; baseline 0 6"><span class='ocrx_word' id='word_1_388' title='bbox 0 0 2030 6054; x_wconf 95' lang='lat' dir='ltr'> </span> 
     </span>
    </p>
   </div>
  </div>
 </body>
</html>
