4050 6054
231 473 308 549 438

232 682 430 773 proprietas
455 702 520 772 pro
545 702 615 752 uua
639 686 740 772 parte
765 682 919 772 pertinet
943 681 990 752 ad
1015 680 1279 753 Graoeviemem
1305 683 1524 772 episcopum,
1550 703 1617 773 pro
1642 683 1714 754 alia
1737 683 1782 754 ad

229 801 465 873 Keleaiensem
491 802 745 893 praepositum,
771 807 809 872 et
833 807 889 874 est
914 800 1073 892 praefata
1096 801 1181 873 villa
1210 801 1337 872 tertius
1362 800 1491 873 fundus
1516 803 1780 895 praepositurae

230 921 461 1010 Keleaiensis,
495 943 539 993 ex
564 922 669 994 titulo
695 927 811 993 autem
840 921 1005 993 ecclesiae
1031 926 1068 994 et
1092 921 1177 993 villa
1202 942 1392 1012 cognomen
1428 923 1596 1013 sumpsit,
1622 943 1665 995 eo
1691 924 1781 1014 qnod

231 1041 353 1113 Poloni
371 1041 407 1111 in
425 1042 568 1113 exordio
584 1041 666 1113 fidei
684 1041 828 1112 Beatam
846 1041 995 1113 Mariam
1013 1041 1375 1133 Swyathamarza
1401 1042 1644 1134 appellabant,
1659 1043 1699 1114 in
1716 1064 1783 1135 qua
1823 1131 1825 1136 ι

231 1168 313 1233 sunt
336 1170 410 1232 tres
435 1163 651 1250 cmethones,
678 1160 734 1232 vel
760 1162 877 1252 potius
901 1162 1122 1233 hortulaniae
1147 1162 1314 1233 habentes
1340 1182 1464 1253 agros,
1490 1162 1534 1234 de
1560 1164 1689 1255 quibus
1714 1185 1781 1234 non

233 1281 374 1354 solvunt
399 1280 550 1373 aliquem
577 1303 717 1354 censum
744 1282 961 1373 praeposito,
988 1281 1050 1353 sed
1076 1302 1182 1353 unum
1208 1282 1298 1353 diem
1325 1282 1361 1354 in
1380 1283 1575 1373 septimana
1598 1284 1780 1374 pedestres

231 1422 366 1474 omnem
392 1401 562 1493 laborem,
588 1424 690 1495 quem
716 1403 888 1492 iubentur,
914 1402 1086 1475 laborant
1125 1402 1215 1473 Item
1240 1423 1284 1473 ex
1301 1402 1500 1475 huiusmodi
1526 1405 1622 1494 Quis
1647 1410 1687 1477 et
1702 1405 1782 1478 bor·

231 1523 373 1594 tulaniis
401 1525 540 1595 solvunt
566 1522 734 1596 decimam
760 1523 1011 1614 manipularem
1032 1523 1232 1613 praeposito
1258 1522 1468 1613 Kelczieusi3
1494 1525 1578 1595 item
1600 1525 1782 1616 episcopus

80 1734 84 1739 Ι
231 1642 470 1715 Gracoviensis
496 1644 638 1717 habet'
628 1666 664 1714 1n
681 1643 837 1734 praelata
854 1645 938 1716 villa
958 1649 1107 1734 quatuor
1132 1643 1349 1715 hortulanias
1367 1650 1404 1714 et
1420 1650 1560 1734 pratum
1577 1646 1782 1736 episcopale,

230 1769 267 1834 et
283 1763 461 1854 praefatae
478 1764 697 1835 hortulaniae
714 1764 844 1836 habent
860 1765 1020 1856 proprios
1037 1784 1141 1854 agros
1163 1769 1200 1836 et
1217 1769 1336 1853 prata,
1362 1763 1447 1836 item
1467 1764 1651 1836 tabernam
1676 1786 1782 1837 unam

231 1885 415 1956 habentem
448 1906 572 1976 agros;
606 1884 712 1956 etde
739 1885 898 1957 omnibus
933 1885 1082 1957 solvitur
1109 1884 1242 1956 decima
1277 1884 1503 1974 manipularis
1528 1881 1594 1975 p'ro
1620 1887 1783 1978 episcopo

231 2004 470 2097 cracoviensi,
496 2007 582 2077 item
607 2007 714 2077 habet
740 2006 789 2077 ibi
815 2007 997 2097 episcopus
1024 2006 1190 2097 piscinam
1217 2011 1254 2077 et
1279 2004 1522 2076 molendinum

331 2125 551 2215 Rznnrnns,
586 2126 670 2197 villa
704 2125 769 2197 sub
804 2126 970 2216 parochia
1005 2126 1169 2196 ecclesiae
1205 2125 1248 2197 de
1285 2124 1667 2216 Swyathamarza
1701 2128 1780 2218 sita,
1846 2136 1851 2141 ’

191 2272 198 2289 ·
232 2246 329 2317 euius
355 2246 553 2337 proprietas
588 2246 838 2318 ebdominium
864 2246 1019 2336 pertinet
1044 2246 1088 2317 ad
1115 2247 1276 2318 abbatem
1305 2266 1371 2336 pro
1397 2251 1553 2336 tempore
1579 2248 1781 2321 monasterii

232 2365 331 2438 Calvi
356 2366 509 2456 Montis,
544 2368 581 2438 in
607 2386 676 2457 qua
702 2371 786 2438 sunt
811 2372 961 2456 quatuor
987 2366 1077 2436 lanei
1114 2365 1368 2455 cmethonales,
1403 2365 1600 2457 dequibus
1634 2367 1785 2441 solvitur

232 2487 365 2558 decima
389 2487 614 2578 manipularis
640 2493 677 2557 et
692 2508 757 2577 per
772 2492 924 2577 quatuor
950 2486 1088 2576 ierugas
1106 2485 1282 2576 canapalis
1299 2487 1562 2577 praepositurae
1588 2487 1784 2560 Kelcziensi

232 2611 268 2679 et
293 2627 356 2697 per
381 2607 581 2679 cmethones
607 2608 746 2680 ducitur
775 2608 928 2698 propriis
954 2608 1114 2679 curribus
1140 2607 1176 2677 in
1202 2608 1367 2679 horreum
1392 2628 1415 2678 a
1439 2610 1639 2698 praeposito
1665 2609 1784 2681 locau-

233 2727 333 2816 dum,
365 2732 402 2798 et
427 2727 525 2798 valor
559 2729 764 2800 aestimatur
790 2729 865 2799 eins
900 2728 947 2799 ad
973 2733 1123 2819 quatuor
1148 2748 1303 2818 marcas,
1338 2728 1524 2819 aliquando
1560 2729 1606 2800 ad
1632 2730 1784 2821 quinque

231 2853 293 2918 aut
318 2867 389 2918 sen
428 2847 516 2919 Item
543 2869 613 2919 non
639 2853 720 2920 sunt
746 2850 931 2940 tabernae,
957 2870 1028 2923 non
1055 2854 1136 2920 sunt
1160 2848 1398 2940 hortulaniae,
1434 2850 1518 2921 item
1544 2870 1615 2923 non
1640 2857 1697 2923 est
1719 2851 1785 2922 ali·

233 2967 326 3058 quod
351 2967 542 3058 praedium

334 3087 585 3180 SzurnnnnA,
612 3089 696 3163 villa
712 3091 777 3163 sub
794 3091 960 3183 parochia
985 3090 1149 3169 ecclcsiae
1176 3089 1219 3160 de
1238 3089 1444 3161 Tarszeh
1470 3090 1555 3181 sita,
1583 3092 1681 3163 cuins
1702 3112 1784 3182 pro·

230 3208 361 3298 prietas
395 3209 441 3279 ed
466 3208 730 3283 cracoviensem
765 3212 964 3303 episcopum
998 3211 1169 3302 pertinet,
1204 3211 1240 3281 in
1267 3190 1445 3300 qua'snnt
1475 3209 1655 3283 duodecim
1690 3213 1783 3284 lanei

232 3329 483 3419 cmethonaleS,
508 3332 593 3403 item
619 3353 709 3404 unus
735 3333 855 3405 laneus
881 3332 1089 3406 tredecimus
1116 3330 1288 3423 quondam
1314 3331 1552 3422 cmethonalis,
1566 3354 1669 3435 nunc
1694 3332 1784 3406 scol-

232 3449 373 3540 tetialis,
400 3451 484 3522 item
509 3473 580 3522 una
605 3454 753 3524 taberna
778 3455 914 3526 habens
936 3475 1050 3545 agros»,
1078 3453 1265 3543 dequibus
1292 3454 1450 3549 omuibus
1475 3452 1625 3526 solvitur
1650 3452 1786 3527 decima

233 3571 496 3661 manipularis,
513 3573 575 3645 sed
601 3594 692 3646 anno
728 3575 885 3664 quolibet
919 3576 994 3647 eius
1020 3574 1148 3647 solutio
1184 3572 1456 3663 diversificatur,
1491 3595 1570 3644 uam
1600 3573 1646 3645 de
1671 3575 1785 3665 primo

232 3712 353 3782 campo
378 3693 483 3764 datur
509 3695 709 3784 praeposito
735 3695 944 3786 Kelcziensi,
971 3703 1008 3767 et
1025 3695 1157 3767 ducunt
1183 3715 1258 3765 eam
1285 3693 1484 3765 cmethoues
1510 3695 1546 3764 in
1571 3694 1736 3767 horreum
1762 3717 1786 3768 a

234 3813 432 3903 praeposito
459 3813 655 3903 locandum,
682 3821 719 3888 et
736 3816 835 3888 valor
860 3816 1065 3889 aestimatur
1091 3816 1180 3904 eius,
1208 3814 1289 3886 dum
1306 3813 1481 3905 hyemalia
1505 3815 1715 3903 proveniunt
1740 3817 1787 3889 ad

233 3952 294 4004 sex
311 3953 456 4024 marcas,
474 3933 556 4006 dum
576 3956 659 4008 vero
677 3937 875 4027 aestivalia,
901 3937 947 4009 ad
964 3945 1115 4027 quatuor
1132 3955 1287 4023 mareas;
1313 3935 1398 4006 item
1424 3934 1468 4006 de
1486 3934 1636 4007 secundo
1661 3956 1785 4031 campo

231 4052 337 4124 datur
366 4054 584 4144 praebendae
611 4054 827 4148 Kyelcziensi
854 4057 1183 4150 Schyradowskiey3
1219 4057 1303 4126 item
1330 4053 1374 4127 de
1399 4056 1506 4128 tertio
1533 4076 1652 4146 campo
1679 4056 1784 4131 datur

230 4172 395 4245 ecclesiae
428 4176 665 4266 parochiali
655 4199 691 4248 m
718 4177 930 4250 Dambno
969 4179 1057 4250 Item
1093 4182 1149 4248 est
1183 4177 1233 4247 ibi
1258 4175 1378 4247 laneus
1413 4176 1712 4267 quartusdecimus
1737 4180 1784 4252 ad

231 4293 452 4384 plebanum'
441 4318 478 4367 m
505 4296 767 4370 Bodzaczin
793 4298 985 4390 pertinens,
1015 4300 1105 4371 liber
1130 4296 1320 4385 adecima;
1345 4296 1431 4368 item
1448 4318 1516 4369 non
1534 4303 1590 4370 est
1615 4297 1665 4371 ibi
1681 4320 1784 4453 prae·

231 4414 326 4486 dium
353 4436 465 4507 neque
490 4417 733 4490 molendinum.

185 4599 194 4613 .
333 4536 503 4633 Rznnrn,
530 4539 629 4629 villa,
655 4540 754 4612 cuius
770 4541 940 4613 medietas
965 4545 1031 4615 sub
1048 4541 1217 4633 parochia
1233 4539 1399 4611 ecclesiae
1425 4537 1468 4610 de
1486 4538 1681 4614 Paulow
1705 4545 1784 4637 sita
1836 4528 1844 4545 ⁸

231 4664 267 4729 et
292 4658 459 4731 medietas
494 4661 559 4733 sub
585 4661 751 4751 parochia
775 4661 820 4733 de
846 4660 1223 4755 Swyathamarza
1256 4661 1324 4731 sita
1349 4665 1423 4750 est,
1458 4658 1557 4733 cuins
1583 4665 1782 4753 proprietas

231 4785 269 4851 et
286 4779 474 4852 dominium
501 4780 546 4853 ad
563 4782 811 4855 monasterium
837 4783 935 4854 etad
952 4785 1113 4858 abbatem
1139 4789 1245 4874 atque
1263 4785 1469 4853 conventum
1496 4779 1644 4855 Sanctae
1662 4783 1784 4860 Crucis

233 4898 329 4972 cdvi
355 4900 489 4974 Montis
515 4903 688 4994 pertinet,
723 4903 760 4976 in
787 4925 855 4996 qua
881 4911 963 4976 sunt
988 4904 1155 4977 tredecim
1181 4904 1273 4976 lanei
1299 4903 1551 4993 cmethonales,
1586 4904 1630 4976 de
1657 4895 1783 4998 quibus

231 5022 391 5095 omnibus
417 5023 565 5096 solvitur
590 5024 725 5097 decima
749 5025 976 5117 manipularis
1001 5033 1050 5099 et
1060 5048 1124 5117 per
1147 5032 1297 5118 quatuor
1323 5026 1463 5116 iemgaa
1479 5027 1656 5118 canapalis
1682 5050 1784 5120 prae·

231 5142 409 5233 positurae
442 5144 655 5237 Keloziensi,
691 5152 728 5219 et
753 5146 884 5220 ducunt
918 5152 993 5219 eam
1026 5148 1224 5221 cmethones
1257 5149 1295 5220 in
1329 5148 1495 5221 borreum
1528 5169 1551 5219 a
1584 5151 1783 5242 praeposito

230 5262 426 5354 locandum,
444 5266 543 5338 cuius
556 5267 656 5340 valor
669 5269 874 5341 aestimatam
890 5268 935 5341 ad
948 5268 1142 5360 duodecim,
1160 5268 1345 5361 aliquando
1364 5268 1410 5342 ad
1423 5270 1618 5361 quindecim
1631 5292 1783 5361 mareas;

231 5382 315 5461 item
342 5390 493 5484 quatuor
510 5388 679 5469 taberm
695 5388 865 5469 habentes
891 5410 1006 5490 agros,
1032 5389 1218 5487 dequibus
1243 5391 1391 5470 solvitur
1406 5391 1541 5472 decima
1557 5391 1783 5492 manipularis
