4050 6054
1698 473 1768 541 173

228 695 328 764 1616,
354 676 531 765 resignata
556 682 593 746 et
618 675 813 777 reformata.
840 675 888 745 Et
914 676 995 746 licet
1022 674 1187 745 Albertus
1214 674 1459 762 Noszdrak,
1485 674 1619 764 dapifer
1646 674 1772 748 craco-

124 793 128 801 ’
228 795 356 866 1166616
379 815 481 866 anno
516 795 655 866 Domini
694 797 801 865 1314.
837 815 1014 882 asserens,
1042 794 1168 865 dictam
1204 795 1317 865 villam
1336 794 1390 864 ad
1418 815 1515 864 suum
1543 794 1772 885 dapiferatum

229 914 491 986 cracoviensem
517 915 702 1004 pertinere,
729 915 814 986 item
841 914 1032 985 Stanislaus
1060 921 1095 984 61
1121 914 1330 985 Laurentius
1355 913 1483 985 fratres
1510 914 1553 986 de
1579 915 1773 1006 Lybyer·

229 1036 359 1124 thou,
384 1040 529 1126 nepotes
554 1036 711 1124 germani
737 1034 885 1124 praefati
912 1034 1092 1105 Laurentii
1120 1035 1255 1106 comitis
1280 1035 1327 1107 de
1342 1034 1499 1124 Bawol,
1527 1055 1618 1107 anno
1635 1036 1774 1108 Domini
1870 1127 1872 1130 y

233 1157 340 1227 1322.
367 1160 580 1245 6666161166,
607 1156 735 1226 dictam
762 1155 879 1226 villam
906 1155 950 1226 ad
977 1175 1015 1225 se
1041 1152 1272 1226 haereditarie
1298 1155 1483 1244 pertinere,
1511 1155 1662 1244 capitulo
1690 1155 1773 1228 Gra-

234 1276 385 1348 coviensi
411 1276 447 1346 in
474 1276 600 1348 iudicio
627 1277 786 1347 terrestri
810 1276 908 1347 litem
934 1268 1131 1364 movissent,
1159 1274 1203 1346 ad
1220 1276 1451 1347 conscientiae
1475 1281 1590 1346 tamen
1609 1297 1693 1347 6666
1711 1297 1774 1368 pu-

230 1397 370 1467 ritatem
405 1396 540 1467 reducti
575 1396 732 1485 ipsimet,
759 1396 826 1467 sibi
862 1414 978 1467 coram
1013 1395 1139 1467 iudicio
1176 1395 1336 1466 terrestri
1368 1402 1573 1485 perpetuum
1600 1396 1774 1469 silentium

231 1517 481 1606 imposuerunt,
509 1516 551 1587 de
578 1537 646 1606 quo
673 1516 817 1587 66616616
843 1515 1080 1587 cracoviensis
1107 1515 1143 1586 in
1171 1536 1247 1586 suo·
1261 1516 1395 1587 aerario
1423 1517 1558 1587 obtinet
1584 1516 1679 1588 61616
1705 1518 1775 1607 pri·

185 1623 186 1632 ¹
230 1637 356 1726 vilegia
382 1642 418 1708 et
436 1637 656 1708 munimenta.
683 1637 725 1708 ln
742 1657 906 1726 processu
923 1642 1039 1707 661616
1058 1636 1201 1725 dierum,
1219 1657 1309 1707 anno
1327 1632 1489 1707 videlicet
1505 1636 1645 1708 Domini
1667 1638 1774 1727 1335,

230 1758 349 1829 161116Ι
364 1757 525 1828 calendas
543 1756 674 1845 Martii,
693 1756 840 1828 cnsim
851 1757 946 1827 irus
968 1754 1144 1827 Secundus
1162 1754 1326 1827 Poloniae
1344 1776 1416 1846 rex,
1434 1757 1469 1828 in
1487 1757 1658 1829 locatione
1675 1778 1776 1847 prae·
1826 1813 1833 1821 ,
1910 1833 1919 1841 ,

135 1852 147 1876 ⁰
231 1878 323 1948 latae
350 1877 453 1948 villae
480 1876 642 1965 Bavvol,
671 1877 713 1948 de
740 1897 908 1948 consensu
935 1875 1077 1965 capituli
1096 1874 1334 1948 cracoviensis
1361 1877 1524 1968 oppidum
1552 1876 1775 1950 casimirz

232 2019 331 2069 muro
362 1996 593 2087 pulcherrimo
620 1996 707 2067 illud
734 1996 883 2086 cingens,
909 1995 1066 2067 fundavit
1092 2000 1129 2067 et
1154 1996 1275 2085 erexit,
1303 1997 1394 2087 quod
1421 2003 1457 2067 et
1484 1997 1598 2069 studio
1624 1999 1778 2087 generali

231 2119 302 2189 illic
327 2116 502 2188 fundando
529 2116 712 2187 nobilitare
739 2116 950 2205 decreverat,
977 2116 1157 2206 locumque
1183 2137 1247 2206 pro
1274 2117 1427 2206 collegiis
1453 2118 1562 2188 muris
1586 2117 1776 2190 fabricave-

230 2244 296 2326 rat,
323 2243 359 2307 et
385 2257 439 2307 ne
455 2235 606 2325 capitulo
634 2234 851 2306 cracoviensi
878 2235 914 2304 in
937 2219 1057 2325 'aliquo
1074 2236 1222 2307 iniurius
1240 2235 1427 2325 videretur,
1446 2237 1605 2308 66666166
1623 2244 1660 2309 61
1678 2238 1775 2328 oppi-
1894 2232 1897 2242 “

232 2358 340 2429 danos
358 2356 471 2427 dictae
498 2355 650 2427 civitatis
676 2354 899 2426 Casimirz
927 2354 972 2425 ad
998 2355 1200 2427 solvendum
1227 2355 1370 2445 singulis
1397 2357 1496 2427 annis
1527 2357 1775 2448 (1666661666-

233 2499 295 2548 nas
322 2478 471 2548 latorum
496 2496 696 2566 grossorum
723 2474 958 2565 Propensinm,
985 2496 1049 2565 pro
1077 2476 1226 2565 capitulo
1245 2481 1281 2546 et
1299 2466 1443 2547 ecclesia
1461 2476 1680 2548 cracoviensi
1699 2497 1777 2567 per-

231 2598 345 2687 petuis
371 2596 584 2686 temporibus
610 2595 646 2666 iu
673 2595 943 2668 vicissitudinem
971 2602 1007 2666 et
1033 2615 1290 2686 recompensam
1317 2596 1493 2686 praefatae
1511 2597 1613 2669 villae
1632 2597 1777 2669 Bavvol

232 2718 416 2807 obligavit,
443 2698 528 2806 quas
554 2716 639 2788 dicti
666 2716 823 2788 consules
850 2721 886 2786 et
912 2717 1075 2807 oppidani
1102 2715 1362 2788 casimirienses
1389 2718 1488 2788 annis
1515 2718 1659 2807 siugulis
1686 2718 1778 2807 eapi-

222 2837 303 2908 tulo
330 2842 367 2908 et
391 2836 555 2908 ecclesiae
591 2835 811 2908 cracoviensi
847 2836 1049 2908 obedienter
1074 2856 1138 2925 per
1164 2842 1302 2909 centum
1328 2844 1365 2909 61
1391 2838 1537 2927 amplius
1564 2857 1673 2916 annos
1699 2859 1778 2928 per·

232 2957 379 3029 solvunt.

333 3076 428 3148 Villa
453 3059 752 3166 Swvanruvvnv,
779 3077 922 3168 capituli
954 3076 1191 3150 cracoviensis
1219 3083 1335 3168 empta
1361 3097 1424 3169 pro
1451 3079 1576 3151 marcis
1595 3133 1778 3150 ......

232 3217 323 3269 6116
349 3197 489 3268 Domini
521 3201 565 3268 14
595 3251 602 3266 .
627 3251 634 3266 .
662 3217 738 3268 6661
764 3197 941 3270 additione
967 3198 1070 3269 villae
1088 3197 1201 3270 dictae
1228 3197 1429 3289 Borkow,
1457 3220 1545 3288 quae
1562 3200 1653 3271 iacet
1669 3219 1778 3290 prope

133 3371 136 3374 -
231 3317 454 3408 Sanyecz,
481 3339 569 3409 quae
604 3317 688 3388 villa
722 3317 1097 3410 Szvpantbnyky
1130 3323 1186 3390 est
1210 3319 1279 3390 sita
1304 3319 1340 3388 in
1367 3319 1535 3390 distantia
1561 3319 1665 3390 medii
1687 3319 1777 3389 mili-

231 3438 302 3510 aris
328 3458 351 3509 6
376 3436 695 3532 Pabyanycze,
723 3439 787 3509 sub
823 3438 989 3527 parochia
1024 3435 1187 3510 corka.
1222 3437 1264 3508 Iu
1291 3459 1359 3530 qua
1386 3443 1467 3509 sunt
1488 3437 1658 3509 >tredecim
1684 3439 1776 3509 lanei

232 3557 473 3648 emetbonales,
501 3557 647 3647 quilibet
674 3556 717 3628 de
743 3557 843 3628 laneo
869 3563 943 3627 tres
969 3556 1123 3629 fertones
1149 3557 1261 3629 minus
1288 3578 1357 3628 uuo
1383 3569 1505 3647 grosso
1533 3557 1649 3646 solvit,
1675 3577 1777 3646 capo·

140 3677 144 3685 '
232 3698 293 3748 nes
319 3677 409 3761 dnos
433 3684 470 3768 61
495 3694 702 3766 sexagenam
729 3697 882 3767 ovorum,
909 3676 1013 3747 solvit
1040 3675 1186 3766 quilibet
1212 3681 1362 3767 quatuor
1380 3677 1505 3766 choros
1524 3676 1681 3766 siliginis,
1698 3695 1778 3747 ave-

232 3816 297 3867 nae
329 3796 434 3867 etiam
469 3803 636 3886 quatuor,
664 3816 746 3866 666
760 3795 890 3866 babent
917 3794 991 3866 dies
1018 3795 1217 3884 designatos
1243 3815 1307 3884 pro
1334 3794 1529 3885 laboribus,
1555 3795 1617 3866 sed
1644 3795 1779 3886 quoties
1868 3794 1871 3802 '

231 3920 268 3987 61
294 3914 431 4006 quando
458 3915 509 3986 eis
535 3901 729 3986 mandatur.
755 3913 822 3986 Est
847 3934 917 3986 666
943 3914 1098 4002 taberna,
1126 3912 1274 3985 mediam
1301 3934 1451 3985 marcam
1478 3914 1590 4004 solvit,
1618 3918 1653 3985 61
1670 3935 1776 3986 66611

232 4055 414 4125 caponem,
440 4036 524 4106 item
551 4040 624 4107 tres
650 4013 835 4125 bcrtulani,
862 4034 1009 4126 quilibet
1034 4034 1172 4127 illorum
1199 4034 1303 4106 solvit
1329 4041 1407 4106 octo
1432 4055 1592 4124 grossm,
1619 4035 1780 4108 laborare

232 4161 396 4229 tenentur
421 4156 512 4228 sicut
538 4161 574 4226 et
601 4156 823 4246 cmethones,
838 4155 930 4244 itam
958 4155 1054 4228 curia
1080 4160 1135 4227 est
1161 4155 1266 4227 etiam
1294 4155 1495 4247 capitularis
1524 4175 1600 4227 cum
1626 4155 1781 4247 praedio,

233 4296 322 4369 quae
356 4276 464 4349 habet
497 4280 613 4351 certos
648 4296 751 4367 agros
787 4276 831 4347 ad
863 4277 1093 4367 quantitatem
1130 4282 1280 4366 quatuor
1305 4276 1495 4349 laneorum.
1530 4275 1648 4350 Habet
1674 4277 1778 4349 etiam

232 4396 413 4489 praedicta
446 4396 530 4468 villa
555 4396 803 4486 molendinum,
831 4397 922 4490 quod
947 4418 1011 4488 pro
1039 4417 1153 4469 annuo
1181 4416 1285 4469 censu
1312 4397 1418 4469 solvit
1443 4402 1517 4469 tres
1543 4416 1677 4469 marcas
1705 4416 1780 4468 cnm
1903 4407 1908 4410 ’

232 4517 377 4607 1611666,
404 4517 488 4588 11616
514 4522 654 4590 tenetur
679 4524 800 4590 vetera
826 4516 984 4590 aedificia
1008 4518 1044 4589 in
1072 4518 1169 4590 curia
1195 4516 1404 4606 reformare3
1434 4519 1518 4589 item
1553 4517 1674 4592 eadem
1697 4517 1781 4588 villa

139 4715 143 4719 ,
232 4638 340 4710 babet
374 4638 515 4710 borram
548 4638 675 4709 bonam
702 4637 747 4708 ad
773 4638 1024 4729 longitudinem
1051 4643 1201 4728 quatuor
1227 4643 1289 4710 aut
1315 4658 1376 4710 6611
1403 4637 1604 4727 stadiorum,
1631 4635 1675 4709 ad
1702 4636 1780 4707 lati-

234 4757 390 4831 tudinem
416 4763 532 4830 antem
558 4757 642 4829 alibi
669 4756 714 4828 ad
738 4757 817 4848 duo,
844 4759 928 4832 alibi
956 4758 1000 4830 ad
1025 4759 1097 4831 tria
1115 4811 1755 4829 ...................

337 4876 498 4951 condunt
529 4882 645 4950 antem
671 4878 755 4951 villa
780 4879 866 4950 11666
892 4899 969 4951 6611
995 4879 1087 4951 villis
1113 4879 1297 4969 nobilium,
1323 4884 1360 4951 et
1385 4880 1498 4969 primo
1524 4899 1601 4951 cnm
1629 4876 1783 4950 Gorka

233 4998 400 5071 nobilium
435 5003 472 5070 61
498 4998 659 5089 capituli,
686 5002 824 5071 etcum
851 5000 933 5071 villa
959 5000 1194 5089 Borzowo,
1222 5006 1259 5071 et
1285 5019 1360 5070 6616
1387 5000 1472 5072 villa
1496 4997 1656 5071 <iamin
1682 4999 1781 5073 uobi-
1915 5096 1917 5098 -

233 5119 327 5209 brun,
354 5123 391 5190 et
417 5138 493 5191 6616
520 5117 603 5189 villa
628 5118 999 5212 Poryssowyczo,
1025 5125 1062 5191 et
1088 5123 1170 5191 sunt
1196 5120 1342 5210 scopuli,
1369 5120 1429 5210 qui
1454 5119 1673 5211 distiugvunt
1698 5121 1780 5191 bae-

118 5310 122 5318 ,
233 5239 421 5328 reditates,
447 5238 553 5311 babet
587 5239 692 5311 etiam
728 5259 805 5312 cum
831 5239 915 5312 villa
941 5237 1107 5311 nobilium
1132 5237 1352 5336 Zabycze,
1378 5240 1438 5311 ubi
1465 5241 1569 5312 611611
1598 5244 1680 5312 sunt
1706 5260 1779 5323 sco-

194 5359 493 5469 puli....s,
510 5412 659 5433 .....
