4050 6054
314 422 386 493 376

313 627 478 698 decimam
513 625 762 715 manipularem
797 625 902 696 solvit
936 624 1088 695 vicariae
1122 624 1225 695 huius
1262 622 1482 714 praebendae
1509 622 1752 715 Dwyehoszka
1776 621 1864 693 villa

312 747 483 834 universa,
511 752 547 816 et
573 745 671 816 valor
697 747 772 816 eius
799 746 1005 816 aestimatur
1023 745 1066 815 ad
1085 751 1158 815 tres
1185 764 1328 815 marcas.
1354 744 1444 816 Item
1469 765 1539 814 non
1566 748 1620 813 est
1646 744 1682 812 in
1701 762 1743 813 ea
1760 762 1862 832 prae-

312 867 415 955 dium,
442 887 511 937 non
537 866 693 952 taberna,
720 887 790 937 non
816 866 1025 936 hortulanis.
1052 866 1142 936 Item
1164 864 1315 936 confimat
1342 886 1419 935 cum
1446 865 1538 935 villis
1565 863 1863 954 Dwyekoszy,

313 986 527 1076 Slupcza,
554 985 862 1077 Sczythnilry,
888 986 972 1057 item
999 984 1065 1056 fuit
1091 986 1141 1056 ibi
1168 985 1340 1076 quondam
1367 986 1504 1056 unicum
1531 990 1568 1055 et
1595 985 1730 1073 insigne
1760 1002 1863 1073 prae-

313 1106 407 1176 dium
434 1106 663 1177 Demetrii
698 1106 797 1195 regni
822 1105 987 1176 Poloniae
1024 1107 1172 1195 primum
1199 1106 1487 1176 vicethesaurarii
1526 1104 1651 1175 deinde
1682 1103 1862 1192 marsalci,

313 1247 355 1297 ex
384 1247 450 1316 quo
478 1246 515 1296 se
541 1226 715 1314 titulabat,
745 1225 836 1316 quod
854 1226 891 1295 in
908 1225 1181 1297 Zawichostensi
1207 1227 1417 1296 monasterio
1445 1225 1538 1314 apud
1555 1223 1683 1295 iratres
1710 1224 1863 1294 minores

312 1346 468 1435 sepultus
494 1347 691 1436 requiescit,
718 1345 780 1415 sed
806 1346 907 1416 huius
935 1345 1068 1435 praedii
1096 1347 1170 1436 agri
1198 1366 1220 1416 a
1245 1344 1380 1415 Visla
1407 1346 1563 1434 absorpti
1591 1349 1680 1433 sunt,
1707 1344 1765 1415 hit
1783 1363 1862 1414 cum

312 1473 386 1536 tres
413 1466 502 1536 filias
530 1466 736 1556 reliquisset,
762 1465 995 1536 haereditates
1024 1487 1106 1536 suae
1134 1466 1317 1556 opulentae
1345 1465 1381 1534 in
1409 1465 1539 1535 alienas
1565 1470 1797 1553 transversae,
1825 1469 1864 1534 et

315 1591 400 1657 natu
426 1586 564 1677 quidem
590 1587 755 1658 maiorem
783 1585 1008 1657 Gatharinam
1033 1587 1157 1657 habuit
1175 1587 1210 1656 in
1230 1585 1388 1675 coniugio
1416 1585 1609 1657 Dobeslaus
1629 1585 1672 1656 de
1692 1583 1865 1677 Syenno,

314 1707 489 1796 palatinus
516 1704 815 1796 SandomiriensiS,
843 1707 989 1787 alteram
1016 1706 1155 1777 Annam
1183 1706 1342 1778 Andreas
1370 1706 1413 1776 de
1440 1706 1703 1797 Thanezyn,
1738 1705 1867 1776 castel-

313 1808 412 1898 lanus
439 1827 700 1917 Woiniciensis,
734 1828 876 1899 tertiam
911 1828 1080 1918 Byeatam
1105 1828 1454 1917 Dobrogostius
1483 1828 1525 1898 de
1552 1826 1863 1916 Schamotuli,

316 1947 524 2020 castellanus
550 1948 804 2020 Posnaniensis

829 2210 1030 2292 Decimae
1064 2211 1358 2315 manipulares.

257 2512 261 2519 ¹
417 2429 666 2521 Braunezow,
692 2431 776 2502 uilla
801 2430 934 2502 habens
961 2432 997 2502 in
1024 2453 1061 2502 se
1089 2432 1270 2502 ecclesiam
1297 2430 1530 2521 parochialem
1556 2436 1736 2520 muratam,
1764 2431 1864 2502 cuius

314 2551 438 2622 haeres
465 2549 736 2622 Stanislaus
763 2550 806 2621 de
833 2552 939 2622 armis
965 2550 1294 2640 Odrowansch,
1327 2553 1363 2622 in
1390 2572 1458 2642 qua
1484 2557 1565 2622 sunt
1591 2551 1682 2621 lanei
1710 2552 1865 2623 cmetho-

315 2671 420 2761 ualcs,
448 2671 491 2743 de
519 2692 665 2762 quorum
690 2672 877 2743 medietate
906 2672 1053 2744 solvitur
1080 2672 1212 2743 decima
1229 2673 1455 2762 manipularis
1473 2680 1509 2742 et
1525 2693 1588 2762 per
1606 2677 1753 2762 quatuor
1770 2672 1865 2744 ieru-

315 2811 377 2879 gas
405 2790 538 2862 decima
564 2791 738 2881 canapalis
765 2792 983 2882 praebendae
1002 2793 1264 2883 Dwyekoszkey
1281 2814 1350 2863 non
1369 2793 1468 2863 annis
1487 2792 1671 2881 continuis
1699 2791 1760 2863 sed
1776 2791 1866 2862 alte-

315 2910 412 3000 ratiS,
439 2911 666 2983 altero·enim
685 2910 728 2983 de
745 2892 943 2984 huiusmodi
967 2913 1154 2984 medietate
1182 2914 1360 2983 laneorum
1386 2913 1534 3002 percipit
1560 2934 1636 2983 eam
1662 2911 1865 3003 praebenda

315 3031 569 3122 Dzywkowska
602 3030 907 3124 Sandomiriensis,
943 3054 1054 3124 neque
1081 3055 1124 3104 ex
1151 3035 1308 3105 omnibus
1344 3032 1544 3123 frumentiS,
1580 3033 1642 3104 sed
1676 3054 1744 3105 uno
1771 3052 1863 3104 anno

315 3151 540 3242 hyemalibus,
568 3152 678 3225 altero
706 3153 941 3245 aestivalibus,
960 3161 996 3226 et
1014 3154 1145 3226 ducunt
1171 3176 1247 3226 eam
1270 3156 1467 3225 cmethones
1485 3156 1522 3224 in
1539 3155 1703 3227 horreum
1721 3175 1744 3224 a
1761 3174 1865 3225 cano-

315 3271 393 3343 nico
429 3272 611 3344 locandum
638 3279 673 3345 et
699 3274 798 3345 valor
824 3275 899 3346 eius
926 3276 1131 3347 aestimatur
1159 3275 1294 3366 quando
1330 3277 1479 3365 percipit
1504 3274 1695 3365 hyemalia,
1732 3274 1776 3345 ad
1803 3295 1865 3345 sex

314 3413 458 3464 marcas.
485 3392 574 3465 ltem
599 3390 777 3487 taberna't,
804 3395 889 3466 item
914 3396 1101 3486 hortulani,
1129 3397 1213 3467 item
1239 3396 1418 3486 praedium
1445 3396 1494 3466 ibi
1519 3395 1687 3484 militare,
1725 3394 1768 3465 de
1795 3415 1864 3484 quo

315 3513 447 3585 decima
473 3515 700 3605 manipularis
727 3514 875 3589 solvitur
901 3517 1065 3588 ecclesiae
1092 3517 1282 3607 parochiali
1309 3518 1345 3588 in
1372 3517 1691 3607 Byalyaczowz

418 3636 616 3727 Souanow,
642 3615 726 3707 villa
744 3637 808 3708 sub
827 3636 992 3728 parochia
1019 3638 1183 3708 eeclesiae
1211 3638 1254 3708 de
1281 3635 1633 3727 Goworzyczou
1660 3637 1738 3727 sita,
1763 3637 1863 3707 cuius

313 3756 437 3828 haeres
454 3756 641 3847 Snusanna,
668 3756 814 3829 Gristini
839 3758 1026 3848 Magero
1054 3758 1138 3847 tilia,
1165 3758 1207 3829 de
1227 3759 1332 3830 armis
1350 3758 1503 3848 Rawa,
1530 3759 1566 3828 in
1585 3779 1653 3849 qua
1671 3762 1752 3829 sunt
1769 3756 1862 3828 lanei

314 3878 558 3968 emethonales,
585 3878 628 3949 de
655 3877 780 3968 quibus
807 3877 955 3950 soluitur
973 3879 1105 3950 decima
1122 3879 1348 3969 manipularis
1375 3878 1593 3969 praebendae
1611 3878 1862 3970 Dwyekoszlra,
1893 3864 1898 3873 ’

313 4019 382 4068 non
409 3999 508 4068 anuis
537 3999 708 4069 continuis
735 3998 796 4069 sed
824 3999 991 4085 alteratis,
1019 4000 1129 4070 altero
1148 4000 1240 4070 enim
1258 4020 1347 4071 anno
1374 4000 1523 4090 percipit
1550 3999 1645 4069 illam
1664 3998 1864 4089 praebenda

314 4116 603 4189 Sandbmiriensis
638 4117 880 4207 Dziwkowska
906 4125 943 4191 et
968 4120 1068 4191 valor
1102 4120 1177 4190 eius
1213 4121 1419 4191 aestimatur
1453 4120 1497 4190 ad
1535 4121 1685 4211 quinque
1720 4138 1864 4209 marcas,

315 4240 489 4329 canapalis
517 4238 663 4311 solvitur
688 4259 752 4330 per
778 4247 929 4331 quatuor
955 4242 1093 4330 ierugas
1112 4247 1148 4312 et
1165 4241 1305 4312 ducitur
1331 4262 1394 4331 per
1421 4243 1619 4312 emethones
1646 4241 1682 4311 in
1701 4241 1863 4312 horreum

314 4381 336 4431 a
363 4362 527 4432 canonico
552 4360 745 4433 locandum.
771 4360 859 4433 Item
878 4362 1054 4453 tabernae,
1081 4362 1165 4433 item
1183 4363 1370 4450 hortulani;
1397 4363 1481 4434 item
1508 4362 1689 4453 praedium
1714 4361 1864 4432 militare

313 4501 384 4552 non
411 4487 465 4552 est
492 4481 633 4571 aliquod
646 4482 695 4551 in
721 4472 842 4553 eadem
868 4482 960 4554 villa.

418 4601 631 4692 Sunonunn,
656 4602 740 4674 villa
759 4604 823 4675 sub
841 4601 1009 4694 parochia
1026 4603 1189 4675 ecclesiae
1217 4603 1260 4674 de
1283 4600 1635 4696 Goworzyczou
1662 4604 1740 4695 sita,
1765 4603 1864 4675 cuius

311 4725 438 4796 haeres
464 4724 586 4795 eadem
613 4723 799 4813 Szusanna,
826 4722 972 4796 Gristini
997 4722 1068 4796 Ma
1075 4745 1186 4816 gero
1213 4724 1300 4814 filia,
1327 4726 1364 4796 in
1391 4747 1459 4816 qua
1486 4731 1568 4798 sunt
1592 4725 1683 4796 lanei
1712 4724 1865 4795 cmetho-

311 4846 425 4936 noles,
452 4845 495 4916 de
523 4846 648 4936 quibus
675 4844 822 4917 solvitur
850 4845 982 4916 decim'a
1007 4845 1233 4936 manipularis
1261 4852 1298 4916 et
1326 4866 1389 4935 per
1419 4853 1569 4937 quatuor
1594 4847 1734 4936 ierugas
1761 4865 1864 4916 cana-

311 4966 400 5056 palis
418 4967 637 5057 praebendae
653 4965 904 5057 Dwyekoszlra,
932 4988 1000 5039 non
1019 4974 1135 5038 tamen
1154 4967 1254 5038 annis
1278 4967 1451 5038 continuis
1478 4967 1540 5038 sed
1558 4967 1726 5057 alteratis,
1753 4965 1865 5037 altero

312 5089 405 5158 enim
431 5108 521 5160 anuo
549 5087 699 5179 percipit
725 5086 819 5157 illam
845 5087 1045 5187 praebenda
1071 5087 1360 5159 Sandomiriensis
1386 5089 1648 5179 szukowska,
1675 5093 1711 5158 et
1733 5087 1866 5157 ducunt

313 5229 389 5280 eam
416 5211 616 5281 emethones
648 5210 682 5279 in
710 5208 874 5279 horreum
901 5230 923 5280 a
949 5209 1113 5280 canonico
1152 5202 1333 5281 locandum
1361 5215 1398 5280 et
1424 5210 1522 5281 valor
1557 5210 1631 5280 eius
1661 5208 1867 5279 aestimatur

312 5330 357 5401 ad
385 5335 459 5401 tres
485 5350 628 5402 mareas.
655 5330 743 5400 Item
770 5330 948 5417 tabernae,
976 5331 1060 5401 item
1087 5330 1315 5420 hortulaniae,
1343 5330 1426 5401 item
1445 5330 1623 5420 praedium
1650 5330 1699 5400 ibi
1726 5329 1868 5403 unicum
1996 5330 2001 5337 ’
