4050 6054
242 430 315 502 462

241 637 398 708 curribus
424 636 461 706 in
487 636 651 706 borreum
678 657 700 706 a
725 636 856 708 vicario
882 637 1064 709 locandum
1096 644 1132 710 et
1158 640 1362 711 aestimatur
1390 641 1488 713 valor
1515 642 1590 712 cius
1618 642 1663 714 ad
1677 643 1791 734 ouin-

239 776 305 845 que
332 775 476 826 marcas.
502 755 591 826 Item
608 756 644 827 in
663 757 784 827 eadem
810 757 893 828 villa
910 779 978 829 non
997 764 1078 829 suut
1103 760 1280 848 tabernae,
1307 780 1419 850 neque
1445 761 1674 834 hortulauIae.
1700 762 1791 834 Item

237 880 292 946 est
318 876 367 947 ibi
392 876 572 966 praedium
598 877 736 951 unicum
762 878 920 971 militare,
951 879 994 950 de
1022 901 1088 974 quo
1107 880 1254 952 solvitur
1272 881 1405 955 decima
1422 882 1587 955 ecclesiae
1605 883 1642 954 in
1659 883 1785 976 Kyge

716 1147 959 1228 Praebenda
993 1147 1324 1254 Schewyenska.

341 1365 499 1438 Secunda
524 1366 737 1440 Keleziensis
764 1369 928 1440 ecclesiae
955 1369 1154 1458 praebenda
1179 1375 1324 1440 vocatur
1355 1369 1701 1461 Schewyenska
1735 1390 1789 1462 eo,

240 1487 332 1577 quod
358 1488 401 1559 de
427 1489 629 1559 introitibus
656 1495 693 1560 et
719 1489 860 1560 decimis
887 1490 1051 1561 ecclesiae
1078 1491 1285 1579 parochialis
1313 1491 1415 1560 villae
1442 1491 1596 1581 episcopi
1622 1489 1790 1564 0111111-

239 1608 331 1679 ensis
358 1609 576 1681 Schewna
601 1610 745 1681 fundata
762 1617 798 1681 et
817 1611 936 1682 dotata
962 1617 1025 1700 est,
1052 1612 1088 1682 in
1115 1612 1213 1682 cuius
1241 1612 1449 1682 evidentiam
1476 1618 1512 1682 et
1530 1613 1666 1702 signum
1684 1632 1790 1686 cano-

238 1728 336 1800 nicus
362 1729 574 1801 Keleziensis
610 1732 827 1820 praebendae
854 1731 1031 1822 praefatae
1065 1732 1172 1802 habet
1206 1733 1300 1803 solus
1334 1733 1595 1822 iuspatronatus
1622 1739 1659 1804 et
1683 1754 1789 1824 prae·

238 1851 398 1921 sentandi
434 1851 598 1922 ecclesiae
633 1852 833 1940 praedictae
867 1853 905 1922 in
931 1851 1167 1940 Schewna3
1203 1873 1279 1922 eam
1305 1873 1396 1924 nunc
1422 1853 1556 1924 obtinet
1591 1852 1790 1927 Stauialaus

238 1967 422 2061 Gzayka
453 1971 496 2042 de
523 1970 796 2062 Nowidwor,
832 1972 959 2044 nobilis
986 1972 1028 2044 de
1056 1973 1156 2043 domo
1193 1973 1412 2062 Dambno,
1449 1973 1546 2045 cuius
1573 1972 1723 2069 decimas
1749 1982 1789 2048 et

238 2095 428 2179 proventus
455 2091 652 2164 describere
679 2114 870 2184 pergemus.

339 2212 535 2303 Scnnwnn,
563 2214 653 2305 villa,
674 2215 807 2286 habens
825 2215 861 2285 in
880 2235 917 2286 se
944 2214 1177 2305 parochialem
1205 2214 1385 2285 ecclesiam
1412 2215 1563 2304 ligneam
1588 2214 1622 2287 S.
1640 2215 1789 2308 Nicolai,

237 2335 335 2406 cuius
361 2335 559 2425 proprietas
587 2341 623 2406 et
650 2335 839 2406 dominium
866 2336 910 2405 ad
937 2336 1135 2428 episcopum
1153 2334 1417 2406 Gracoviensem
1443 2356 1506 2425 pro
1533 2341 1689 2427 tempore
1706 2357 1789 2428 per·

234 2455 333 2545 tinet,
360 2456 396 2526 in
424 2477 492 2546 qua
519 2437 601 2527 sunt
628 2456 808 2528 duodecim
835 2457 926 2527 lanei
953 2456 1202 2546 cmethonales,
1230 2456 1272 2527 de
1300 2457 1424 2546 quibus
1451 2457 1609 2528 omnibus
1637 2457 1789 2531 soletur

235 2575 367 2648 decima
393 2576 617 2667 manipularis
645 2583 681 2648 et
706 2596 770 2668 per
796 2582 944 2667 quatuor
970 2576 1109 2668 ierugas
1136 2577 1312 2668 canapalis
1338 2578 1555 2667 praebendae
1582 2578 1789 2670 8111111111-

236 2698 336 2789 skcy,
364 2701 400 2768 11
426 2698 556 2769 ducunt
592 2719 668 2770 eam
704 2699 902 2770 cmetbones
938 2699 1089 2789 propriis
1126 2699 1283 2769 curribus
1318 2698 1354 2768 in
1382 2699 1545 2769 horreum
1572 2718 1594 2769 a
1619 2701 1788 2773 canonico

236 2817 427 2908 locandum,
455 2825 491 2890 et
517 2819 615 2891 valor
642 2820 716 2891 eius
743 2821 949 2891 aestimatur
975 2819 1019 2890 ad
1038 2820 1233 2909 quindecim
1259 2838 1403 2890 marcas.
1429 2818 1517 2889 Item
1544 2820 1636 2890 inter
1661 2819 1786 2894 laneos

235 2940 470 3012 cmethouales
489 2948 544 3012 est
561 2962 648 3013 unus
675 2941 796 3012 laneus
828 2941 1068 3030 duodecimus,
1105 2941 1201 3010 cuins
1229 2940 1310 3011 olim
1346 2940 1421 3031 agri
1448 2946 1549 3010 erant
1575 2940 1787 3033 plebanatus,

235 3062 294 3153 qui
321 3062 437 3134 omnia
463 3062 542 3133 iura
568 3061 672 3133 solvit
697 3062 916 3153 praebendae
943 3061 1217 3152 Schewyenskey
1244 3065 1280 3132 et
1306 3062 1381 3132 eius
1409 3050 1593 3151 canonico,
1619 3061 1786 3135 videlicet

234 3181 319 3254 duas
355 3203 489 3254 marcas
516 3184 621 3261 annui
648 3204 771 3255 census
798 3204 862 3273 pro
888 3182 978 3254 festo
1014 3182 1046 3253 S.
1074 3181 1237 3271 Martini;
1273 3204 1343 3254 non
1374 3182 1457 3254 facit
1492 3188 1609 3253 autem
1643 3182 1785 3257 labores

234 3304 387 3395 aliquos,
423 3305 505 3375 item
532 3327 601 3376 non
628 3305 732 3375 solvit
757 3304 886 3395 gallos,
922 3324 1033 3395 neque
1061 3323 1224 3392 avenam,
1260 3324 1371 3393 neque
1399 3324 1535 3393 caseos,
1571 3323 1683 3394 neque
1709 3324 1787 3377 ova

164 3404 170 3415 ’
232 3425 322 3496 Item
349 3431 403 3496 est
430 3426 479 3497 ibi
504 3425 704 3497 hortulanis
730 3446 750 3496 1
777 3425 921 3514 regione
956 3423 1074 3496 curiae
1110 3423 1337 3514 episcopalis,
1373 3425 1505 3495 habens
1541 3425 1785 3497 tantummodo

232 3547 382 3636 hortum,
409 3547 586 3637 pertinens
613 3545 657 3617 ad
684 3545 916 3637 praebendam
937 3544 1176 3616 Keleziensem
1203 3565 1279 3615 cum
1297 3544 1391 3616 omni
1408 3546 1493 3633 inre,
1521 3545 1659 3616 solvens
1676 3566 1785 3617 unum

231 3665 400 3740 fertonem
427 3689 491 3757 pro
519 3688 641 3757 censu,
669 3671 705 3738 et
731 3688 836 3737 uuum
864 3666 955 3737 diem
991 3667 1027 3737 in
1055 3666 1249 3756 septimana
1283 3664 1445 3755 pedester
1481 3665 1663 3754 laborans3
1698 3667 1786 3738 item

233 3795 315 3860 suut
342 3791 376 3859 in
404 3789 524 3861 eadem
551 3788 636 3860 villa
661 3789 827 3859 tabernae
855 3792 1003 3878 quatuor
1025 3786 1249 3877 episcopales,
1276 3786 1445 3858 habentes
1464 3806 1577 3876 agros,
1596 3784 1785 3877 dequibus

231 3909 371 3981 solvunt
397 3909 563 3981 decimam
588 3909 838 3998 manipularem
867 3908 1084 3979 canonicatui
1102 3906 1307 3995 Keleziensi,
1333 3907 1418 3977 Item
1444 3906 1666 3978 hortulanirce
1693 3905 1785 3979 duae

230 4030 399 4102 habentes
426 4050 548 4120 agros,
584 4029 627 4101 de
654 4030 778 4120 quibus
805 4029 944 4102 solvunt
971 4029 1137 4101 decimam
1164 4029 1413 4118 manipularem
1449 4026 1672 4099 canonicatui
1697 4026 1783 4099 Kel-

232 4151 370 4240 cziensi;
397 4151 480 4222 item
499 4156 553 4222 est
569 4150 749 4242 praedium
776 4151 916 4221 unicum
943 4151 1147 4242 episcopale,
1174 4150 1217 4221 de
1236 4149 1333 4220 cuius
1360 4148 1455 4240 agris
1482 4148 1631 4219 solvitur
1649 4134 1784 4229 decima

122 4294 125 4303 ·
231 4273 457 4364 manipularis
485 4272 651 4344 ecclesiae
677 4272 868 4362 parochiali
896 4272 931 4342 in
958 4271 1186 4343 Schewna.

335 4393 652 4483 Suarczowuczn,
689 4393 772 4464 villa
799 4394 863 4466 sub
890 4393 1057 4484 parocbia
1082 4391 1249 4463 ecclesiae
1276 4390 1319 4461 de
1346 4388 1534 4461 Maniua
1561 4391 1648 4495 sita,
1684 4391 1784 4465 cuius

233 4517 430 4609 proprietas
457 4521 494 4587 et
520 4514 711 4586 dominium
738 4514 784 4587 ad
810 4515 1046 4605 episcopatum
1064 4514 1321 4585 Lubuczensem
1348 4512 1512 4602 pertinet,
1539 4512 1575 4581 in
1603 4518 1785 4603 quaeunt

231 4643 310 4709 octo
336 4637 429 4708 lanei
455 4636 700 4725 cmcthonales,
727 4634 770 4707 de
798 4636 922 4726 quibus
950 4635 1097 4706 solvitur
1124 4633 1257 4705 decima
1282 4631 1510 4723 manipularis
1537 4637 1574 4703 et
1607 4652 1672 4722 per
1697 4652 1784 4724 qua·

229 4765 312 4832 tuor
339 4760 477 4848 ierugas
503 4757 679 4849 canapalis
706 4756 926 4846 praebendae
953 4755 1228 4847 Schewyenskey
1263 4759 1300 4825 et
1326 4774 1389 4844 per
1416 4755 1617 4825 emetbones
1644 4752 1785 4829 ducitur

229 4880 382 4973 propriis
410 4879 569 4951 curribus
597 4879 633 4949 in
659 4879 824 4979 ¹horreum
850 4898 872 4948 a
899 4877 1062 4949 canonico
1089 4875 1291 4965 locandum,
1327 4875 1424 4946 cuius
1451 4874 1549 4946 valor
1575 4875 1784 4953 aestimatur

230 5003 275 5075 ad
298 5001 419 5074 decem
446 5019 590 5071 marcas.
634 4999 817 5092 Perccptio
854 5004 969 5070 autem
1005 4997 1158 5069 decimae
1196 4996 1374 5087 praefatae
1410 4995 1585 5067 interdum
1611 4996 1781 5087 vmiatur3

229 5128 313 5197 sunt
339 5122 430 5194 enim
456 5123 493 5194 in
520 5121 604 5192 villa
630 5119 786 5210 praefata
813 5118 921 5211 aliqui
948 5119 1069 5210 campi,
1098 5120 1157 5209 qui
1172 5119 1339 5191 decimam
1365 5118 1616 5210 manipularem
1642 5117 1786 5193 solvunt

229 5244 393 5318 ecclesiae
418 5244 455 5315 in
480 5241 669 5314 Manina
694 5242 789 5315 ultra
813 5241 966 5330 fluvium3
993 5241 1077 5312 item
1103 5241 1270 5313 tabernae
1297 5262 1366 5313 aon
1392 5244 1475 5312 suut
1501 5239 1559 5337 ibi.
1584 5236 1675 5311 Item
1698 5239 1785 5314 lior-

229 5366 364 5445 tulania
389 5385 460 5438 una
485 5365 617 5437 babens
645 5384 758 5459 agros,
787 5364 979 5463 dequibus
1006 5363 1174 5442 decimam
1199 5363 1348 5458 percipit
1374 5361 1558 5454 aliquando
1586 5361 1785 5455 canonicum,
