4050 6054
240 512 315 585 426

339 719 649 805 Salambonem,
675 718 758 787 uilla
789 718 854 788 sub
880 718 1045 807 parochia
1072 716 1238 789 ecelesiae
1264 718 1308 789 de
1334 716 1550 808 Lubczya
1578 718 1672 806 sita,
1700 718 1798 790 cuius

237 842 358 910 haeres
385 839 549 909 Nicolaus
575 838 722 909 Rosza
749 839 792 908 de
818 839 1281 928 Duorzischowicze,
1307 840 1518 911 castellanus
1535 839 1796 910 Zanichosten-

236 962 293 1047 sis,
319 960 445 1030 nobilis
471 959 515 1028 de
541 959 645 1028 domo
671 958 899 1047 Rosarum,
928 960 964 1028 in
991 980 1059 1049 qua
1085 970 1165 1030 sunt
1183 970 1316 1049 septem
1333 959 1426 1030 lanei
1444 960 1697 1049 emethouales,
1714 960 1797 1030 item

238 1080 328 1149 duae
353 1079 574 1150 hortulaniae
601 1080 768 1149 habentes
795 1100 907 1168 agros,
934 1080 977 1149 de
1004 1080 1128 1170 quibus
1155 1081 1316 1151 omnibus
1347 1080 1496 1151 solsitur
1521 1081 1661 1152 decima
1688 1080 1799 1151 mani-

237 1200 369 1289 pularis
396 1199 613 1289 praebendae
640 1199 837 1269 l'isliciensi
865 1200 1143 1289 ll'iduehouska,
1170 1208 1206 1270 et
1229 1201 1358 1271 ducunt
1377 1201 1471 1271 illam
1489 1202 1699 1272 emetbones
1715 1222 1798 1291 pro·

236 1322 322 1410 priis
357 1321 516 1391 curribus
544 1322 579 1390 in
606 1321 768 1390 horreum
796 1341 817 1389 a
844 1322 1007 1391 canonico
1035 1321 1217 1391 locandum
1244 1331 1279 1391 et
1306 1322 1445 1392 solvunt
1472 1321 1643 1392 decimam
1671 1323 1798 1411 canapi

236 1462 300 1529 per
335 1450 485 1530 quatuor
518 1442 658 1530 ierugas
693 1449 728 1509 et
756 1441 854 1511 valor
879 1442 955 1511 eius
981 1443 1187 1512 aestimatur
1213 1442 1257 1511 ad
1284 1441 1402 1512 decem
1429 1462 1585 1530 mareas3
1611 1443 1702 1513 item
1728 1462 1799 1513 non

236 1568 289 1631 est
317 1563 352 1631 in
379 1562 502 1631 eadem
528 1561 611 1631 villa
637 1563 793 1645 taberna,
819 1583 931 1652 neque
958 1563 1201 1632 molendinum.
1227 1562 1317 1632 Item
1343 1571 1397 1633 est
1423 1564 1459 1633 in
1477 1562 1600 1633 eadem
1620 1562 1712 1635 villa
1728 1584 1801 1633 una

236 1683 474 1753 tantummodo
501 1684 598 1752 curia
624 1682 794 1770 militaris,
820 1684 952 1753 habens
970 1704 1073 1772 agros
1092 1683 1297 1772 praediales,
1324 1684 1367 1753 de
1386 1684 1510 1774 quibus
1528 1684 1669 1754 decima
1686 1685 1802 1755 mani-

237 1803 368 1892 pularis
403 1803 550 1873 soluitur
584 1803 751 1873 ecelesiae
787 1804 977 1892 parochiali
1015 1805 1050 1873 in
1086 1804 1463 1874 Dzielranou·ieze
1489 1826 1602 1894 prope
1628 1804 1682 1871 W
1690 1806 1804 1895 peli-

235 1924 409 2007 calcum,
436 1925 533 1993 cuius
569 1924 667 1994 valor
702 1925 907 1994 aestimatur
941 1925 986 1994 ad
1022 1924 1109 1994 duas
1144 1945 1299 2012 marcas;
1332 1926 1416 1995 item
1442 1924 1562 1995 eadem
1590 1926 1807 2015 praebenda

237 2042 502 2114 ll'iduehouslra
529 2066 597 2114 non
624 2044 729 2114 habel
757 2046 792 2113 in
810 2043 855 2112 h’
866 2045 1028 2114 islicia
1055 2045 1205 2134 aliquam
1223 2046 1362 2115 domum
1380 2066 1444 2135 pro
1461 2047 1515 2115 sui
1533 2046 1807 2117 recollectione.

346 2164 434 2233 Item
472 2165 669 2253 praebenda
705 2163 862 2253 praelata
898 2166 996 2235 iuxta
1032 2175 1151 2235 uetera
1187 2172 1222 2235 et
1259 2187 1349 2236 nora
1384 2176 1543 2255 regestra
1577 2174 1716 2238 taxata
1752 2174 1810 2237 est

236 2284 316 2354 ad.
344 2339 352 2353 .
379 2340 386 2352 .
414 2341 421 2352 .
798 2294 806 2303 '

571 2548 737 2629 Vinaria
772 2549 1047 2630 Praebendao
1080 2548 1449 2655 Wyduchowska.

342 2768 546 2841 Praebenda
582 2770 798 2841 l'islieiensis
833 2769 1102 2841 ll'iduehowska
1136 2770 1243 2841 habet
1268 2771 1466 2861 habereque
1491 2772 1681 2843 consuerit
1711 2772 1811 2845 rica·

234 2892 322 2960 riam
348 2901 549 2980 perpetuam
577 2892 612 2961 in
639 2891 784 2962 ecclesia
812 2892 1018 2978 l'isliciensi‚
1045 2912 1146 2981 quam
1172 2913 1263 2962 nunc
1280 2899 1377 2962 tenet
1394 2890 1573 2962 Jobannes
1591 2890 1808 2985 Grabya,

234 3014 331 3083 cuius
357 3014 542 3083 canonieus
568 3033 633 3101 pro
659 3020 817 3101 tempore
844 3013 966 3082 unicus
992 3018 1045 3081 est
1074 3012 1224 3082 collator
1249 3019 1285 3083 et
1312 3020 1491 3102 patronus
1518 3032 1609 3102 quae
1636 3034 1713 3103 pro
1741 3034 1807 3085 sua

234 3134 448 3222 proprietate
474 3138 509 3203 et
537 3132 618 3202 dote
645 3133 751 3202 habet
779 3132 1001 3203 medietatem
1018 3132 1171 3202 decimae
1189 3134 1224 3202 in
1244 3133 1540 3205 h'iduchona
1564 3140 1602 3204 et
1621 3132 1804 3206 decimam

234 3254 483 3343 manipularem
510 3254 681 3343 integram
709 3253 745 3323 in
772 3252 1146 3323 Podborouicze.

336 3373 608 3462 Wrnccnowar‚
635 3358 718 3443 uilla
745 3373 810 3442 sub
836 3375 1001 3462 parochia
1027 3374 1193 3444 ecclesiae
1221 3373 1264 3443 de
1290 3372 1313 3443 J
1322 3374 1460 3443 anina
1486 3373 1566 3462 sita,
1591 3366 1700 3445 euius
1727 3374 1801 3446 duo
1842 3458 1847 3469 Ι

235 3494 402 3564 haeredes
437 3494 600 3563 uidelicet
626 3493 803 3564 Johannes
829 3494 1080 3581 Naschiam
1107 3494 1232 3564 nobilis
1259 3492 1303 3563 de
1329 3495 1436 3563 armis
1463 3494 1799 3607 BippeQrium

233 3614 365 3685 hahens
393 3614 611 3683 medietatem
640 3614 761 3703 uillae,
788 3615 823 3684 in
851 3636 920 3703 qua
946 3624 1027 3684 sunt
1055 3621 1134 3684 octo
1161 3614 1253 3683 lanei
1280 3613 1533 3701 emethonales‚
1559 3614 1623 3703 qui
1649 3615 1797 3687 solvunt

232 3736 397 3805 decimam
425 3735 675 3823 manipularem
702 3735 921 3824 praebendae
948 3734 1229 3821 Widuchouska,
1254 3741 1295 3803 ut
1321 3735 1357 3802 in
1375 3734 1551 3823 prioribus
1569 3733 1797 3824 scripsimus3

234 3856 325 3926 alter
352 3864 468 3925 autem
494 3856 620 3924 haeres
646 3854 772 3925 Petrus
798 3854 1157 3945 lli-edzigorskn
1184 3854 1310 3924 nobilis
1336 3855 1380 3924 de
1406 3854 1513 3924 armis
1531 3852 1797 3943 Kopasehi·

235 3997 306 4063 na,
332 3976 464 4045 habens
490 3975 636 4044 alteram
662 3974 883 4045 medietatem
911 3976 1023 4063 villae,
1050 3976 1086 4044 in
1114 3996 1181 4065 qua
1208 3983 1290 4045 sunt
1317 3980 1395 4045 octo
1422 3974 1513 4044 lanei
1539 3974 1795 4063 emethouales,

232 4095 276 4164 de
303 4096 427 4184 quibus
455 4094 613 4164 omnibus
640 4095 788 4165 soluitur
813 4095 945 4165 decima
970 4095 1194 4183 manipularis
1222 4095 1371 4164 vicariae
1398 4093 1584 4183 praefatae,
1601 4094 1797 4201 ebducunt

231 4214 327 4285 illam
363 4216 562 4285 emethones
598 4216 634 4284 in
670 4216 833 4286 horreum
869 4215 1047 4285 auieario
1083 4214 1361 4284 constituendum
1388 4222 1425 4284 et
1451 4212 1592 4283 solvunt
1616 4212 1793 4307 decimam

231 4337 354 4425 canapi
381 4358 445 4426 per
470 4341 620 4427 quatuor
646 4337 793 4433 'ierugus
819 4344 855 4406 et
881 4336 978 4405 valor
1005 4336 1209 4405 aestimatur
1234 4336 1309 4406 eius
1336 4335 1380 4405 ad
1407 4340 1484 4404 octo
1510 4354 1660 4404 mareas
1700 4335 1793 4406 Item

231 4457 300 4527 duo
326 4457 470 4546 praedia
496 4457 662 4527 militaria
688 4457 725 4525 in
751 4455 872 4526 eadem
899 4456 982 4526 rilla
1009 4456 1148 4526 solvunt
1166 4455 1334 4526 decimam
1352 4453 1601 4543 manipularem
1618 4454 1795 4526 eeclesiae

233 4578 426 4667 parochiali
453 4580 489 4648 in
515 4577 696 4648 Janina.

335 4698 655 4787 Ponnonowrczn,
682 4697 765 4767 rilla
791 4698 857 4768 sub
874 4698 1040 4786 parochia
1059 4697 1225 4767 ecelesiae
1242 4695 1286 4767 de
1304 4695 1464 4767 Janina
1490 4695 1569 4784 sita,
1586 4694 1690 4767 euius
1707 4695 1795 4769 bae·

231 4840 288 4889 res
314 4874 323 4888 .
349 4875 358 4888 .
385 4875 411 4907 .,
438 4819 565 4891 nobilis
591 4818 636 4889 de
662 4818 769 4888 armis
796 4872 805 4886 .
831 4872 840 4887 .
867 4873 891 4906 .‚
918 4818 953 4886 in
981 4838 1049 4907 qua
1076 4824 1157 4886 sunt
1184 4836 1245 4886 sex
1271 4815 1364 4886 lanei
1381 4814 1629 4904 emethonales,
1646 4815 1694 4887 de
1714 4818 1796 4908 qui·

230 4940 297 5009 bus
332 4941 493 5012 omnibus
528 4940 676 5011 soluitur
709 4937 842 5008 decima
877 4937 1104 5026 manipularis
1140 4937 1292 5007 vicariae
1318 4934 1496 5025 praefatae
1521 4933 1732 5009 Vislieiensi
1759 4944 1796 5009 et

231 5080 296 5148 per
320 5062 520 5131 emethoncs
546 5060 698 5149 pmpriis
725 5058 886 5129 curribus
912 5057 1052 5128 ducitur
1078 5058 1114 5126 in
1140 5057 1305 5127 horreum
1331 5076 1353 5126 a
1378 5056 1509 5126 sicario
1534 5052 1740 5149 locandum,
1757 5068 1799 5131 et

232 5180 371 5250 solvunt
406 5180 573 5250 decimam
608 5180 731 5268 canapi
767 5200 831 5268 per
857 5184 1007 5268 quatuor
1032 5179 1190 5266 ierugas,
1218 5184 1255 5246 et
1281 5176 1380 5247 valor
1405 5177 1480 5246 eius
1506 5175 1724 5249 aestimatum
1751 5180 1799 5251 ad

232 5318 293 5368 sex
319 5320 476 5385 marcas3
501 5301 584 5370 item
611 5322 680 5371 non
707 5306 761 5370 est
787 5300 838 5371 ibi
864 5296 1044 5388 praedium
1071 5297 1232 5383 militare,
1259 5317 1371 5386 neque
1396 5296 1554 5385 taberna,
1570 5316 1692 5387 neque
1711 5300 1801 5373 hor·

233 5416 374 5489 tulania
1551 5442 1554 5449 ·
