4050 6054
412 700 577 782 vicaria
610 700 759 781 decant
794 697 1083 804 ltyelczienaia
1116 697 1208 777 aive
1239 694 1591 777 vicedomnatus.

333 941 530 1012 Decanatus
548 938 785 1031 Kyelcziensis
811 937 918 1010 habet
943 937 1141 1028 habereque
1168 934 1346 1008 consuevit
1372 933 1539 1006 vicariam
1563 934 1781 1024 perpetuam,

232 1062 304 1133 sive
331 1061 611 1132 vicedecanatum
637 1059 673 1129 in
702 1059 847 1130 ecelesIa
871 1057 1083 1148 Kelcziensi,
1121 1076 1222 1147 quarn
1259 1075 1350 1127 nunc
1385 1054 1522 1127 obtiuet
1558 1051 1713 1126 Iacobus
1740 1049 1784 1121 de

231 1181 419 1252 Rudnik
454 1181 650 1271 presbyter,
686 1180 782 1251 auius
809 1179 929 1250 unicus
957 1178 1102 1249 collator
1128 1181 1164 1248 et
1189 1182 1358 1266 patronus
1385 1179 1439 1247 est
1466 1174 1616 1246 decanum
1642 1171 1781 1245 Kelczi·

232 1303 346 1392 ensis,
385 1302 444 1392 qui
485 1301 579 1372 illam
616 1321 658 1371 ex
685 1301 739 1371 sui
765 1299 952 1371 decanatus
988 1299 1215 1388 proventibus
1249 1297 1404 1384 dotavit,
1439 1297 1538 1369 cuius
1568 1290 1784 1385 infrascripti

236 1429 427 1514 proventus
454 1427 596 1493 suntet
623 1420 784 1491 decimae.

191 1564 196 1569 ·
336 1542 507 1632 Morem,
534 1541 617 1614 villa
643 1541 706 1612 sub
732 1541 897 1631 parochia
922 1540 1086 1613 ecclesiae
1113 1539 1350 1632 Kyelcziensis
1377 1540 1479 1630 alta,¹
1499 1538 1597 1610 cuins
1623 1537 1784 1629 proprie·

234 1668 290 1733 tas
318 1667 355 1734 et
380 1662 568 1733 domimum
595 1661 639 1731 ad
666 1660 864 1751 episcopum
882 1660 1144 1732 Graoovicnsem
1171 1660 1332 1752 pertinet,
1360 1660 1397 1731 in
1416 1680 1484 1750 qua
1503 1663 1584 1731 sunt
1602 1657 1672 1730 duo
1689 1657 1786 1730 lanei

214 1783 280 1854 'ad
307 1785 475 1855 vicarium
510 1782 631 1857 decani
658 1802 720 1854 seu
747 1780 1026 1853 vicedecanatum
1061 1782 1293 1872 pertinentes,
1328 1780 1568 1854 cmetbonibus
1594 1780 1720 1869 locati,
1748 1783 1787 1849 et

236 1924 324 1975 unus
350 1903 471 1975 laneus
506 1902 610 1975 solvit
636 1901 842 1974 vicedecano
868 1922 932 1992 pro
959 1921 1064 1973 censu
1090 1922 1204 1974 annuo
1242 1922 1346 1973 unam
1376 1921 1545 1993 marcam,
1581 1901 1674 1973 alter
1697 1919 1785 1973 vero

235 2027 308 2094 tres
333 2020 495 2095 fertones.
539 2023 627 2093 Item
652 2021 781 2093 habent
807 2020 954 2113 praefati
982 2022 1181 2125 cmetbones
1207 2020 1400 2112 mellificia,
1438 2021 1501 2095 sed
1526 2021 1615 2094 nihil
1641 2020 1787 2093 solvunt

237 2142 280 2216 de
307 2144 367 2234 ela,
394 2144 476 2215 item
503 2156 609 2214 unum
635 2142 725 2214 diem
753 2143 789 2212 in
816 2163 906 2215 anuo
933 2143 1171 2214 tautummodo
1199 2143 1345 2233 quilibet
1371 2163 1435 2234 pro
1453 2142 1659 2215 vicedecauo
1685 2140 1786 2213 labo·

236 2269 312 2353 rat3
347 2264 429 2335 item
465 2284 534 2336 uon
560 2264 699 2335 solvunt
733 2262 862 2363 gallos,
898 2283 1010 2353 neque
1042 2283 1126 2353 ova,
1161 2283 1273 2354 neque
1300 2284 1435 2354 casana,
1471 2284 1582 2354 neque
1606 2246 1786 2334 ¹ducturas

236 2382 378 2474 faciunt,
404 2404 514 2474 neque
541 2383 696 2473 labores,
732 2383 818 2453 item
844 2403 913 2454 non
940 2388 994 2454 est
1021 2384 1069 2454 ibi
1095 2383 1293 2474 praedium,
1329 2404 1441 2476 neque
1468 2383 1634 2475 taberna,
1669 2402 1786 2473 neque

235 2504 441 2576 hortulania.
485 2503 574 2575 Item
600 2504 637 2574 in
664 2502 784 2575 eadem
810 2504 893 2575 villa
928 2509 1009 2575 sunt
1035 2503 1102 2576 duo
1130 2505 1222 2576 lanei
1249 2504 1483 2576 cmetbonales
1511 2504 1556 2576 ad
1583 2504 1785 2596 episcopum

236 2623 499 2698 Crotoniensem
525 2624 759 2715 pertinentes,
796 2624 968 2696 solventes
997 2625 1064 2696 sibi
1090 2626 1252 2716 episeopo
1280 2646 1420 2697 censum
1451 2630 1488 2696 et
1514 2625 1592 2696 iura
1628 2623 1786 2697 cmetbo-

236 2744 330 2816 nalia
355 2750 528 2817 consveta
548 2745 642 2816 Item
669 2744 711 2817 de
730 2745 888 2818 omnibus
916 2750 1066 2836 quatuor
1091 2746 1202 2817 laneIs
1229 2744 1333 2816 villae
1359 2745 1568 2838 Moycza,
1595 2749 1669 2816 tam
1686 2743 1787 2816 vide-

235 2866 317 2938 licet
343 2866 503 2958 propriis,
531 2887 633 2957 quam
660 2866 922 2958 episcopalibus,
950 2871 986 2937 et
1005 2867 1047 2937 de
1066 2867 1186 2957 qulnto
1203 2864 1305 2937 laneo
1323 2864 1610 2938 molendinatorIs
1635 2863 1788 2957 percipit

235 2987 400 3063 decimam
435 2987 682 3078 manipularem
716 2988 852 3078 integre
887 2987 1114 3059 ulcedecanus
1149 2986 1405 3078 Kyelcziensis,
1451 2990 1488 3058 et
1524 2985 1656 3058 ducunt
1688 2984 1786 3057 illam

235 3111 432 3182 cmetlroues
459 3109 610 3200 propriis
638 3110 796 3181 curribus
823 3110 859 3180 in
886 3109 1049 3180 borreum
1067 3129 1089 3180 a
1106 3108 1314 3180 vicedecano
1340 3108 1534 3199 locandum,
1562 3107 1660 3180 cuins
1677 3106 1786 3181 aesti-

233 3236 348 3302 matur
373 3231 473 3303 valor
499 3230 544 3302 ad
570 3251 631 3303 ser
657 3250 813 3320 marcas3
847 3230 933 3302 item
960 3229 1128 3302 decimam
1164 3229 1364 3320 aanapalem
1401 3228 1541 3301 solvunt
1575 3228 1786 3301 vicedecano

232 3372 296 3443 per
323 3356 471 3442 quatuor
504 3353 653 3442 ierugas.
697 3351 787 3423 Item
821 3352 859 3422 in
886 3351 1007 3424 eadem
1042 3351 1126 3422 villa
1160 3349 1353 3441 Moyeza
1388 3355 1443 3422 est
1468 3349 1601 3441 piscina
1627 3354 1665 3422 et
1689 3348 1787 3423 circe

232 3473 326 3544 illam
352 3473 586 3547 molendinum
604 3473 649 3545 ad
668 3472 948 3544 vicedecanatum
975 3472 1194 3562 pertinentia,
1222 3472 1305 3542 item
1322 3471 1558 3544 molendinum
1588 3469 1786 3562 praefatum

232 3595 338 3667 babet
366 3616 472 3670 unum
498 3594 635 3666 laneum
662 3614 843 3685 agrorum,
880 3593 944 3664 sub
971 3593 1186 3683 proprietate
1214 3592 1413 3665 vicedecani
1441 3592 1787 3685 consistentemtqui

232 3716 275 3789 de
302 3717 361 3789 illo
388 3721 425 3788 et
450 3715 647 3788 molendino
675 3715 762 3787 nihil
790 3715 912 3805 solvit,
948 3714 1059 3786 solum
1086 3715 1253 3786 decimam
1279 3715 1530 3806 manipularem
1556 3735 1621 3805 pro
1646 3711 1786 3786 ritede-

233 3856 329 3928 cano,
356 3842 394 3909 et
419 3856 580 3928 aggerem
607 3836 760 3928 piscinae
788 3836 1069 3926 quotiescumque
1095 3855 1235 3907 necesse
1262 3840 1322 3926 est,
1350 3833 1525 3908 reformat.

337 3957 603 4048 Yaszowrczn,
639 3958 723 4029 villa
750 3956 814 4029 sub
840 3956 1007 4047 parochia
1042 3957 1207 4028 ecelesiae
1243 3954 1286 4027 de
1321 3955 1683 4031 Nowaczirkeu·
1703 3957 1784 4048 sita,

234 4077 330 4148 cuius
356 4076 523 4149 haeredes
549 4078 634 4149 dicti
661 4076 924 4168 owadowye
951 4076 994 4148 de
1021 4078 1127 4149 armIs
1154 4131 1269 4147 .....
1287 4131 1296 4168 ,
1325 4077 1361 4147 iu
1380 4098 1449 4168 qua
1467 4084 1550 4150 sunt
1574 4078 1668 4151 lanei
1693 4097 1786 4151 cme-

234 4197 404 4287 thonales,
431 4198 515 4269 item
541 4198 726 4289 tabernae,
753 4199 838 4271 item
864 4198 1085 4270 hortulaniae
1111 4199 1281 4270 habentes
1309 4217 1423 4290 agros,
1453 4199 1496 4271 de
1524 4200 1649 4290 quibus
1674 4198 1786 4271 omni·

231 4319 296 4390 bus
323 4319 469 4391 soluitur
494 4318 627 4391 decima
655 4319 880 4410 manipularis
899 4324 935 4390 et
952 4340 1015 4410 par
1033 4325 1182 4410 quatuor
1208 4320 1348 4410 ierugas
1375 4321 1551 4412 canapaIIs
1577 4318 1785 4394 vicedecano

231 4438 443 4531 KelcziensI,
471 4446 508 4511 et
544 4459 608 4531 per
635 4441 842 4513 cmethoues
877 4440 1016 4512 ducitur
1051 4440 1086 4511 in
1113 4441 1276 4513 horreum
1303 4464 1325 4513 a
1350 4441 1558 4514 vicedecano
1592 4440 1786 4532 locandum,

231 4566 268 4633 et
293 4559 393 4633 valor
419 4560 494 4633 eins
520 4560 725 4632 aestimatur
751 4561 796 4632 ad
822 4560 909 4634 duas
935 4581 1080 4633 marcas.
1119 4562 1210 4633 Item
1240 4562 1408 4635 tabernae
1434 4583 1504 4635 non
1530 4566 1614 4637 suut
1638 4563 1676 4635 in
1700 4560 1787 4639 nilla

231 4681 362 4771 eadem3
388 4682 472 4754 item
499 4681 678 4773 praedium
705 4682 856 4754 militare
883 4683 927 4754 ab
955 4683 1097 4773 antIquo
1123 4704 1231 4755 unum
1258 4666 1501 4757 tantummodo
1527 4683 1578 4755 ibi
1602 4681 1687 4775 tuit,
1722 4680 1786 4755 aod

230 4801 470 4893 multiplicatis
488 4801 697 4874 haeredibus
714 4803 893 4894 militibus,
920 4802 1048 4874 amotis
1067 4804 1316 4896 cmetbonibus‚
1343 4808 1557 4896 occuparunt
1573 4822 1677 4894 agros
1694 4820 1787 4875 cmc·

230 4924 376 4995 thouum
404 4928 440 4995 et
467 4942 531 5015 per
558 4922 760 4996 violentiam
786 4922 871 4995 dant
888 4923 931 4996 de
949 4924 1019 4996 illis
1046 4923 1196 4997 decimas
1223 4925 1389 4998 ecclesiae
1415 4929 1453 4996 ct
1474 4924 1623 5015 plebano
1649 4922 1686 4995 iu
1703 4920 1787 4995 llo-

236 5045 515 5117 uaczirkew.
1629 5052 1633 5061 '

238 5167 245 5178 '
335 5163 548 5258 Woarczn,
584 5165 669 5239 villa
695 5166 760 5238 sub
788 5163 956 5257 parochIa
983 5165 1148 5239 ecclesiae
1184 5167 1228 5238 de
1262 5166 1472 5260 Antiqua
1505 5164 1676 5240 Radom
1705 5162 1787 5258 site,

233 5286 330 5359 canus
356 5286 526 5359 haeredes
551 5289 665 5361 vocati
692 5285 925 5381 Glynsczy
962 5287 1005 5359 de
1032 5288 1137 5360 armis
1174 5340 1397 5361 .........
1415 5342 1424 5382 ,
1451 5289 1487 5361 iu
1514 5308 1584 5381 qna
1609 5306 1679 5360 non
1703 5290 1789 5359 sunt

230 5406 338 5500 aliqui
364 5408 465 5500 lanei,
491 5407 554 5480 sed
571 5428 682 5500 neque
708 5410 785 5501 agri
802 5410 1047 5502 cmetbonales,
1074 5429 1186 5502 neque
1216 5409 1445 5502 hortulaniae,
1472 5428 1584 5501 neque
1608 5408 1788 5501 tabernae,
1867 5446 1874 5459 ·
