4050 6054
1597 450 1602 461 ’
1683 491 1757 573 eea

216 698 297 764 sunt
322 687 372 766 ibi
397 689 599 789 hortulani,
686 658 706 801 ’-
728 702 762 770 st
787 692 1037 786 molendinum3
1064 674 1287 813 iterfflibi
1304 694 1483 790 praedium
1510 695 1656 791 palatini
1674 704 1759 777 Gra·

215 814 395 903 coviensis,
413 815 545 887 habens
622 818 625 823 '
702 819 878 909 speciales,
906 816 949 889 de
968 806 1093 908 quium
1118 817 1253 892 decima
1272 820 1499 910 manipularis
1525 821 1671 894 solvitur
1688 824 1761 913 ple·

215 933 307 1021 buno
333 939 370 1005 et
396 935 561 1006 ecclesiae
588 937 624 1006 in
650 936 968 1010 Wlodowicze.
1753 940 1770 965 ⁸

252 1086 279 1101 ·-
318 1051 550 1126 Baacancur
576 1056 613 1126 in
640 1055 900 1146 Wrnnrcznu,
936 1076 1058 1128 census
1094 1061 1281 1147 perpetuus
1307 1060 1345 1128 et
1369 1058 1549 1129 terrestris
1577 1058 1622 1151 ¹in
1647 1064 1761 1150 zuppo
1873 1090 1879 1099 ·

215 1170 437 1263 Wieliciensi,
464 1196 534 1245 una
560 1176 722 1249 videlicet
747 1148 1097 1266 sexagena‘btomm
1121 1198 1322 1266 grossorum
1348 1175 1425 1249 clari
1450 1177 1574 1249 solitus
1601 1178 1760 1269 cuilibet,

215 1293 275 1381 qui
300 1314 427 1365 novum
453 1301 604 1367 montem
632 1297 715 1369 salis
740 1298 813 1369 suis
838 1295 1034 1387 sumptibus
1059 1296 1242 1386 invenerit3
1268 1297 1312 1369 de
1329 1317 1396 1387 quo
1424 1318 1487 1387 pro
1514 1298 1659 1403 singulis
1677 1320 1774 1413 qua-5

194 1418 296 1521 ‘tuor
316 1416 536 1519 'temporibus
564 1418 687 1489 habuit
714 1417 875 1489 altarista
905 1437 1010 1488 unam
1035 1437 1243 1507 sexagenum
1268 1417 1419 1488 latorum
1444 1438 1663 1510 grossorum,
1698 1410 1762 1508 pei

169 1494 381 1645 Mdes
408 1555 530 1607 census
557 1537 714 1629 capitalis
741 1537 899 1611 dominos
925 1536 968 1607 de
994 1534 1247 1628 Melsztyn,
1278 1537 1382 1608 altari
1408 1538 1584 1628 praesenti
1612 1537 1759 1609 donatos

214 1657 251 1723 et
276 1653 473 1743 inscriptos.
986 1720 989 1727 .

318 1771 434 1844 Onera
461 1775 582 1846 altaris
610 1772 839 1901 praefatipd
866 1794 955 1865 quae
980 1775 1142 1847 altarista
1168 1776 1290 1846 altaris
1315 1773 1465 1865 praefati
1491 1796 1534 1846 ex
1559 1774 1761 1848 fundatione

214 1897 251 1962 et
277 1892 459 1982 privilegio
487 1895 672 1982 obligatur,
699 1882 789 1965 sunt'
806 1898 881 1967 tres
906 1895 1047 1984 musae,
1084 1915 1230 1985 quarum
1256 1914 1369 1983 unam,
1395 1895 1556 1967 videlicet
1583 1894 1761 1967 defuncto-

214 2020 291 2081 rum
317 2030 381 2099 pro
408 2008 688 2082 benefactoribus
713 2018 750 2083 et
775 2010 1018 2085 fundatoribus
1043 2011 1132 2083 feria
1149 2013 1310 2102 secunda;
1339 2013 1484 2084 alteram
1506 2013 1669 2085 videlicet
1694 2036 1758 2105 pro

215 2128 367 2217 peccatis
392 2128 482 2201 feria
506 2131 622 2222 tertia,
648 2131 788 2202 tertiam
807 2131 851 2203 de
867 2130 901 2202 S.
919 2131 1029 2204 Cruce
1054 2132 1143 2204 feria
1168 2139 1267 2204 sexta
1293 2133 1437 2222 singulis
1464 2133 1666 2224 septimanis
1685 2126 1762 2223 quiss
1793 2130 1799 2139 '

217 2246 303 2318 libet
315 2282 318 2287 ·
329 2234 497 2351 altarists
517 2270 582 2341 pro
600 2256 756 2339 tempore
774 2271 837 2341 per
855 2272 893 2323 se
910 2252 965 2323 vel
983 2272 1046 2342 per
1064 2253 1170 2324 alium
1196 2258 1336 2323 tenetur
1358 2252 1475 2340 legere
1502 2259 1540 2323 et
1557 2251 1755 2349 adimplere.

726 2611 873 2694 Altero
905 2612 1047 2696 Sancti
1081 2614 1260 2696 Martini.

168 2922 177 2937 ,
318 2848 442 2945 Altam
468 2847 502 2921 S.
526 2847 675 2923 Martini
700 2851 737 2920 in
763 2851 908 2923 ecclesia
930 2851 1151 2924 Oramviensi
1168 2873 1238 2924 non
1255 2853 1363 2923 habet
1380 2849 1546 2941 capellam
1572 2849 1759 2943 propriam,

212 2967 410 3079 'sed‘oiynn
434 2975 491 3042 est
515 2970 609 3067 moa
634 2992 741 3043 unum
766 2971 932 3043 fornicem
959 2972 1141 3062 ecclesiae,
1167 2990 1289 3043 versus
1318 2970 1524 3061 aquilonem,
1550 2969 1587 3041 in
1614 2956 1759 3061 o'orpore

215 3084 368 3177 capellae
392 3086 598 3161 Sancmmm
615 3088 853 3184 Innocentium
876 3090 1140 3181 confrontatum,
1169 3090 1261 3181 quod
1286 3089 1564 3162 Bodzantha
1588 3090 1631 3161 de
1658 3088 1681 3160 J
1690 3109 1761 3160 an-

215 3205 320 3299 kow,
347 3206 528 3300 episcopus
556 3209 803 3301 Gracoviensis,
829 3212 956 3282 nobilis
983 3211 1026 3282 de
1053 3212 1154 3284 domo
1180 3210 1346 3300 Rosae,
1375 3230 1404 3279 a.
1430 3209 1472 3279 D.
1495 3210 1603 3281 1349.
1630 3208 1676 3279 ad
1701 3229 1762 3298 pe-

215 3326 376 3399 titionem
402 3335 439 3400 et
468 3330 671 3402 instantiam
706 3332 868 3421 magistri
901 3329 1035 3401 Petri
1069 3328 1221 3401 cantoris
1255 3327 1504 3416 Oracouensis,
1530 3326 1691 3398 fundavit
1725 3333 1763 3398 et

216 3446 361 3540 demut,
389 3449 485 3521 ouius
510 3449 723 3522 fundationis
750 3457 786 3522 et
812 3450 1000 3521 dotationis
1027 3444 1231 3521 nonexstrit
1249 3466 1332 3519 casu
1358 3447 1474 3536 aliquo
1502 3447 1666 3517 amissum
1690 3446 1762 3535 pri-

216 3567 397 3660 vilegium,
433 3569 566 3643 donans
593 3570 704 3641 eidem
735 3570 837 3640 altari
864 3571 928 3641 sub
955 3568 1204 3642 ratihabitione
1235 3555 1380 3656 capituli
1406 3563 1647 3637 cracoviensis
1675 3562 1761 3635 duas

216 3688 421 3761 medietates
447 3690 656 3785 decimarum
679 3689 945 3779 manipularium
970 3688 1008 3759 iu
1034 3686 1168 3759 duabus
1193 3684 1295 3776 villis,
1322 3683 1484 3756 videlicet
1508 3681 1762 3775 Wyelmosza

169 3786 173 3793 ¹
217 3813 254 3878 et
279 3806 512 3883 Zadrosze
538 3811 775 3898 consistentes,
803 3814 839 3880 et
865 3808 910 3878 ad
928 3827 1081 3878 mensam
1103 3803 1333 3895 episcopalem
1358 3802 1584 3892 pertinentes,
1612 3820 1761 3900 onerans

216 3926 309 3998 idem
334 3927 607 4000 Bodzantha
633 3930 816 4019 episcopus
834 3926 1072 3999 Cracoviensis
1090 3925 1199 3996 altero
1217 3922 1400 4015 privilegio
1428 3941 1533 4010 super
1559 3920 1762 3992 fundatione

217 4046 338 4119 almris
365 4046 571 4121 Sanctorum
596 4048 694 4119 Petri
721 4055 758 4119 et
782 4047 883 4119 Pauli
910 4046 1164 4137 apostolorum,
1191 4044 1288 4116 curius
1315 4043 1352 4113 in
1371 4040 1517 4113 ecclesia
1540 4039 1763 4113 Oracoviensi

217 4166 366 4240 habetur
392 4166 570 4360 οιὝθ,
596 4170 718 4242 eodem
744 4189 834 4240 anno
860 4167 999 4238 Domini
1029 4166 1137 4236 1349.
1165 4162 1329 4254 confecto,
1357 4161 1553 4234 altaristam
1580 4160 1703 4231 altaris
1729 4158 1763 4231 S.

217 4285 381 4378 Martini,
409 4286 453 4359 ad
497 4262 681 4387 aspendum
707 4288 792 4360 duas
818 4304 953 4358 marcas
979 4285 1118 4357 vicariis
1145 4281 1432 4356 cracoviensibus
1458 4281 1599 4352 missam
1626 4299 1762 4350 annun-

216 4407 372 4480 tiationis
399 4388 545 4481 Sanctae
571 4407 708 4480 Mariae
734 4412 893 4497 rorame,
928 4426 991 4497 per
1017 4425 1117 4479 omne
1151 4411 1288 4494 tempus
1315 4401 1486 4475 adventus
1512 4397 1651 4471 Domini
1678 4417 1762 4469 voce

218 4544 346 4651 sopora
372 4529 602 4601 cantantibus.
670 4576 684 4605 0
1041 4568 1067 4613 2,

247 4662 252 4669 '
330 4648 529 4721 Notandum
564 4656 699 4739 autem,
726 4646 817 4740 quod
851 4648 889 4719 in
922 4664 1087 4737 processu
1118 4643 1251 4716 dierum
1285 4639 1520 4733 praefatarum
1555 4636 1763 4709 decimarum

219 4767 247 4837 Z
255 4768 445 4861 adro-sne
480 4775 516 4841 et
550 4768 838 4861 Wyelmosza
873 4742 1083 4857 priimutatio
1119 4785 1196 4835 cum
1227 4760 1406 4834 abbatissa
1431 4763 1468 4830 et
1493 4753 1702 4828 monasterio
1729 4753 1762 4824 S.

219 4889 380 4961 Andreae
404 4889 497 4960 facta
521 4895 594 4979 est,
622 4909 709 4978 quae
737 4908 814 4959 cum
839 4887 876 4957 in
903 4886 1070 4958 ambobus
1096 4884 1189 4955 villis
1203 4879 1386 4975 ''praefatis
1417 4877 1564 4949 alteram
1593 4873 1760 4945 medieta-

218 4984 300 5081 tm
310 5008 534 5082 -.decimarum
568 5009 766 5098 habuisset,
792 5006 895 5078 villae
921 5026 1005 5077 vero
1031 5003 1266 5075 Zadrosze
1290 4999 1487 5091 proprietas
1514 5000 1550 5065 et
1576 4992 1765 5065 dominium

219 5128 265 5200 ad
290 5128 387 5200 illam
412 5136 449 5201 et
475 5150 575 5213 suum
601 5128 846 5200 monasterium
873 5125 1068 5218 pertineret
1092 5121 1195 5212 pleno
1221 5121 1307 5211 iu're,
1334 5123 1370 5191 et
1396 5116 1438 5188 de
1464 5112 1652 5185 medietate
1674 5111 1766 5183 deci-

97 5276 102 5283 ·
210 5268 295 5321 mae
321 5250 357 5319 iu
384 5248 467 5322 villa
491 5248 776 5339 Wyelmosza
801 5245 958 5337 praefata
984 5242 1164 5315 altaristae
1190 5245 1228 5311 et
1245 5239 1349 5308 altari
1364 5235 1398 5307 S.
1414 5232 1562 5307 Martini
1579 5252 1622 5304 ex
1649 5251 1763 5321 causa,
1818 5312 1824 5323 ³

170 5336 287 5529 Qui.
310 5369 495 5440 medietate
524 5367 675 5440 decimae
702 5368 738 5438 iu
773 5366 1000 5451 Zadrosne
1033 5361 1167 5449 cedens,
1202 5359 1311 5430 solam
1346 5353 1566 5445 integraliter
1599 5352 1767 5423 decimam

322 5536 371 5578 Hb.
384 5536 479 5578 aneso
1559 5490 1600 5549 Ἣ
