4050 6054
1653 464 1727 535 329

181 660 318 777 scolast'
293 667 381 733 treus
408 660 694 734 Sandomiriensis
720 664 842 734 unicus
869 668 926 735 est·
941 669 1109 753 patronus
1127 663 1290 734 ecclesiae
1309 661 1342 734 S
1358 660 1520 735 Mauritii
1541 664 1584 735 de
1602 666 1728 743 Zawi-

183 748 336 873 chost,
357 803 445 872 quae
473 784 650 854 studioet
614 788 783 872 etopera
809 783 981 854 Matthiae
1009 783 1051 853 de
1077 781 1297 874 Odolyno,
1324 788 1407 854 tunc
1432 783 1571 872 plebani
1590 786 1632 856 de
1649 786 1679 858 Z
1691 810 1729 860 a·

182 901 396 993 wichost,
423 903 459 973 in
495 898 613 975 villbm
640 902 829 974 Borowa
864 923 939 974 cnm
976 908 1053 974 tota
1072 902 1243 991 parochia
1269 902 1312 973 de
1338 922 1447 992 prope
1474 905 1665 978 consistens
1692 915 1729 979 et

183 1020 321 1092 difficile
357 1042 399 1095 ac
422 1023 654 1112 periculosum
681 1028 758 1094 erat
784 1020 1004 1112 parochianis
1030 1022 1226 1112 Vislam,
1253 1023 1458 1112 praesertim
1484 1023 1565 1094 dum
1591 1026 1730 1099 inflatus

184 1147 285 1232 esset,
312 1144 411 1232 aquis
438 1143 608 1233 traiicere,
635 1144 806 1213 translata
832 1147 894 1213 est.

284 1261 496 1385 Mnaspow,
523 1263 606 1333 villa
641 1264 704 1334 sub
739 1263 907 1352 parochia
932 1262 1100 1333 ecclesiae
1126 1260 1159 1333 S.
1187 1261 1369 1340 Trinitatis
1396 1262 1439 1333 de
1464 1262 1729 1338 Zau'ichost

183 1381 260 1471 sita,
285 1380 419 1453 lundds'
436 1382 625 1471 primarius
652 1383 853 1453 scolastriae
881 1381 1179 1470 Sandomiriensis
1204 1381 1241 1451 in
1269 1401 1337 1471 qua
1362 1389 1444 1453 sunt
1470 1384 1620 1474 quinque
1638 1385 1731 1457 lanei

185 1522 257 1572 cme
258 1502 436 1593 thonales,
473 1524 618 1593 quorum
659 1503 804 1592 quilibet
839 1503 944 1573 solvit
975 1522 1038 1591 pro
1070 1522 1175 1572 censu
1206 1522 1319 1573 annuo
1351 1503 1550 1574 scolastriae
1581 1504 1730 1575 mediam

159 1641 353 1725 marcam,
380 1623 464 1693 item
491 1644 557 1694 ova
583 1623 745 1712 triginta,
772 1625 857 1693 item
885 1622 970 1692 duos
997 1621 1132 1711 gallos,
1148 1622 1230 1691 item
1257 1640 1376 1693 caseos
1395 1622 1490 1693 duos.
1517 1622 1605 1693 Item
1623 1645 1727 1694 unam

183 1718 304 1813 diem
293 1763 330 1812 ιο
358 1743 551 1831 septimana
576 1743 713 1812 laborat
740 1742 882 1831 proprio
910 1761 1014 1811 curru
1040 1747 1100 1811 aut
1119 1746 1257 1829 aratro;
1283 1741 1367 1812 item
1386 1762 1503 1813 omnes
1522 1743 1730 1833 cmethones,

183 1861 395 1951 tabernator,
422 1862 646 1950 hortulanus,
675 1861 845 1950 duplicem
864 1858 1049 1955 peccabam
1075 1860 1254 1950 laborant,
1280 1882 1383 1931 unam
1410 1881 1474 1950 pro
1501 1882 1601 1951 vere,
1628 1862 1732 1933 aliam

183 2002 247 2071 pro
274 1981 405 2071 hyeme,
433 1982 515 2051 item
542 1981 578 2050 in
605 1980 727 2051 eadem
753 1981 837 2051 villa
863 1987 918 2051 est
942 1981 1099 2069 taberna,
1126 1980 1258 2051 habens
1285 2001 1398 2070 agros,
1425 2001 1513 2071 quae
1531 1981 1617 2052 nihil
1634 1981 1731 2054 labo-

183 2122 282 2191 rans,
310 2102 416 2172 solvit
451 2122 514 2190 pro
551 2121 656 2171 censu
683 2121 797 2171 annuo
825 2121 928 2171 unam
954 2121 1122 2189 marcam,
1150 2099 1286 2171 laborat
1312 2105 1427 2171 tamen
1446 2099 1632 2195 peccabam
1658 2103 1732 2173 sive

176 2243 329 2316 pomocz,
357 2242 421 2310 pro
447 2242 529 2293 vere
555 2241 668 2310 unam,
695 2242 761 2310 pro
788 2221 910 2310 hyeme
938 2222 1082 2291 alteram
1102 2221 1201 2291 diem.
1227 2220 1316 2291 Item
1333 2220 1538 2292 hortulanus
1556 2243 1645 2293 unus
1662 2243 1732 2293 non

78 2422 81 2427 ,
184 2342 315 2413 habens
343 2362 454 2431 agros,
482 2341 542 2431 qui
567 2340 653 2410 nihil
681 2333 826 2431 solvens,
854 2361 957 2412 unam
985 2341 1075 2411 diem
1092 2339 1198 2429 pedes
1216 2340 1251 2409 in
1271 2340 1465 2429 septimana
1481 2341 1627 2413 laborat.
1644 2341 1734 2414 Item

184 2462 363 2550 praedium
389 2462 517 2532 bonum
545 2481 621 2531 curn
649 2460 830 2550 pomeriis,
858 2462 968 2550 pratis
996 2466 1032 2532 et
1059 2461 1173 2550 curia,
1202 2459 1244 2531 de
1271 2460 1368 2531 cuius
1395 2451 1489 2550 agris
1515 2460 1602 2532 nulli
1629 2461 1734 2533 solvit

185 2582 360 2671 decimam,
394 2581 455 2653 sed
482 2602 558 2651 eam
585 2581 678 2652 solus
706 2581 855 2670 percipit
882 2582 954 2653 et
943 2603 979 2652 m
1005 2582 1169 2652 horreum
1197 2601 1296 2650 suum
1322 2579 1474 2669 inducit,
1500 2579 1543 2652 de
1571 2602 1640 2672 qua
1666 2579 1733 2655 sihi

185 2701 289 2773 cessit
314 2701 457 2773 ecclesia
483 2701 683 2791 Zborow,
711 2702 756 2772 ad
784 2722 886 2792 quarn
914 2723 955 2772 ex
983 2707 1043 2771 ant
1045 2701 1126 2790 iquo
1153 2705 1234 2789 pert
1218 2700 1371 2788 tinebat;
1399 2701 1483 2771 item
1509 2699 1604 2772 lacus
1622 2664 1733 2772 bonus

185 2842 274 2893 unus
298 2822 335 2905 ip
363 2821 483 2892 eadem
510 2821 656 2891 villat
620 2827 656 2891 et
682 2821 750 2895 duo
778 2823 885 2912 parvi,
910 2821 1095 2912 dequibus
1115 2819 1734 2900 solusscolastrcusSandomiriensis

185 2940 291 3013 habet
316 2960 426 3031 usum,
454 2941 537 3011 item
565 2906 763 3013 cmethoffes
790 2946 826 3011 et
850 2942 1055 3013 tabernator
1082 2940 1221 3013 solvunt
1247 2939 1413 3011 decimam
1432 2940 1681 3031 manipularem
1700 2946 1736 3011 et

184 3062 382 3150 canapalem
418 3082 481 3151 per
518 3068 667 3151 quatuor
702 3062 859 3152 ierugas,
887 3068 922 3132 et
948 3062 1116 3132 inducunt
1142 3082 1218 3132 eam
1245 3061 1281 3131 in
1308 3060 1472 3131 horreum
1499 3060 1673 3133 scolastici
1699 3060 1736 3131 ιο

183 3178 428 3275 Marszou,
456 3188 492 3254 et
518 3181 617 3253 valor
643 3183 717 3253 eius
745 3183 950 3253 aestimatur
977 3182 1022 3254 ad
1049 3183 1199 3272 quinque
1217 3201 1360 3269 marcas,
1379 3181 1462 3253 item
1479 3180 1587 3253 habet
1605 3180 1735 3251 limites

186 3300 382 3393 scopulatos
410 3323 486 3373 cum
513 3303 604 3374 villis
631 3302 796 3391 Linou,
823 3301 992 3392 Wolya,
1019 3301 1143 3390 Lang
1169 3308 1317 3390 utraque
1343 3301 1435 3372 villa
1502 3344 1505 3349 -
1533 3293 1538 3300 ’

297 3422 626 3513 Μιοοιιοοοιοοο,
653 3422 736 3493 villa
773 3423 836 3493 sub
873 3422 1038 3512 parochia
1065 3420 1228 3492 ecclesiae
1256 3420 1288 3491 S.
1317 3420 1500 3491 Trinitatis
1526 3419 1569 3491 de
1595 3417 1737 3492 Zawi·

186 3544 352 3615 chosth
379 3545 454 3613 sita.
482 3543 624 3614 Fundus
652 3542 741 3612 alter
768 3542 968 3613 scolastriae
987 3540 1274 3611 Sandomiriensis
1295 3539 1468 3639 quondam
1483 3538 1557 3610 lata
1575 3543 1610 3609 et
1627 3557 1737 3630 popu·

186 3656 280 3753 losa,
306 3685 396 3736 nunc
433 3685 496 3754 per
522 3663 718 3752 Vislam,
746 3663 806 3753 qui
832 3664 952 3733 subter
979 3662 1073 3732 illam
1101 3660 1255 3731 decurrit
1282 3660 1466 3751 absorpta,
1493 3659 1530 3729 in
1558 3680 1626 3750 qua
1653 3663 1738 3749 quot

183 3756 323 3856 iderunt
347 3784 440 3855 lanei
468 3782 701 3855 cmethonules
728 3772 850 3872 par'um
878 3787 1015 3854 constat
1040 3783 1214 3869 hactenus,
1247 3786 1364 3851 tamen
1392 3777 1633 3871 tantummodo
1652 3783 1734 3850 sunt

186 3903 254 3975 duo
280 3904 390 3994 lanei,
418 3925 564 3994 quorum
593 3903 738 3995 quilibet
765 3903 870 3974 solvit
896 3923 959 3992 pro
987 3923 1092 3973 censu
1118 3922 1231 3971 annuo
1259 3898 1439 3971 scolastico
1466 3897 1738 3969 Sandomiriensi

186 4026 309 4116 viginti
335 4046 483 4115 grossos,
511 4026 596 4096 item
622 4044 688 4095 ova
713 4024 867 4114 triginta,
895 4024 979 4095 item
998 4023 1083 4095 duos
1103 4042 1230 4112 caseos,
1250 4020 1332 4092 item
1351 4019 1396 4091 ad
1414 4017 1600 4116 powubaru
1616 4024 1737 4090 tenen·

186 4151 246 4217 tur
281 4166 345 4236 pro
372 4166 453 4216 vere
480 4151 516 4216 et
543 4147 686 4237 hyeme3
713 4144 798 4216 item
824 4144 951 4215 limites
977 4144 1084 4216 habet
1110 4163 1186 4214 cum
1211 4140 1556 4233 Pyotrowicze,
1583 4139 1738 4210 Linou

186 4271 222 4337 et
247 4265 403 4358 Wolya
430 4271 465 4337 et
491 4267 618 4355 ubique
646 4269 767 4336 extant
793 4265 944 4354 scopuli;
972 4264 1055 4334 item
1082 4285 1150 4335 non
1177 4267 1232 4334 est
1258 4261 1307 4332 ibi
1324 4260 1514 4352 praedium,
1532 4281 1602 4330 non
1621 4259 1738 4330 taber-

128 4452 170 4477 Μ,
189 4406 272 4476 οοο,
298 4406 411 4478 neque
446 4385 684 4475 hortulaniae,
711 4385 796 4457 item
823 4406 940 4456 omnes
968 4384 1046 4473 agri
1070 4383 1173 4455 villae
1200 4379 1378 4473 praefatae
1405 4380 1544 4452 solvunt
1571 4378 1738 4450 decimam

32 4510 37 4517 '
152 4488 434 4607 *manipularem
460 4507 661 4579 scolastriae
689 4504 959 4577 Sandomiriensi
985 4510 1023 4577 et
1049 4503 1179 4575 ducunt
1204 4524 1280 4575 eam
1306 4503 1343 4572 ιο
1369 4500 1532 4572 horreum
1559 4500 1596 4570 ιο
1622 4496 1737 4569 Μοι-

186 4630 313 4718 saow,
340 4632 377 4700 et
402 4627 601 4716 canapalem
627 4647 690 4717 per
718 4631 867 4718 quatuor
893 4626 1042 4717 ierugas,
1069 4630 1105 4696 et
1131 4623 1229 4695 valor
1255 4622 1329 4695 eius
1356 4621 1559 4692 aestimatur
1586 4618 1631 4691 ad
1649 4617 1736 4700 duas

189 4768 333 4820 marcas.
527 4814 529 4819 ,

224 4846 225 4850 “
291 4866 412 4957 Xaur,
439 4866 524 4938 uilla
550 4865 615 4939 sub
641 4867 807 4956 parochia
833 4865 997 4937 ecclesiae
1024 4863 1068 4936 de
1094 4862 1306 4954 Korczyn
1333 4861 1410 4951 sita
1427 4860 1524 4932 cuius
1541 4856 1751 4950 proprietas.

191 4993 227 5059 ct
253 4978 442 5059 dominium
478 4987 522 5058 ad
550 4974 750 5077 episcopu'm
776 4985 1039 5058 cracoviensem
1066 4986 1238 5076 pertinet,
1264 4983 1300 5053 in
1327 5000 1397 5074 qua
1422 4986 1477 5053 est
1502 5000 1593 5051 unus
1617 4976 1739 5051 laneus

189 5108 425 5197 cmethonaliS,
454 5109 513 5197 qui
540 5108 615 5179 iure
643 5107 799 5196 plenario
817 5106 862 5177 ad
881 5106 1121 5178 scholastriam
1138 5101 1452 5175 Sandomiriensem
1472 5102 1642 5189 perpetuo
1657 5117 1739 5189 per·

188 5227 321 5317 tineus,
349 5228 408 5318 qui
443 5228 487 5298 ab
515 5228 673 5298 omnibus
699 5226 877 5299 laboribus
903 5226 1011 5317 liber,
1038 5224 1143 5296 solvit
1169 5220 1349 5294 scolastico
1375 5216 1649 5319 Snndomhiensi
1671 5236 1738 5309 pre

188 5365 293 5419 censu
319 5368 433 5419 annuo
461 5348 547 5419 duas
573 5367 717 5418 marcas.
739 5344 832 5419 Item
858 5345 1078 5419 scolasticum
1094 5338 1428 5431 Sandomiriensem:
1454 5336 1467 5358 '
1852 5314 1857 5341 ¹

293 5513 341 5553 Lib.
355 5514 450 5555 Beneflc.
