4050 6054
1690 437 1737 508 95

181 637 326 713 'eadem‘
342 638 426 712 villa
452 645 506 712 est
533 639 629 712 curia
654 638 825 730 militaris,
851 639 982 712 habens
1011 660 1113 730 agros
1140 639 1352 731 praediales,
1388 639 1577 731 dequibus
1609 639 1742 715 decima

189 760 415 852 manipularis
441 759 589 850 plebano
616 768 652 832 et
680 760 843 832 ccclesiae
871 762 905 831 in
934 761 1226 853 Wysznycze.

291 877 473 971 Rouoszn,
490 881 573 953 villa
591 883 655 953 sub
673 882 838 971 parochia
856 882 1020 952 ecclesiae
1038 883 1080 952 (16
1099 882 1381 974 Wysznycze
1399 882 1481 970 sita,
1500 883 1596 952 cuius
1615 880 1738 954 haeres
1819 973 1824 982 ¹

189 1000 279 1074 idem
297 998 490 1075 Dobeslaus
517 1001 716 1093 Kmytha
742 1003 784 1072 (16
804 1001 1092 1093 Wysrnycze.
1136 1003 1177 1073 In
1196 1003 1293 1073 cuius
1324 1002 1428 1072 villae
1455 1003 1640 1074 medietate
1660 1008 1741 1097 sunt
1796 1049 1799 1052 »

187 1121 278 1192 16661
296 1127 459 1212 quatuor,
486 1122 672 1211 dequibus
698 1122 937 1193 tantummodo
965 1122 1112 1192 solvitur
1134 1122 1267 1192 decima
1288 1122 1513 1211 manipularis
1540 1141 1604 1211 pro
1624 1111 1739 1195 custo-
1816 1130 1819 1135 ’

56 1276 60 1283 -
187 1241 245 1312 (116
262 1239 482 1327 cracoviensi
514 1247 550 1312 et
567 1241 707 1315 ducitur
728 1242 878 1331 propriis
902 1242 1059 1313 curribus
1082 1242 1118 1311 in
1136 1242 1299 1312 horreum
1322 1261 1343 1311 a
1367 1242 1508 1312 custode
1531 1241 1740 1331 eligendum,

187 1366 224 1432 et
250 1360 390 1434 solvunt
416 1362 584 1434 decimam
612 1361 733 1451 canapi
760 1381 823 1451 per
850 1370 998 1451 quatuor
1031 1361 1210 1432 iuncturas
1237 1367 1273 1432 et
1308 1362 1514 1432 aestimatur
1540 1361 1639 1432 valor
1665 1362 1739 1433 eius

187 1480 232 1552 ad
248 1487 398 1572 quatuor
415 1501 559 1552 marcas.
596 1482 676 1552 Alia
694 1486 808 1552 autem
827 1482 993 1552 medietas
1012 1482 1164 1552 eiusdem
1182 1482 1285 1552 villae
1312 1480 1493 1570 Rogoze
1520 1480 1625 1555 solvit
1645 1482 1737 1552 (1661-

187 1620 278 1673 mom
304 1602 554 1692 manipularem
582 1601 729 1690 plebano
757 1607 792 1671 61
819 1601 983 1672 666166166
1009 1602 1044 1671 16
1072 1601 1391 1692 Brzesznycza.
1436 1601 1525 1672 Item
1549 1600 1587 1672 in
1614 1601 1736 1672 eadem

187 1720 269 1792 villa
295 1728 446 1794 nonest
473 1722 571 1793 curia
598 1740 709 1810 neque
736 1721 915 1810 praedium
942 1721 1101 1792 militare.

290 1821 474 1914 sciendum
502 1847 627 1930 antem,
657 1841 748 1931 qnod
766 1840 940 1931 praefatas
960 1841 1045 1912 duas
1064 1841 1214 1911 decimas
1232 1840 1464 1930 manipulares
1483 1840 1518 1911 in
1536 1834 1737 1932 Kobilye

186 1966 222 2031 et
247 1961 284 2032 ln
310 1961 492 2053 R'ogoze
523 1958 815 2050 Bodzantha,
853 1962 1032 2050 episcopus
1060 1959 1316 2049 cracoviensis,
1353 1981 1443 2031 anno
1469 1961 1610 2031 Domini
1640 1962 1737 2032 1360

186 2100 351 2153 amensa
376 2098 440 2154 sua
467 2082 655 2171 abstraxit,
683 2099 759 2151 cum
787 2101 953 2152 consensu
981 2081 1124 2170 capituli
1151 2081 1316 2170 compulit
1344 2086 1380 2150 et
1398 2080 1541 2151 donavit
1567 2085 1735 2170 perpetuo

186 2200 364 2272 custodiae
390 2199 610 2273 cracoviensi
649 2202 685 2271 in
718 2182 975 2291 recompensam
1006 2201 1157 2271 decimae
1190 2199 1415 2289 manipularis
1447 2201 1483 2270 in
1510 2198 1738 2295 Nyepolo-

185 2328 354 2411 mycze,
381 2340 469 2411 quae
496 2322 540 2393 ad
571 2322 763 2393 custodiam
799 2318 1060 2392 cracoviensem
1095 2341 1139 2392 es
1166 2321 1308 2410 antiquo
1335 2320 1553 2410 pertinebat,
1582 2312 1626 2391 ad
1657 2308 1759 2410 pres*
1777 2310 1791 2400 J

187 2444 298 2512 66661
316 2440 595 2513 intercessionem
615 2441 832 2513 Oasimiri
851 2442 1005 2531 secundi,
1024 2441 1188 2513 Poloniae
1206 2442 1316 2530 regis,
1335 2447 1371 2511 et
1388 2441 1498 2530 ipsam
1517 2441 1684 2511 decimam
1702 2441 1737 2511 16

187 2558 220 2630 N
228 2561 555 2654 yepolomycze
573 2562 721 2634 contulit
737 2564 774 2634 in
788 2563 903 2634 dotem
920 2562 1083 2633 ecclesiae
1096 2562 1286 2652 parochiali
1304 2562 1341 2631 in
1358 2561 1737 2653 Nyepolomycze,

185 2691 248 2770 pei
265 2679 376 2771 ipsum
403 2681 678 2754 casimirum
702 2703 838 2773 regem,
857 2684 921 2754 sub
939 2684 1041 2754 titulo
1060 2683 1177 2753 decem
1195 2682 1340 2753 millium
1358 2681 1556 2786 Martyrum
1573 2681 1737 2752 limdatae

183 2807 218 2872 et
236 2801 420 2893 insigniter
438 2809 612 2892 muratae,
640 2805 683 2875 (16
702 2824 769 2895 quo
787 2805 938 2875 habetur
956 2804 1103 2894 speciale
1122 2803 1340 2893 privilegium
1359 2801 1508 2892 praelati
1535 2802 1736 2874 Bodzan·

61 2988 69 2996 .
182 2923 291 2994 1116
317 2923 353 2994 iu
376 2923 521 2995 ecclesia
548 2923 787 3014 Oracoviensi,
813 2925 1115 2997 commutationem
1141 2924 1339 2995 huiusmodi
1366 2924 1575 2994 decimarum
1594 2923 1637 2994 de
1655 2940 1736 2994 con-

183 3062 285 3115 66666
312 3042 463 3135 Nicolai,
490 3050 574 3116 tunc
592 3045 758 3117 custodisu
771 3042 1023 3135 (hacoviensiS,
1052 3050 1231 3116 attestans.

286 3161 500 3237 Knnczown
525 3165 687 3255 Wonvn,
715 3165 797 3238 villa
823 3159 1078 3256 sub⁸par0cliia
1105 3166 1268 3237 ccclesiae
1294 3165 1337 3236 dc
1364 3164 1733 3256 Nyepolomycae

184 3283 267 3372 sita,
287 3285 383 3356 cuius
400 3282 524 3356 haeres
543 3285 694 3358 Jacobus
716 3287 1046 3377 Botnrzynsky
1065 3287 1107 3356 dc
1126 3286 1226 3358 domo
1245 3284 1473 3375 Ozevvuya.
1499 3285 1541 3356 In
1560 3304 1628 3375 qua
1644 3285 1736 3356 lanei
1879 3304 1884 3315 “

183 3409 261 3507 octo
280 3406 522 3495 cmetbonales,
549 3408 632 3477 item
660 3407 807 3478 taberna
833 3413 987 3497 nonest,
1015 3407 1097 3477 item
1115 3406 1334 3478 hortulauiae
1362 3413 1452 3494 sunt,
1479 3426 1547 3477 non
1565 3406 1733 3476 habentes

182 3532 285 3615 agios
308 3526 493 3616 speciales,
516 3527 559 3598 (16
583 3527 706 3617 quibus
731 3528 887 3602 omnibus
910 3528 1019 3598 laneis
1047 3527 1193 3598 solvitur
1216 3527 1349 3597 decima
1372 3527 1596 3615 manipularis
1620 3533 1734 3596 custo-

181 3644 259 3716 diae
285 3645 463 3736 praefatae
491 3652 526 3718 et
543 3648 695 3737 propriis
724 3649 881 3720 curribus
905 3648 1043 3718 ducitur
1070 3668 1132 3737 per
1150 3648 1279 3720 incolas
1306 3648 1341 3717 in
1359 3647 1523 3717 horreum
1550 3645 1732 3741 acustode

181 3764 372 3857 locandum,
400 3772 437 3838 61
463 3768 602 3839 solvunt
634 3769 801 3838 decimam
831 3769 953 3858 canapi
984 3789 1048 3857 per
1075 3773 1223 3857 quatuor
1249 3768 1427 3838 iuncturas
1462 3770 1498 3836 et
1530 3765 1744 3836 aestimatur·

181 3885 328 3995 valor
298 3907 372 3958 erus
390 3888 435 3958 ad
453 3894 531 3959 octo
549 3908 693 3960 marcas.
737 3887 857 3960 Estet
822 3889 926 3960 etiam
953 3888 1002 3959 ibi
1020 3889 1198 3978 praedium
1218 3887 1382 3977 militare,
1410 3886 1500 3976 quod
1519 3887 1623 4013 solvit
1641 3885 1734 3956 deci·

183 3990 273 4078 mam
299 4027 363 4098 pro
390 4008 537 4098 plebano
564 4015 601 4080 et
627 4009 807 4080 ecclesia
797 4031 832 4079 ιιι
860 4009 1236 4101 Nyepolomycae.

283 4128 372 4200 Item
399 4130 555 4202 custodia
582 4129 862 4202 cracoviensist
863 4136 966 4201 arata
994 4136 1047 4201 661
1074 4128 1118 4201 ad
1139 4130 1264 4219 viginti
1291 4132 1443 4220 quinque
1469 4149 1616 4219 marcas,
1644 4148 1732 4220 qnae

181 4257 249 4319 nob
276 4249 383 4321 babet
409 4250 576 4322 vicarium
603 4251 800 4340 specialem,
828 4251 888 4321 sed
912 4250 1036 4340 aliquis
1063 4252 1212 4321 vicarius
1239 4251 1447 4321 canonicalis
1473 4272 1537 4340 per
1555 4250 1732 4322 custodem

181 4376 369 4476 conventus
388 4368 500 4441 officia
519 4370 643 4441 diurna
660 4376 696 4442 et
715 4376 884 4443 nocturna
903 4392 966 4460 pro
985 4392 1026 4442 eo
1045 4373 1079 4441 in
1099 4372 1244 4442 ecclesia
1262 4370 1482 4443 cracoviensi
1502 4371 1732 4442 administrat.

433 4614 759 4697 Vlcecustodiac
781 4615 890 4714 duae
913 4619 952 4696 in
976 4617 1159 4698 66616616
1183 4616 1473 4698 Oracoviensi.

283 4850 370 4923 Item
397 4852 504 4926 habet
529 4852 675 4926 ecclesia
702 4853 940 4926 cracoviensis
967 4853 1054 4927 duos
1078 4855 1329 4945 vicecnstodes,
1357 4873 1425 4936 nou
1444 4857 1640 4943 perpetuos,
1669 4850 1729 4922 sed

79 5036 84 5048 ,
177 4971 349 5063 macules,
377 4973 412 5043 in
431 4975 556 5064 quibus
574 4980 691 5046 custos
709 4974 948 5047 Cracoviensis
967 4975 1053 5047 nihil
1071 4978 1178 5047 habet
1195 4966 1463 5061 iurisdictionis,
1491 4979 1552 5044 aut
1570 4973 1728 5062 proprie·

178 5091 276 5182 16116,
301 5112 390 5183 quos
417 5094 604 5184 capitulum
632 5116 695 5185 pro
722 5108 936 5187 quocumque
962 5102 1119 5185 tempore
1146 5093 1456 5167 vicecnstodiarunr
1483 5090 1728 5182 praefatarum,

80 5203 85 5209 ’
177 5220 220 5281 eri
232 5220 447 5303 quacumque
461 5233 565 5286 66666
583 5216 735 5286 occurrit
753 5216 903 5304 vacatio,
924 5213 1076 5302 ordinat,
1095 5213 1249 5284 institnit
1267 5219 1303 5284 et
1320 5212 1427 5299 locat,
1445 5213 1617 5300 generalis
1637 5213 1729 5303 capi·
1783 5275 1786 5281 .
1918 5220 1924 5232 '

176 5328 242 5402 tuli
258 5331 491 5405 celebratione
509 5352 578 5406 non
597 5340 807 5440 exspectata.
847 5333 903 5404 Ad
921 5332 1171 5404 vicecustodias
1190 5338 1305 5403 autem
1324 5331 1521 5402 huiusmodi
1539 5326 1728 5422 capitulum
