4080 6068
1725 535 2002 621 θ’..

191 746 327 797 crucem
355 726 468 799 albam
495 725 732 815 deferentium,
761 727 828 798 duo
848 729 1069 818 monasteria,
1092 728 1242 819 Spiritus
1260 729 1378 804 Sancti
1396 734 1433 804 in
1456 733 1686 810 Gracovia
1713 746 1750 814 et

191 846 286 920 aliud
303 847 340 917 in
363 846 665 918 Sandomiria.
684 847 801 919 Habet
822 848 953 923 ordinis
976 848 1094 921 Sancti
1120 849 1301 941 Sepulchri
1313 852 1485 924 Dominici
1499 854 1749 951 Hierosolymi-

190 967 266 1065 tani
280 967 449 1057 duplicem
464 987 600 1039 crucem
622 970 765 1040 rubeam
792 969 1021 1042 deferentium
1043 971 1113 1042 tria
1135 974 1348 1044 monasteria
1371 974 1524 1047 virorum
1538 982 1747 1054 tantummo·
1866 1001 1872 1009 ·

192 1088 256 1207 (1ορ
274 1111 379 1160 unum
393 1090 428 1159 in
447 1088 690 1180 Myechorr,
709 1091 857 1163 alterum
876 1090 1023 1163 Sanctae
1041 1091 1209 1183 Hedvigis
1223 1094 1260 1164 in
1278 1093 1577 1188 Stradomya;
1604 1101 1747 1173 tertium

191 1211 228 1282 iu
255 1208 460 1300 Bython.
498 1208 616 1280 Habet
642 1209 773 1283 ordinis
800 1209 947 1282 Sanctae
974 1210 1148 1301 Brigittae
1175 1234 1281 1285 unum
1308 1215 1547 1288 tantummodo
1574 1223 1747 1291 monast-

191 1331 281 1405 rium
307 1330 461 1402 virorum
493 1337 530 1401 et
559 1329 786 1403 foeminarum
812 1331 849 1402 in
875 1351 1063 1422 commune,
1090 1332 1127 1403 in
1154 1333 1280 1422 oppido
1308 1332 1520 1407 Lublinensi.
1547 1336 1665 1413 Habet
1691 1361 1747 1412 or·

190 1437 281 1533 dinis
311 1449 487 1524 Minorem
519 1450 587 1522 duo
618 1453 831 1525 monasteria
856 1452 1094 1542 foeminarum,
1122 1452 1334 1525 sufficienter
1361 1460 1398 1525 et
1415 1456 1597 1545 magnifico
1614 1458 1745 1549 dotata,

191 1570 368 1655 videlicet:
386 1568 747 1657 GracovienseSancti
761 1573 924 1645 Andreae
939 1579 976 1645 et
992 1572 1229 1646 Sandeczense
1242 1574 1391 1647 Sanctae
1410 1575 1593 1650 Trinitatis
1612 1580 1647 1651 in
1665 1580 1746 1653 Au·

188 1693 323 1785 tique
355 1691 576 1783 Sandecz3
604 1693 757 1766 virorum
789 1715 872 1766 vero
890 1694 1059 1783 undecim,
1077 1694 1257 1767 videlicet:
1291 1696 1327 1768 in
1359 1695 1599 1788 cracovia,
1627 1698 1745 1773 Sancti

188 1814 374 1904 Francisci,
393 1814 429 1885 in
447 1813 565 1903 platea
581 1812 730 1886 fratrum
757 1822 794 1886 et
820 1814 938 1885 Sancti
957 1814 1166 1886 Bernardini
1183 1817 1219 1886 in
1248 1816 1532 1907 Stradomia,
1560 1819 1595 1890 iu
1619 1820 1746 1894 Nova

189 1933 414 2022 Sandecz‚
439 1933 717 2036 inAutiqua
748 1933 963 2022 Sandecz‚
982 1934 1018 2005 in
1046 1934 1282 2025 Tharnow,
1311 1938 1346 2007 in
1374 1937 1589 2030 Corczyn,
1607 1940 1644 2011 in
1667 1941 1745 2033 By·
1784 1894 1802 2006 f

190 2056 323 2141 thorn,
354 2055 390 2123 in
414 2052 690 2141 Zawichost,
717 2053 753 2123 in
781 2052 959 2142 Lublin,
1000 2054 1035 2123 iu
1066 2052 1328 2146 Oppathow,
1355 2058 1391 2128 in
1421 2057 1598 2130 Radom.
1629 2060 1746 2135 Habet

59 2272 65 2278 1
191 2173 323 2245 ordinis
353 2172 638 2243 Praedicatorum
673 2172 827 2258 virorum
859 2175 1098 2247 tantummodo
1133 2183 1211 2248 octo
1241 2180 1461 2269 monasteria,
1496 2179 1675 2251 videlicet:
1708 2183 1744 2255 in

98 2364 104 2369 .
191 2293 433 2385 Oraeovia,
464 2297 501 2368 in
536 2295 853 2384 Osswanczin,
879 2295 916 2366 in
951 2293 1342 2389 Oppathowyecz,
1378 2300 1415 2370 in
1442 2298 1680 2390 Bochuya,
1708 2303 1782 2378 in·

191 2415 422 2511 Smygrod,
450 2418 486 2488 in
518 2416 814 2490 Sandomiria
840 2417 928 2505 drro,
959 2415 1121 2487 videlicet
1147 2416 1265 2490 Sancti
1291 2418 1415 2490 Jacobi
1432 2415 1478 2490 'et
1504 2418 1639 2491 Mariae
1666 2420 1743 2493 Ma·
1924 2397 1926 2401 ‚

188 2538 365 2630 gdaleuae,
392 2540 427 2610 in
455 2538 633 2610 Lublin.
669 2538 786 2610 Habet
813 2536 945 2609 ordinis
972 2537 1089 2608 Sancti
1117 2537 1307 2628 Augustini
1334 2540 1558 2611 eremitarum
1589 2541 1744 2614 virorum

190 2667 340 2749 quatuor
374 2661 604 2749 monasteria,
633 2659 810 2730 videlicet:
838 2657 985 2730 Sanctae
1012 2657 1221 2730 Oatberinae
1257 2660 1293 2729 in
1326 2659 1596 2751 Casimiria,
1624 2664 1658 2733 in
1690 2664 1745 2734 ll-

188 2781 342 2870 kuscb,
361 2782 397 2851 in
424 2780 610 2870 Xanssz,
629 2780 719 2852 etin
738 2779 948 2871 Pylszuo.
965 2778 1083 2851 Habet
1101 2778 1234 2850 ordinis
1253 2779 1371 2850 Sancti
1389 2780 1577 2870 Augustini
1597 2783 1639 2854 de
1653 2783 1741 2855 Poe·
1838 2750 1844 2763 s

188 2902 337 2974 nitentia
360 2902 549 2973 Beatorum
576 2900 774 2992 Martyrum
793 2901 861 2973 duo
880 2900 1093 2972 monasteria
1106 2901 1260 2972 virorum
1279 2902 1531 2991 tantummodo,
1564 2904 1742 2976 videlicet:

188 3021 306 3095 Sancti
333 3021 445 3092 Marci
477 3022 512 3091 iu
536 3019 767 3093 Cracovia
793 3026 830 3092 et
856 3021 891 3091 in
919 3020 1162 3092 Trzczana.
1189 3020 1306 3093 Habet
1334 3022 1465 3094 ordinis
1492 3023 1594 3096 Beati
1623 3025 1742 3115 Augu-

187 3144 271 3214 stini
286 3142 508 3214 eremitarum
523 3142 566 3213 de
580 3150 697 3214 monte
712 3141 861 3214 Carmeli
880 3141 948 3213 duo
966 3142 1179 3213 monasteria
1196 3143 1350 3215 virorum
1369 3145 1627 3234 tantummodo,
1637 3168 1743 3218 uuum

187 3264 333 3336 Sanctae
361 3263 495 3334 Mariae
519 3263 555 3333 in
574 3262 804 3335 Oracovia
830 3263 865 3333 iu
893 3254 1055 3351 Arena,
1081 3260 1175 3333 aliud
1193 3263 1228 3333 in
1249 3263 1375 3354 oppido
1398 3263 1421 3335 J
1430 3264 1600 3355 aszyel.
1626 3265 1744 3337 Habet

161 3412 165 3423 ¹
184 3385 315 3472 ordinis
334 3384 436 3455 Beati
454 3383 635 3457 Benedicti
653 3383 697 3456 de
715 3383 921 3471 conditione,
953 3383 1071 3472 lingua
1102 3388 1138 3455 et
1163 3383 1236 3455 ritu
1267 3384 1458 3474 Slavorum,
1489 3386 1738 3457 monasterium

187 3527 291 3578 uuum
319 3512 419 3577 extra
448 3512 567 3609 muros
592 3503 849 3593 Cracovieuses,
881 3503 973 3593 quod
999 3503 1036 3573 in
1064 3503 1183 3593 lingua
1214 3504 1389 3576 slavonica
1420 3527 1493 3576 rem
1526 3506 1677 3577 divinam
1704 3513 1740 3577 et

187 3647 305 3699 omues
323 3628 427 3699 horas
445 3627 571 3717 explet.
597 3625 714 3697 Habet
736 3645 842 3696 unum
860 3624 1108 3695 monasterium
1125 3622 1353 3696 foeminarum
1371 3624 1518 3696 Sanctae
1538 3623 1685 3714 Agnetis
1705 3626 1740 3695 iu

186 3746 462 3840 Stradomya
488 3747 531 3818 de
558 3747 665 3819 tertia
692 3744 814 3836 regula
831 3742 951 3816 Sancti
969 3744 1154 3816 Francisci.
1182 3744 1298 3815 Habet
1325 3751 1361 3814 et
1385 3744 1421 3814 in
1440 3744 1587 3814 Sanctae
1606 3744 1742 3814 Mariae

187 3870 379 3958 parochiali
407 3867 552 3940 ecclesia
574 3868 611 3937 in
638 3865 866 3939 Cracovia
892 3865 1242 3955 archipresbyterum,
1261 3863 1389 3934 infulae
1416 3865 1547 3934 honore
1572 3870 1741 3953 perpetuo

143 3971 146 3974 ’
187 4009 207 4058 a
225 3990 305 4061 sede
332 3989 525 4080 apostolica
542 3987 809 4079 privilegiatum.
837 3985 954 4059 Habet
972 3993 1007 4056 et
1027 3985 1207 4073 collegium
1226 3984 1505 4072 psalteristarum
1532 3983 1574 4053 de
1593 3983 1743 4055 sedecim

186 4111 409 4203 presbyteris,
436 4108 526 4200 stipe
553 4108 736 4181 sufficienti
764 4107 936 4196 dotatum,
966 4126 1111 4196 quorum
1143 4125 1205 4194 per
1236 4104 1329 4175 vices
1357 4105 1566 4192 alternatos,
1593 4103 1629 4174 in
1657 4102 1741 4176 Ora-

186 4231 337 4304 coviensi
363 4232 486 4304 maiori
514 4231 675 4321 ecclesia,
702 4230 739 4301 in
765 4249 848 4301 voce
876 4248 1003 4298 canora
1029 4226 1179 4317 psalmos
1199 4224 1375 4296 davidicos
1394 4224 1522 4315 iugiter
1540 4224 1614 4296 Deo
1633 4231 1735 4298 nocte

186 4358 291 4442 atque
309 4353 461 4425 interdiu
479 4352 710 4443 psallentium,
736 4371 911 4440 uunquam
929 4349 1027 4419 deest
1046 4354 1250 4435 concentus;
1277 4352 1349 4419 tam
1368 4368 1449 4417 raro
1467 4345 1540 4418 ritu
1558 4351 1662 4436 atque
1682 4369 1737 4418 or-

186 4475 276 4565 dine,
303 4481 342 4546 ut
364 4474 542 4546 ecclesiam
570 4474 680 4564 ipsam
698 4492 761 4543 uec
779 4471 919 4542 minimo
939 4469 1075 4560 quidem
1095 4469 1214 4557 noctis,
1238 4472 1299 4538 aut
1314 4468 1383 4538 diei
1398 4472 1581 4555 momento,
1595 4486 1739 4536 uacuam

186 4602 222 4669 et
248 4618 270 4668 a
295 4595 455 4668 laudibus
469 4595 594 4667 divinis
610 4593 783 4666 offendere
810 4597 937 4682 posset,
961 4590 1130 4681 quomodo
1149 4590 1235 4661 libet
1252 4587 1421 4663 feriatam.
1449 4587 1515 4657 Est
1533 4591 1569 4657 et
1587 4585 1739 4656 ecclesiis

185 4718 441 4809 parochialibus
459 4717 504 4788 ad
522 4716 590 4788 duo
608 4716 717 4787 millia
734 4720 771 4785 et
789 4713 936 4803 amplius
959 4732 996 4782 se
1010 4710 1277 4782 extendentibus
1295 4708 1435 4797 famosa,
1454 4712 1509 4778 est
1526 4712 1563 4777 et
1580 4706 1740 4795 portione

184 4838 271 4929 ligni
287 4836 459 4909 Dominiei
476 4858 546 4910 non
565 4837 698 4927 exigua,
716 4842 788 4907 tam
806 4833 842 4905 in
861 4853 907 4923 se,
936 4852 1038 4924 quam
1056 4831 1092 4902 in
1119 4830 1253 4902 duobus
1281 4828 1509 4915 monasteriis,
1528 4824 1625 4896 Calvi
1645 4823 1739 4894 vide·
1794 4901 1802 4911 ‚

74 5035 77 5039 ,
127 4965 131 4975 “
184 4959 267 5032 licet
293 4960 420 5031 montis
438 4959 585 5031 Sanctae
613 4956 742 5047 Crucis,
769 4962 806 5028 et
831 4954 949 5026 Sancti
976 4952 1140 5027 Stanislai
1158 4950 1370 5022 Lublinensi.
1397 4947 1464 5017 Est
1490 4952 1526 5016 et
1549 4944 1645 5014 clavo
1670 4943 1740 5014 Do-

182 5081 268 5181 priui
298 5081 478 5154 verissimo
510 5101 573 5172 per
599 5078 791 5151 Jordauum
818 5074 1027 5148 cardinalem
1055 5073 1255 5163 episcopum
1282 5069 1503 5140 Hostiensem
1530 5064 1574 5135 de
1602 5063 1739 5136 Ursinis

185 5202 404 5276 serenissimo
432 5201 580 5293 principi
606 5198 853 5271 Vladislao
881 5195 1051 5286 Secundo,
1069 5193 1234 5265 Polouiae
1252 5191 1337 5281 regi,
1356 5194 1392 5260 et
1414 5185 1622 5276 Zophiae
1649 5185 1740 5276 regi-

183 5343 257 5449 nae
285 5322 439 5395 consorti
465 5341 557 5411 suae,
583 5319 688 5391 misso
717 5326 754 5392 et
780 5319 944 5392 ecclesiae
972 5313 1192 5388 cracoviensi
1219 5331 1282 5402 per
1307 5311 1421 5401 ipsum
1442 5327 1558 5398 regem
1586 5313 1622 5378 et
1645 5308 1738 5398 regi-

184 5464 265 5522 nam
305 5443 452 5531 donato,
483 5447 525 5514 et
555 5439 689 5513 duobus
720 5438 873 5533 Philippi
909 5437 1027 5512 Sancti
1058 5433 1196 5525 digitis,
1226 5451 1290 5524 per
1324 5428 1590 5503 Martiuum'
1615 5447 1740 5524 papam
