4080 6068
238 340 310 409 oia

240 552 391 619 erectum
420 554 457 618 et
482 545 639 617 dotatum
666 547 883 637 pertinebat,
908 564 979 617 uua
1005 564 1083 617 cum
1110 541 1353 631 corcedomus
1380 543 1639 635 lapideae-per
1662 540 1816 623 eosdem

240 668 417 739 consules·
434 666 620 737 Sandecen.
665 666 836 738 altaristis
880 666 1095 755 assignatae,
1129 664 1227 735 cuius
1246 742 1253 751 ,
1271 664 1409 754 quidem
1454 662 1646 801 cuntem
1659 664 1815 755 ...iuspe-

236 794 397 859 tronatus
433 794 469 858 et
503 788 766 878 praesentandi,
808 787 942 877 quoties
969 786 1063 858 illam
1098 804 1162 875 per
1187 804 1323 857 cessum
1359 785 1414 856 vel
1449 766 1809 871 deocss‘rjm.,mre

239 909 433 999 continget,
460 909 504 1009 ad
523 909 680 979 consules
707 906 941 980 Sandecenses
966 927 1030 997 pro
1047 912 1204 996 tempore
1222 906 1380 978 volumus
1406 912 1577 997 perpetuo
1605 906 1809 999 pertinere,

238 1050 366 1119 eosque
393 1030 590 1118 praedictae
618 1029 793 1101 custodiae
813 1028 1029 1099 decemimus
1055 1048 1167 1117 seros,
1193 1026 1367 1117 legitimos
1396 1032 1431 1099 et
1457 1028 1579 1099 unicos
1608 1026 1811 1102 collatores

239 1157 276 1220 et
301 1156 474 1240 patronos,
503 1149 545 1219 de
574 1171 719 1239 quorum
747 1149 965 1238 beneplacito
993 1154 1028 1219 et
1055 1168 1219 1237 expresso
1246 1167 1416 1219 consensu
1439 1154 1476 1219 et
1493 1132 1684 1219 uoluntate
1703 1170 1810 1239 prae·

237 1270 344 1341 fatam
371 1270 562 1341 custodiam
591 1291 633 1340 ex
653 1270 757 1341 altari
784 1290 903 1340 eorum
931 1269 1222 1358 praesentationis
1249 1268 1479 1359 fundavimus,
1505 1270 1809 1359 inrepatronatus

238 1390 391 1463 eiusdem
419 1391 595 1462 custodiae
623 1391 673 1462 eis
701 1391 922 1462 nihilominus
949 1396 1137 1461 reservato.
1164 1390 1251 1460 Item
1270 1391 1382 1480 primo
1401 1390 1620 1461 canonicatui
1639 1395 1684 1463 et
1702 1412 1812 1483 prae-

237 1513 371 1583 bendae
399 1512 566 1583 decimam
589 1513 838 1601 nrarripularem
865 1512 901 1581 in
928 1511 1013 1582 villa
1038 1509 1399 1582 Ghochorouice
1425 1517 1506 1601 post
1531 1531 1656 1583 omnes
1677 1518 1719 1585 et
1736 1515 1812 1587 siu·

238 1633 338 1724 gulos
375 1633 530 1703 eiusdem
565 1633 669 1704 uillae
696 1610 866 1722 agrame
893 1653 961 1722 qua
994 1633 1103 1722 ipsam
1129 1631 1362 1721 praebendam
1391 1629 1681 1704 Chochorowska
1708 1633 1814 1707 velu-

237 1776 313 1825 mus
354 1754 534 1824 nominari.
577 1754 664 1824 Item
707 1754 858 1824 secundo
894 1752 1111 1823 canorrIcatui
1147 1750 1314 1823 decimam
1349 1751 1600 1842 manipularem
1636 1753 1681 1827 in
1720 1754 1814 1829 villa

239 1874 531 1964 Nieszkowa‚
568 1881 648 1964 post
686 1895 804 1945 omines
837 1879 873 1945 et
899 1873 1053 1964 singulos
1088 1873 1203 1944 dIctae
1237 1872 1342 1943 villae
1369 1893 1491 1964 agros,
1527 1894 1648 1965 aqua
1687 1876 1814 1968 ipsam

238 1996 472 2085 praebendam
499 1995 749 2067 Nieszkowslra
779 1994 990 2085 percipimus
1026 1993 1210 2083 designari.
1249 1993 1339 2065 Item
1373 1994 1479 2065 tertio
1512 1996 1751 2071 canomcatui
1776 2005 1818 2071 et

239 2116 458 2205 praebendae
502 2117 669 2188 decimam
705 2115 956 2204 manipularem
998 2116 1033 2185 in
1075 2115 1158 2185 villa
1197 2115 1479 2205 Damhrowa,
1521 2136 1543 2186 a
1584 2138 1660 2207 qua
1705 2139 1817 2211 prae-

239 2237 366 2308 dictam
399 2238 631 2326 praebendam
666 2236 918 2307 Dambrowsha
954 2236 1124 2326 appellari
1160 2235 1327 2307 volumus.
1367 2235 1453 2306 Item
1490 2242 1618 2328 quarto
1658 2242 1820 2315 canom-

240 2359 333 2429 catui
361 2364 398 2428 ct
424 2357 641 2447 praebendae
670 2356 835 2428 decimam
863 2357 1114 2447 manipularem
1152 2357 1188 2427 in
1222 2357 1346 2427 manri
1382 2363 1482 2447 parte
1516 2358 1819 2456 BIeganice‚

239 2484 319 2569 post
358 2479 461 2550 villae
502 2479 701 2570 praedictae
741 2499 864 2569 agree,
906 2500 927 2548 a
964 2500 1032 2569 qua
1071 2478 1285 2568 praedictam
1326 2478 1558 2568 praebendam
1595 2480 1821 2573 Bieganska

240 2600 406 2689 aqopellari
434 2600 608 2689 volutans,
637 2620 725 2689 quae
744 2599 882 2689 quidem
910 2621 1028 2670 onrrnes
1056 2605 1206 2689 quatuor
1232 2600 1385 2671 decimae
1411 2600 1599 2690 praedIctiS
1625 2606 1817 2695 praeben-

241 2721 294 2791 dis
321 2742 384 2810 per
409 2741 473 2792 nos
501 2721 702 2810 adiunctae,
739 2721 821 2792 oiim
848 2719 892 2791 ad
921 2720 1098 2791 ecclesiam
1125 2721 1359 2811 parochialem
1395 2722 1430 2793 in
1467 2722 1817 2814 Podegrodzie

242 2842 472 2930 pertinebant.
515 2842 663 2932 Insuper
689 2862 752 2932 pro
779 2841 1047 2932 praemissorum
1075 2841 1198 2912 maiori
1235 2842 1371 2913 cautela
1398 2848 1433 2913 et
1460 2843 1664 2916 substantia
1694 2848 1815 2921 eccle·

242 2963 315 3034 slae
341 2962 550 3052 parochiaIIs
577 2963 613 3033 in
639 2962 980 3052 l'odegrodzie,
1006 2963 1147 3034 titulum
1175 2964 1239 3034 sub
1258 2963 1507 3035 ratihabitione
1532 2964 1811 3055 praedictorum

239 3072 387 3155 fratrum
414 3088 610 3154 nostrorum
647 3083 883 3173 praelatorum
910 3089 947 3155 et
974 3085 1217 3155 canonicorum
1245 3085 1388 3174 capituli
1421 3083 1667 3157 cracoviensis
1696 3088 1812 3163 sulle-

243 3226 378 3292 cannm,
414 3204 567 3275 delemus
603 3211 639 3275 et
666 3204 916 3295 extinguimus
952 3212 989 3277 et
1019 3226 1061 3277 ex
1099 3205 1158 3277 ilia
1193 3204 1474 3285 archidiaconum
1500 3186 1695 3280 snndecen'.
1727 3230 1811 3283 cre·

239 3347 337 3396 arnus
373 3331 409 3396 et
448 3326 712 3418 constituimus,
749 3332 785 3397 et
819 3326 1032 3417 praedictam
1069 3327 1248 3397 ecclesiam
1283 3326 1320 3396 in
1346 3324 1675 3417 Podegrodzie
1703 3328 1808 3403 dicto

240 3447 538 3517 archidiaconatui
565 3448 713 3537 unimam,
742 3448 1007 3537 appropriantes
1036 3454 1071 3519 et
1098 3447 1346 3519 invisceramus
1373 3466 1449 3519 cum
1477 3447 1637 3519 omnibus
1666 3455 1706 3523 eb
1728 3451 1808 3521 siu-

243 3568 334 3655 gulis
362 3568 502 3638 decimis
530 3569 802 3658 inarripularihns
831 3569 864 3638 in
893 3568 993 3639 villis:
1021 3568 1235 3658 Eumenia,
1262 3568 1397 3658 Regi,
1424 3569 1805 3663 Noszacowicze,

243 3688 390 3758 Parva
426 3689 644 3778 Olsrana,
680 3690 904 3778 Swidnik,
931 3690 1187 3760 luukowica.
1231 3690 1318 3759 Item
1347 3690 1496 3761 decimas
1523 3695 1604 3780 post
1630 3698 1801 3767 araturas

242 3809 378 3879 scolteti
399 3817 434 3879 et
448 3809 673 3880 blandreonis
692 3811 728 3880 in
746 3809 1076 3899 Podagrodzie.
1095 3811 1182 3881 ltem
1202 3810 1352 3883 decimas
1377 3811 1565 3882 Icrtonales
1583 3818 1620 3882 et
1638 3833 1802 3885 annonas

243 3931 469 4000 ducentarum
498 3931 748 4021 (prinquaghrta
774 3952 1012 4000 ruerrsurarum
1049 3952 1177 4002 arenae
1205 3932 1239 4001 in
1267 3931 1372 4020 sillia,
1410 3953 1496 4022 quae
1532 3931 1576 4003 ad
1613 3933 1800 4006 eeclesham

241 4051 276 4120 iu
313 4050 638 4140 l'orlcgrodnie
679 4052 937 4140 quomodolibet
973 4052 1048 4122 iure
1080 4052 1270 4141 parochiali
1306 4054 1546 4143 perimebant,
1579 4059 1616 4124 et
1649 4076 1801 4144 genera-

242 4171 323 4240 liter
354 4192 430 4240 cnm
467 4172 625 4242 onrrribus
653 4172 730 4242 aliis
767 4172 918 4261 decimis
945 4171 1154 4261 redditibus²
1183 4172 1383 4244 introitibus
1411 4174 1575 4264 (quiaque
1602 4175 1800 4265 manipula-

245 4293 341 4362 ribus
378 4291 519 4362 decimis
552 4292 724 4363 insiliis:
762 4293 1145 4381 Chachorowice‚
1182 4293 1469 4384 Nieszkoua‚
1503 4295 1798 4387 Dambrowa,

241 4413 515 4502 Bieganice‚
541 4413 780 4504 Zarzecrc,
808 4417 966 4506 excepto)
995 4415 1052 4502 ita,
1080 4421 1119 4484 ut
1145 4414 1345 4486 decaetero
1374 4423 1410 4485 et
1435 4416 1594 4487 inantea
1621 4417 1800 4491 archidia-

240 4555 346 4604 conus
374 4534 600 4605 Saruleccnsis
642 4536 839 4606 nominetur
875 4543 911 4606 et
939 4557 1056 4606 curam
1093 4536 1284 4606 arrimarum
1313 4536 1427 4606 dictae
1455 4537 1536 4607 olirn
1564 4537 1734 4617 ecclesiae
1762 4540 1800 4611 iu

241 4655 563 4744 Podegrodzic
600 4662 635 4727 et
662 4657 963 4728 archidiaconatus
999 4657 1226 4728 Sandecensis
1266 4657 1301 4727 iu
1330 4657 1478 4728 solidum
1503 4664 1622 4749 gerat,
1658 4659 1799 4752 sibique

240 4777 283 4846 de
311 4776 402 4846 dicto
430 4778 716 4849 archidiaconatu
743 4778 952 4849 Sandecensi
979 4779 1053 4849 eius
1089 4780 1270 4850 vocatione
1306 4779 1565 4869 quomodolibet
1590 4788 1801 4855 occurrente

239 4890 340 4968 simul
369 4905 404 4967 et
431 4897 535 4969 semel
556 4920 632 4969 cum
652 4899 727 4989 ipsa
746 4899 891 4970 ecclesia
918 4900 953 4969 in
981 4899 1305 4989 Podegrodzie
1333 4900 1567 4989 provideatur.
1593 4901 1683 4973 Ibem
1702 4902 1800 4975 rIca-

239 5019 301 5090 riis
330 5020 494 5091 eeclesiae
523 5021 750 5091 Sandecensis
790 5021 1005 5111 praedictae,
1042 5022 1191 5092 decimas
1226 5021 1460 5110 manipulares
1487 5022 1523 5093 in
1551 5021 1644 5093 uillis
1671 5022 1801 5097 Dam-

240 5141 394 5213 browa
422 5143 455 5215 in
483 5148 688 5234 unaparte:
717 5142 989 5234 Bielouicc,
1016 5141 1261 5234 Gorzhou,
1290 5141 1804 5232 Chroslice,01binka.
