4050 6054
1471 397 1916 579 ''serl

232 678 390 749 omnibus
426 677 573 747 solvitur
609 675 742 746 decima
776 674 1002 764 manipularis
1037 673 1255 763 praebendae
1291 672 1462 743 secundae
1496 671 1531 742 S.
1563 669 1705 762 Georgii
1727 678 1776 771 ⁴et

232 797 398 872 inducunt
429 816 503 867 eam
532 796 730 867 cmethones
758 795 793 865 in
820 794 1032 865 borreum'a
1058 794 1221 864 canonico
1248 793 1449 882 locandum,
1485 797 1521 863 et
1546 792 1645 863 valor
1670 792 1785 865 aestiv

230 923 347 989 matur
372 918 508 989 eiusad
528 917 708 988 duodecim
735 936 878 1004 marcas,
906 916 990 986 item
1009 914 1175 985 decimam
1194 913 1392 1002 canapalem
1419 912 1525 985 solvit
1551 934 1614 1002 per
1632 917 1779 1003 quatuor

231 1040 418 1109 iuncturas.
454 1038 541 1108 Item
568 1037 715 1107 taberna
741 1057 811 1106 nna
836 1036 968 1106 habens
996 1056 1108 1125 agros,
1136 1036 1220 1105 item
1247 1035 1468 1105 hortulaniaa
1495 1034 1584 1105 duae
1609 1032 1778 1107 habentes

231 1180 343 1248 agros,
363 1151 413 1229 ‘de
441 1159 565 1248 quibus
593 1159 752 1229 omnibus
780 1156 927 1228 solvitur
954 1156 1085 1227 decima
1111 1154 1337 1245 manipularis
1363 1155 1581 1245 praebendae
1608 1154 1779 1239 secundae

232 1279 264 1350 S.
291 1278 433 1369 Georgii
452 1280 487 1351 in
503 1276 721 1373 ponitbwonc
748 1278 832 1348 item
858 1277 1001 1368 praedia
1027 1298 1095 1349 non
1113 1276 1288 1364 militaria,
1315 1296 1426 1366 neque
1453 1277 1557 1346 ctiam
1584 1276 1690 1366 regia,
1718 1275 1779 1349 sed

232 1401 439 1471 scultetialia
466 1400 543 1489 duo,
572 1406 608 1471 et
633 1400 677 1470 de
704 1400 886 1490 utriusque
913 1399 1008 1488 agris
1035 1397 1182 1469 solvitur
1209 1395 1342 1467 decima
1364 1396 1588 1487 manipularis
1615 1397 1779 1469 ecclesiae

231 1520 420 1610 parochiali
447 1521 483 1591 in
510 1519 746 1591 Trzczana
773 1525 809 1590 ot
836 1519 1069 1606 conventuali3
1097 1518 1255 1589 scoltetia
1281 1519 1372 1589 enim
1399 1518 1514 1588 estin
1541 1517 1660 1589 eadem
1686 1518 1778 1610 villa,

156 1622 159 1629 ’
232 1641 322 1713 duos·
344 1641 582 1714 tantummodo
609 1642 742 1712 habens
769 1641 897 1730 laneos,
924 1640 959 1710 in
987 1640 1055 1710 duo
1082 1631 1226 1729 praedia
1252 1638 1391 1711 divisos.
1595 1716 1598 1723 λ

336 1761 602 1851 Lroszoszmn,
628 1761 713 1833 villa
739 1762 802 1832 sub
831 1761 995 1850 parocbia
1021 1760 1187 1831 ecclesiae
1215 1760 1258 1830 de
1329 1816 1337 1830 .
1356 1814 1364 1828 .
1382 1759 1491 1851 „sita
1517 1744 1779 1850 imprimebam
1913 1859 1916 1862 Α

231 1884 400 1960 asseritur
425 1882 448 1954 J
460 1865 665 1953 ohannes
683 1879 923 1953 Gracoviensis
950 1882 1130 1971 episcopus
1158 1880 1324 1963 decimam
1350 1870 1564 1970 pecunialem
1591 1879 1778 1953 contulisse

232 2003 449 2095 praebendae
477 2001 647 2074 secundae
666 2002 698 2073 S.
713 2000 874 2094 Georgii,
902 2002 1058 2075 sednon
1085 1982 1140 2073 est
1166 2001 1364 2092 praebenda
1390 2001 1425 2072 in
1453 2001 1526 2087 eius
1553 2002 1779 2107 possessione.

518 2361 522 2369 ⁸
658 2265 800 2345 Tertia
834 2265 1074 2368 praebenda
1108 2266 1149 2345 S.
1182 2265 1365 2368 Georgii.

338 2487 457 2557 Tertia
483 2484 682 2576 praebenda
708 2486 740 2557 S.
768 2484 912 2576 Georgii
938 2508 1001 2576 por
1027 2485 1272 2556 Matthiam
1299 2486 1499 2576 episcopum
1526 2446 1780 2572 Vladislavien-

235 2630 315 2698 sem,
342 2608 490 2678 nobilem
520 2608 562 2678 de
590 2608 695 2678 armis
723 2607 923 2697 prpor,
946 2608 993 2678 'de
1020 2628 1189 2678 consensu
1206 2607 1314 2678 totius
1333 2607 1476 2697 capituli
1493 2607 1781 2680 vladislaviensis
1868 2592 1872 2598 ’
1917 2646 1920 2655 ·

239 2729 283 2800 ad
310 2729 511 2819 petitionem
539 2727 759 2799 Gasimiri
785 2729 878 2817 regis
905 2727 1104 2799 Secundi
1130 2727 1211 2798 data
1238 2732 1274 2798 ot
1300 2728 1421 2798 dotata
1447 2735 1510 2818 est,
1537 2731 1573 2798 et
1599 2729 1682 2800 villa
1709 2729 1780 2819 epi-

236 2851 384 2940 scopalis
410 2849 433 2921 J
443 2849 660 2920 ancaicze
688 2849 774 2921 alias
800 2849 823 2921 J
834 2850 1030 2920 anczina
1055 2848 1215 2939 Wolya
1241 2848 1292 2920 illi
1319 2850 1355 2919 in
1382 2849 1497 2920 dotem
1525 2851 1710 2940 assignate,
1737 2849 1780 2920 de

235 2993 303 3062 qno
329 2972 478 3068 habetur
503 2971 606 3041 litera
629 2970 788 3060 specialis
815 2971 924 3061 ipsius
951 2970 1101 3060 episcopi
1128 2968 1358 3040 Matthiae
1385 2971 1602 3060 originaliter
1629 2971 1664 3042 in
1683 2952 1781 3042 aera·

231 3069 288 3165 rio
323 3091 560 3184 Gracovionsi,
605 3091 701 3160 cuius
736 3092 997 3181 iuspetronatus
1032 3091 1076 3161 ad
1112 3091 1369 3162 serenissimum
1404 3091 1580 3162 dominum
1615 3091 1781 3163 Poloniae

234 3233 351 3305 regem
377 3214 549 3302 pertinet,
594 3232 695 3301 quam
723 3233 813 3282 nunc
839 3213 972 3282 obtinet
1000 3209 1171 3301 Georgius
1198 3210 1441 3300 Lythwosz
1469 3211 1511 3283 de
1538 3212 1782 3302 Kazanow,

234 3333 360 3405 nobilis
387 3333 430 3403 de
458 3333 558 3403 domo
586 3329 996 3422 Graymal‘itsrnm,
1033 3332 1130 3402 cuius
1157 3330 1371 3422 infrascripti
1398 3338 1480 3405 sunt
1506 3339 1703 3423 proventus.

338 3453 542 3525 Junezrczn
570 3453 656 3524 alias
682 3451 938 3544 dnuemczssn
965 3451 1127 3541 Wonrn,
1154 3452 1238 3522 villa
1264 3454 1327 3524 sub
1354 3453 1521 3543 parocbia
1547 3454 1718 3554 ecclesiae
1739 3456 1782 3526 de

235 3555 563 3664 Baczlrowicze
590 3572 673 3642 villa
699 3573 784 3662 sita,
812 3572 908 3643 cuius
935 3572 1131 3663 proprietas
1158 3578 1195 3644 at
1221 3573 1408 3643 dominium
1435 3573 1480 3645 ad
1506 3575 1649 3645 tertium
1682 3596 1782 3666 prae-

234 3695 440 3767 bendarium
466 3693 568 3784 pleno
595 3695 670 3763 iure
693 3693 855 3783 pertinet,
883 3693 919 3762 in
937 3713 1006 3783 qua
1024 3698 1104 3765 sunt
1122 3693 1246 3783 viginti
1265 3698 1414 3784 quatuor
1431 3695 1523 3766 lanei
1541 3696 1783 3787 emethonales,

236 3822 272 3887 et
299 3816 445 3907 quilibet
472 3815 577 3886 solvit
599 3814 729 3886 tertiae
755 3813 975 3904 praebendae
1002 3834 1066 3904 pro
1093 3835 1207 3885 annuo
1236 3836 1340 3887 censu
1367 3816 1626 3906 quatuordecim
1642 3810 1783 3907 gnosios

236 3937 383 4025 usuales,
410 3937 494 4007 item
521 3937 666 4025 triginta
684 3956 758 4026 ova,
786 3936 869 4006 item
887 3936 974 4007 duos
993 3955 1120 4025 caseos,
1148 3935 1232 4007 item
1259 3937 1345 4007 duos
1371 3937 1493 4027 gallos
1520 3937 1603 4008 item
1621 3941 1784 4011 tenentur

236 4058 387 4148 propriis
413 4057 591 4129 laboribus
610 4062 645 4128 et
663 4057 791 4128 aratris
818 4078 925 4128 unum
951 4078 1108 4149 campum
1136 4057 1357 4149 praedialem,
1384 4065 1420 4130 et
1447 4045 1551 4130 alium
1578 4081 1642 4150 pro
1660 4060 1783 4152 hyeme

236 4201 347 4270 arare,
375 4179 554 4269 seminare,
581 4183 710 4249 metere
738 4184 774 4249 ct
801 4179 836 4248 in
863 4180 1026 4250 horreum
1052 4178 1234 4270 inducere,
1262 4180 1305 4251 de
1330 4179 1513 4252 frumentis
1538 4161 1655 4252 tamen
1682 4202 1784 4253 cano-

236 4301 305 4371 nicl
322 4354 463 4370 ......
490 4300 592 4400 Item⁸
606 4304 660 4370 ost
686 4300 722 4370 in
750 4300 870 4370 eadem
896 4300 980 4371 villa
1006 4301 1191 4392 scultetus,
1228 4302 1287 4392 qui
1312 4302 1419 4373 habet
1445 4302 1532 4373 duos
1558 4302 1677 4375 laneos
1703 4323 1783 4393 pro-

236 4423 333 4514 prios
359 4428 395 4493 et
421 4426 524 4512 prata
551 4425 586 4491 et
613 4421 747 4511 sylvas,
783 4422 867 4492 item
901 4421 1008 4493 habet
1043 4443 1146 4493 unam
1181 4423 1362 4495 tabernam
1398 4408 1582 4495 habentem
1618 4444 1721 4519 agros
1748 4432 1785 4497 et

236 4547 350 4634 prata,
377 4549 414 4644 et
440 4542 586 4614 scolteto
614 4541 718 4614 solvit
745 4562 895 4631 censum,
923 4544 1005 4614 item
1025 4544 1061 4613 in
1079 4543 1198 4616 eadem
1225 4544 1309 4615 villa
1335 4551 1390 4616 est
1413 4535 1562 4616 taberna
1588 4566 1659 4616 una
1684 4566 1786 4618 cano-

237 4664 307 4735 nici
332 4664 465 4735 babens
493 4684 595 4752 agros
631 4668 668 4733 et
694 4669 813 4753 prata,
841 4667 877 4734 et
905 4663 1009 4735 solvit
1043 4685 1108 4754 pro
1136 4685 1240 4736 censu
1276 4686 1379 4736 unam
1413 4686 1565 4737 marcam
1600 4668 1786 4757 canonico;

237 4786 323 4856 item
350 4789 432 4855 sunt
458 4784 547 4854 duae
573 4783 792 4854 bortrdaniae
826 4783 996 4856 habentes
1024 4805 1145 4876 agros,
1173 4791 1209 4857 et
1236 4786 1381 4876 quilibet
1416 4787 1622 4859 hortulanus
1637 4788 1786 4861 laborat

238 4927 344 4976 unum
362 4904 453 4975 diem
471 4904 507 4974 in
526 4903 720 4993 septimana
745 4904 918 4995 pedester;
944 4906 1027 4978 item
1046 4913 1119 4978 tam
1137 4906 1345 4997 emethones‚
1372 4912 1444 4978 tam
1466 4908 1652 4999 hortulani,
1670 4909 1799 5003 taber-¹

239 5031 351 5113 nator,
378 5044 481 5113 qaam
500 5024 666 5095 scultetus
684 5024 823 5096 solvunt
841 5025 1008 5096 decimam
1025 5027 1277 5116 manipularem
1294 5026 1512 5117 praebendae
1530 5027 1788 5121 Janczyczskey

239 5151 275 5216 et
302 5165 377 5215 eam
404 5143 556 5234 propriis
583 5144 743 5216 curribus
778 5146 945 5217 inducunt
970 5147 1007 5217 in
1034 5147 1198 5219 borreum
1225 5147 1422 5219 canonicale
1453 5148 1489 5217 in
1515 5148 1785 5242 lanosicco,

240 5271 275 5336 et
295 5265 400 5336 «valor
435 5265 638 5369 aestimatur
666 5265 740 5336 eius
776 5267 820 5337 ad
848 5288 909 5338 sex
936 5288 1090 5355 marcas3
1125 5269 1209 5339 item
1240 5268 1372 5338 decima
1407 5270 1591 5359 cenapolis.
1635 5271 1722 5341 Item
1748 5272 1789 5341 in

240 5387 360 5461 eadem
386 5386 470 5461 villa
496 5391 577 5460 sunt
603 5394 677 5459 tres
704 5388 857 5478 piscinae
884 5389 995 5464 bonae
1023 5390 1252 5486 canonicales,
1278 5390 1362 5466 item
1380 5391 1416 5467 in
1435 5389 1555 5467 eadem
1582 5392 1664 5464 villa
1681 5393 1787 5467 habet
