4050 6054
435 499 509 571 488

432 706 465 777 S.
492 706 647 777 Floriani
671 702 868 777 beneficiati
894 703 930 775 in
958 724 1136 775 commune
1163 701 1358 793 conferunt,
1386 721 1489 794 quam
1515 722 1606 774 nunc
1632 706 1729 773 tenet
1755 698 1914 773 Clemens
1925 697 1987 799 ⁸de

432 884 440 898 .
468 885 475 898 .
504 884 511 898 .
537 828 731 919 presbyter,
759 846 847 916 quae
874 847 938 916 pro
966 847 1028 896 suo
1054 824 1160 896 fundo
1187 826 1293 896 babet
1318 831 1508 913 prouentus
1535 823 1785 913 infrascriptos
1803 829 1838 893 et
1855 823 1981 913 primo:

430 949 608 1038 praelatus
634 948 929 1038 r'icepraepositus
955 946 1143 1036 participat
1162 946 1204 1016 de
1222 947 1448 1034 proventibus
1467 946 1704 1017 communibus
1723 944 1869 1014 aliorum
1889 944 1986 1015 rica-

432 1071 561 1140 riorum
589 1068 622 1139 S.
650 1068 814 1157 Floriani,
840 1068 1002 1138 uidelicet
1029 1068 1072 1138 de
1091 1068 1223 1157 quartis
1242 1072 1275 1137 et
1295 1067 1495 1137 introitibus
1514 1066 1615 1136 uillae
1633 1066 1872 1153 Zabloeze,
1890 1065 1990 1153 item,

431 1191 474 1261 de
501 1190 689 1277 offertorio,
717 1189 799 1258 item
827 1188 869 1258 de
897 1188 1078 1258 duodecim
1104 1189 1240 1277 marcis,
1268 1209 1353 1276 quas
1373 1187 1546 1276 collegiati
1565 1187 1724 1276 magistri
1743 1187 1883 1256 ricariis
1901 1185 1990 1255 dare

431 1316 683 1382 consueverunt
710 1311 744 1378 in
771 1310 962 1391 conrmuni3
989 1310 1072 1378 itcm
1100 1308 1143 1378 do
1170 1309 1328 1378 omnibns
1355 1309 1484 1397 apullia,
1511 1309 1594 1378 item
1622 1308 1666 1377 de
1690 1307 1861 1377 universis
1879 1326 1992 1397 quae-

432 1433 544 1503 stibus
570 1431 734 1522 ecclesiae
761 1429 794 1500 S.
820 1429 975 1499 Floriani
1002 1430 1037 1499 in
1066 1429 1235 1500 communi
1264 1429 1556 1517 provenientibus.

535 1552 623 1621 ltem
650 1551 843 1620 uicecustos
878 1571 942 1638 pro
969 1556 1125 1639 tempore
1152 1550 1259 1620 habet
1285 1550 1461 1650 propriam
1489 1549 1627 1619 domum
1655 1550 1691 1617 in
1717 1546 1926 1619 coemeterio
1952 1542 1992 1619 S.

432 1672 588 1743 Floriani
615 1672 727 1741 sitam.

536 1793 683 1881 Weber,
710 1790 794 1861 uilla
818 1791 917 1881 regia
944 1792 1008 1862 sub
1034 1792 1200 1882 parocbia
1226 1792 1269 1862 de
1296 1791 1479 1862 Buszlro
1507 1793 1585 1881 sita,
1612 1792 1648 1862 in
1668 1812 1738 1881 qna
1755 1791 1878 1880 viginti
1899 1810 1990 1881 qua·

433 1919 512 1984 tuor
547 1913 639 1982 lanei
674 1912 927 2000 cmetlronaleS,
954 1911 1088 1983 duobus
1115 1913 1253 1983 scolteti
1280 1912 1440 2002 inclusis,
1469 1913 1619 2002 quinque
1644 1912 1883 2001 hortulaniae,
1909 1916 1992 1983 tres

433 2090 440 2103 .
468 2089 476 2102 .
503 2089 530 2121 .,
556 2033 599 2103 de
626 2034 750 2122 quibus
777 2034 936 2104 omnibus
963 2033 1069 2103 datur
1095 2033 1227 2103 decima
1254 2034 1481 2122 manipularis
1502 2053 1566 2122 pro
1584 2034 1796 2105 monasterio
1813 2032 1993 2123 Pyandzi-

433 2155 613 2256 czoriensi,
640 2160 677 2224 et
702 2156 776 2224 eius
804 2155 1009 2224 aestimatur
1037 2154 1134 2224 valor
1161 2154 1204 2224 ad
1228 2155 1364 2243 triginti
1385 2174 1528 2225 marcas.
1554 2155 1641 2225 Item
1660 2160 1715 2224 est
1737 2155 1785 2225 ibi
1803 2153 1993 2245 praedium

432 2277 565 2365 regium
593 2277 769 2365 optimum,
793 2275 835 2345 de
863 2276 960 2345 cuius
986 2276 1080 2364 agris
1107 2275 1256 2345 solvitur
1286 2275 1419 2346 decima
1446 2275 1669 2364 manipularis
1701 2297 1765 2364 pro
1793 2275 1992 2347 vicecusto-

434 2397 493 2466 dia
519 2394 552 2465 S.
578 2378 732 2466 Floriani
769 2401 868 2465 extra
903 2416 1020 2466 muros
1055 2394 1322 2484 (boemienses,
1349 2397 1446 2466 cuius
1482 2396 1580 2466 calor
1607 2396 1651 2466 ad
1679 2395 1765 2465 duas
1791 2416 1992 2486 sexagenas

434 2519 649 2588 aestimatur.

794 2780 928 2859 Prima
963 2779 1204 2885 praebenda
1237 2779 1350 2861 dicta
1383 2777 1634 2886 Ozapplslca.

543 2999 661 3070 Prima
696 3001 894 3090 praebenda
920 3002 956 3071 in
983 3002 1127 3072 ecclesia
1154 3000 1186 3071 S.
1213 3001 1368 3071 lloriani
1404 2999 1573 3091 Cmplska
1598 2989 1772 3091 appellata
1799 3006 1870 3091 est,
1897 3020 1992 3092 quae

435 3129 515 3193 ante
542 3122 828 3211 adaequationcm
856 3123 1007 3193 babebat
1033 3124 1163 3193 curiam
1182 3128 1218 3192 ct
1235 3123 1415 3211 praedium
1434 3124 1469 3193 in
1488 3122 1662 3194 blinori
1689 3122 1881 3214 Caplye3
1906 3144 1988 3194 eam

435 3265 525 3313 nunc
551 3243 786 3331 praebendam
811 3248 907 3313 tenet
932 3243 1099 3332 magister·
1121 3242 1314 3314 Stanislaus
1333 3244 1375 3313 de
1395 3243 1625 3334 Brzeziny
1652 3264 1770 3314 sacrae
1787 3242 1990 3332 theologiae

435 3363 621 3453 professor,
648 3384 736 3453 quae
762 3385 826 3452 pro
854 3385 918 3434 sua
943 3365 1336 3457 proprietatelbabebat
1361 3372 1550 3452 proventus
1577 3363 1825 3454 infrascriptos.

540 3482 713 3555 Oznrmrn
739 3483 886 3575 Minoa,
914 3485 997 3554 rilla
1033 3485 1096 3556 sub
1133 3486 1299 3573 parocbia
1324 3485 1489 3555 ccclesiae
1516 3485 1559 3555 do
1586 3483 1758 3556 Maiori
1784 3484 1988 3576 Czaplye

435 3604 512 3693 sita,
540 3623 627 3694 quae
656 3602 828 3691 quondam
854 3610 932 3674 erat.
958 3605 1233 3675 sanctuariorum
1261 3604 1425 3674 ecclcsiae
1452 3604 1495 3674 de
1522 3606 1555 3674 S.
1581 3603 1746 3674 Floriano
1773 3604 1867 3694 uilla,
1885 3624 1988 3676 -nunc

433 3745 516 3796 rero
542 3725 668 3795 amotis
695 3712 902 3796 sanctuariis
928 3730 965 3794 et
991 3725 1230 3796 cmetbonibus
1257 3726 1435 3814 institutis,
1461 3724 1554 3796 iacta
1579 3732 1634 3795 est
1654 3717 1833 3815 censualis,
1851 3731 1887 3796 et
1905 3747 1988 3816 per·

434 3846 525 3917 tinet
559 3844 605 3916 ad
635 3846 882 3933 proprietatem
910 3845 1077 3915 ccclesiae
1104 3845 1137 3915 S.
1163 3845 1319 3915 Floriani
1346 3851 1382 3916 et
1409 3846 1453 3916 ad
1480 3846 1641 3918 doctores
1666 3852 1772 3938 atque
1798 3846 1987 3937 magistros

432 3965 657 4036 beneficiatos
683 3965 847 4035 ecclesiae
873 3965 1061 4056 praelatae,
1088 3967 1123 4035 in
1150 3987 1218 4056 qua
1244 3966 1382 4057 quidem
1408 3967 1492 4038 silla
1517 3974 1572 4039 est
1598 3968 1704 4056 curia,
1729 3967 1862 4038 babens
1879 3988 1985 4059 prae·

435 4086 530 4156 dium
556 4087 685 4158 bonum
711 4105 788 4156 cunr
815 4087 936 4175 pratia,
963 4087 1055 4176 quod
1082 4086 1267 4157 canonicus
1294 4089 1426 4177 primae
1453 4088 1672 4177 praebendae
1698 4110 1762 4177 pro
1780 4088 1886 4160 fundo
1904 4110 1989 4178 pos·

433 4207 580 4295 sidebat,
607 4206 650 4276 de
676 4226 744 4295 quo
772 4207 857 4277 nrdli
883 4208 1041 4279 solvebat
1066 4208 1242 4297 decimam,
1269 4209 1331 4279 sed
1357 4230 1432 4279 eam
1458 4230 1523 4299 pro
1549 4230 1587 4279 se
1613 4209 1760 4280 tollebat
1778 4215 1814 4279 et
1833 4210 1867 4280 in
1885 4230 1987 4281 suum

433 4329 601 4399 borreum
628 4327 822 4398 inducebat.

557 4588 759 4671 Decimae
791 4590 1075 4696 manipulares
1107 4591 1266 4697 primae
1299 4590 1570 4696 praebendae
1603 4591 1645 4670 S.
1678 4591 1871 4673 Floriani.

540 4811 691 4902 l'norrr,
717 4811 800 4883 uilla
835 4813 900 4884 sub
927 4810 1093 4903 parocbia
1118 4812 1285 4884 ecclesiae
1312 4812 1356 4883 de
1383 4868 1391 4882 .
1418 4869 1427 4883 .
1455 4869 1463 4884 .
1489 4814 1577 4905 sita,
1603 4814 1701 4886 cuius
1727 4815 1923 4906 proprietas
1951 4822 1990 4888 et

433 4932 622 5005 dominimn
649 4934 694 5004 ad
720 4988 728 5003 .
756 4988 764 5003 .
791 4989 799 5002 .
825 4935 987 5025 pertinet,
1013 4935 1048 5005 in
1076 4956 1144 5027 qua
1170 4941 1252 5006 sunt
1278 4934 1370 5005 lanei
1396 4935 1640 5025 cruetbonales,
1667 4936 1710 5007 de
1735 4937 1859 5027 quibus
1876 4938 1990 5008 omni-

432 5056 499 5129 bus
524 5054 672 5127 solvitur
697 5054 830 5126 decima
855 5056 1081 5148 manipularis
1106 5057 1271 5127 canonico
1298 5057 1432 5145 primae
1457 5058 1687 5147 praebendae,
1705 5065 1739 5129 et
1759 5058 1890 5129 ducunt
1907 5078 1989 5129 eam

433 5177 633 5249 emetbones
659 5177 812 5268 propriis
839 5177 998 5248 curribus
1024 5177 1062 5247 in
1078 5177 1242 5248 borreum
1260 5198 1282 5246 a
1300 5178 1464 5250 canonico
1483 5179 1616 5268 primae
1635 5177 1990 5268 praebendaelocan-

433 5298 526 5373 dum,
552 5304 587 5368 et
616 5296 715 5367 calor
741 5298 815 5367 eius
842 5298 1048 5368 aestimatur
1073 5297 1117 5367 ad
1145 5304 1295 5387 qnatnor
1319 5319 1465 5369 marcas
1492 5300 1581 5370 Item
1609 5301 1788 5381 tabernae,
1805 5300 1887 5371 item
1904 5300 1990 5372 bor·

434 5398 595 5505 tulaniae,
623 5418 706 5488 item
735 5419 922 5507 pmedinnr.
