4050 6054
1702 506 1776 585 429

231 714 559 786 consummationem
578 711 645 784 duo
659 733 853 784 marcarum
866 713 984 802 millia,
1002 712 1196 800 fabricavit,
1215 732 1315 802 quam
1331 711 1511 787 duodecim
1526 712 1699 784 canonicis
1713 734 1777 803 pro
1969 777 1970 787 ,

230 834 376 907 totidem
403 834 541 905 vicariis
567 834 660 904 illam
681 834 940 922 inhabitatum,
968 834 1071 906 stuba
1088 834 1232 905 libraria
1250 833 1435 922 caminata,
1460 833 1591 922 triplici
1610 833 1693 920 sala,
1718 854 1781 906 sex
1809 911 1814 930 ,

232 955 400 1043 cellariis,
436 955 602 1044 coquina,
636 954 777 1043 balneo,
800 956 910 1044 vitro,
937 954 1051 1043 fonte,
1086 959 1238 1044 secreto,
1274 954 1425 1044 tegmine
1451 955 1592 1043 iusuper
1627 945 1781 1044 16161166,

233 1075 324 1166 quod
352 1075 426 1145 eius
453 1075 769 1165 conflagrationem,
796 1074 876 1146 dum
904 1074 1005 1145 Anno
1032 1075 1171 1146 Domini
1202 1077 1310 1146 1471.
1337 1073 1393 1145 (116
1420 1072 1511 1146 xlx
1529 1073 1680 1164 Augusti
1706 1075 1783 1146 uni·

231 1194 552 1285 1616661666111611
578 1194 784 1266 Visliciense
802 1197 943 1285 proprio
962 1201 1130 1266 nocturno
1158 1200 1195 1266 61
1217 1196 1332 1267 subito
1352 1195 1431 1285 igne
1458 1195 1614 1283 arsisset,
1641 1196 1779 1286 egregie

119 1337 124 1347 ·
236 1318 373 1408 auertit,
391 1315 544 1387 reddidit
562 1317 740 1406 insignem.
768 1317 851 1387 Tale
866 1322 981 1387 autem
1001 1336 1041 1386 ac
1054 1323 1190 1388 tautum
1203 1316 1408 1388 beneficium
1422 1316 1544 1386 vicarii
1557 1314 1781 1388 Vislicienses

232 1442 451 1528 praesentes,
488 1443 524 1508 et
550 1458 637 1527 quos
673 1438 817 1509 babebit
842 1443 985 1527 postera
1020 1438 1189 1509 successio
1226 1439 1261 1510 in
1288 1442 1389 1528 parte
1416 1438 1532 1528 aliqua
1558 1437 1779 1528 recognituri,

233 1581 301 1632 non
329 1560 395 1631 sibi
421 1559 659 1631 tantummodo
687 1559 748 1630 sed
775 1565 812 1630 et
833 1560 1036 1649 parentibus
1063 1560 1135 1630 suis
1161 1558 1313 1630 Jobanni
1339 1559 1574 1648 Dlugosch
1601 1557 1644 1629 de
1671 1558 1705 1628 N
1713 1579 1781 1650 yc·
1854 1596 1857 1603 ·

233 1657 1780 1781 (1161611661Β666166(16Β6161166,11611Β6111161611666(161116116666116,

232 1806 358 1892 patruo
376 1821 549 1891 germano,
577 1802 659 1871 item
677 1798 829 1872 Johanni
855 1801 1085 1891 Dlugosch
1112 1791 1253 1890 iuniori,
1281 1800 1445 1871 canonico
1465 1798 1685 1871 Oracoviensi
1711 1798 1781 1871 ira·

232 1923 280 1993 tri
305 1942 488 2012 germano,
516 1922 731 2012 caeterisque
758 1923 916 1993 omnibus
942 1922 1242 2012 progenitoribus,
1268 1920 1436 1993 fratribus
1451 1926 1498 1991 et
1524 1921 1780 1992 successoribus

232 2044 333 2133 suis,
348 2044 492 2133 singulis
518 2038 744 2114 hebdomadis
780 2064 884 2114 unam
909 2042 1050 2114 missum
1078 2041 1316 2113 defunctorum
1342 2041 1429 2113 feria
1456 2024 1580 2131 quarta
1607 2041 1782 2113 ordinarie

232 2185 295 2254 661
330 2165 478 2236 11661166
506 2163 729 2235 Vislicienses
766 2164 929 2254 legenda,
970 2164 1053 2235 item
1071 2163 1341 2253 impositionem
1367 2162 1541 2234 ⁴collectae
1572 2162 1781 2251 penultimae

232 2306 296 2374 pro
323 2283 491 2356 defunctis
526 2284 562 2354 in
590 2285 743 2373 qualibet
778 2284 834 2355 die
860 2283 985 2356 feriata
1011 2290 1046 2355 et
1071 2305 1141 2355 non
1167 2283 1304 2373 feriata,
1340 2283 1438 2354 etin
1466 2282 1619 2373 qualibet
1644 2290 1782 2354 matura
1815 2294 1819 2305 ¹

233 2406 357 2494 missa,
384 2425 472 2495 quae
499 2425 624 2476 sonore
652 2405 728 2475 caui
755 2405 949 2496 consuevit,
976 2405 1199 2495 explendam3
1225 2404 1310 2475 item
1335 2404 1371 2474 in
1398 2403 1609 2494 quibuslibet
1635 2407 1783 2493 quatuor

233 2526 447 2616 temporibus
475 2526 612 2615 vigilias
640 2546 762 2596 novem
788 2507 973 2597 lectionum
1005 2546 1082 2596 cum
1109 2525 1215 2596 missa
1241 2523 1480 2596 defunctorum
1506 2543 1570 2613 per
1596 2524 1783 2614 quemlibet

236 2667 278 2717 ex
302 2645 440 2716 vicariis
458 2646 660 2735 singillatim
679 2645 894 2736 peragenda,
912 2647 988 2735 pari
1007 2667 1112 2737 passu
1129 2652 1166 2716 et
1183 2645 1219 2715 in
1238 2645 1294 2716 dio
1313 2645 1428 2716 obitus
1446 2643 1595 2734 praefati
1612 2640 1783 2716 Johannis

232 2765 471 2855 Dlugosch
495 2767 770 2838 anniversarium
788 2772 994 2856 perpetuum
1017 2767 1202 2856 quotannis
1219 2784 1283 2856 per
1300 2764 1437 2855 vigilias
1455 2784 1578 2834 novem
1596 2763 1782 2835 lectionum

236 2891 272 2956 et
297 2886 438 2989 missam
473 2907 495 2956 a
521 2886 679 2976 quolibet
702 2887 911 2959 vicariorum
938 2886 1106 2977 agendam
1132 2886 1339 2975 instituunt,
1375 2889 1411 2956 61
1437 2905 1501 2974 661
1525 2884 1678 2955 litteram
1706 2904 1783 2975 spe-

233 3005 355 3076 cialem
382 3005 426 3076 ad
440 3006 560 3077 omnia
586 3008 822 3097 suprascripta
848 3007 1050 3096 complenda
1076 3027 1114 3077 66
1142 3007 1316 3096 obligant,
1343 3010 1379 3077 et
1397 3010 1550 3077 veterem
1577 3025 1692 3075 aream
1719 3025 1783 3094 pro

231 3125 389 3197 custodia
415 3125 614 3198 Visliciensi
640 3133 809 3218 perpetuo
842 3128 1042 3218 resignant,
1080 3127 1178 3199 cuius
1213 3122 1512 3217 pro'evidentiori
1548 3124 1784 3198 verificatione

231 3246 499 3336 praemissorum
526 3248 736 3320 inseruimus
763 3249 898 3339 copiam
924 3253 960 3320 et
986 3247 1170 3340 exemplar.
1209 3247 1211 3252 ’
1336 3246 1339 3251 ’

694 3510 736 3591 11
774 3511 951 3592 Nomine
985 3508 1149 3591 Domini
1182 3507 1329 3590 Amen.

278 3828 280 3832 μ
335 3731 391 3803 Ad
417 3738 620 3823 perpetuam
649 3733 701 3803 161
728 3733 938 3804 memoriam.
965 3732 1050 3804 (lum
1076 3732 1191 3804 labilis
1210 3733 1257 3804 sit
1275 3732 1386 3803 omnis
1413 3752 1529 3802 rerum
1556 3731 1784 3803 humanarum

106 3837 112 3847 ‘
231 3856 344 3923 status
370 3858 407 3923 et
433 3853 535 3942 aetio,
562 3853 630 3924 nisi
661 3853 738 3924 illas
761 3859 938 3943 perennet,
965 3857 1134 3943 quatenus
1154 3851 1246 3942 apud
1263 3856 1424 3941 posteros
1452 3851 1608 3923 crebrius
1635 3852 1784 3941 valeant,

231 3973 389 4045 innovari
415 3973 630 4064 perpetuitas
659 3974 851 4047 literarum.
878 3973 1030 4044 Proinde
1047 3972 1121 4045 Nos
1148 3970 1269 4044 Gallus
1296 3972 1340 4045 de
1366 3971 1580 4062 Wartba,
1601 3972 1783 4077 [viceprae-

230 4095 374 4185 positus,
404 4094 596 4167 Stanislaus
624 4095 666 4167 de
693 4095 1100 4187 Dzerzskowycze,
1137 4094 1353 4183 1166661161,
1380 4093 1573 4167 Stanislaus
1601 4093 1644 4165 de
1670 4093 1782 4185 Nye-

231 4216 503 4306 polomicze,
540 4216 831 4305 vicescolasticus,
861 4215 1054 4288 Stanislaus
1081 4215 1125 4287 de
1151 4205 1542 4307 Oppathouyecz,
1579 4214 1781 4305 vicecustos,

230 4336 383 4408 loannes
420 4334 562 4427 Grabya
596 4337 639 4408 de
675 4336 976 4428 Machczyno,
1020 4336 1185 4408 Nicolaus
1221 4334 1582 4426 Paczonowsky,
1618 4334 1782 4407 Nicolaus

231 4452 548 4548 Syedleczslry
575 4454 1783 4550 (161161111611661Ν16616661166116616661161166111661-

230 4578 327 4668 petui
354 4577 519 4649 ecclesiae
545 4576 691 4653 Sanctae
717 4578 853 4650 Mariae
881 4578 1097 4651 Visliciensis
1124 4577 1292 4650 dioecesis
1320 4577 1576 4667 cracoviensis,
1611 4576 1783 4667 significa·
1857 4572 1864 4602 ‘

228 4720 305 4770 mus
332 4703 453 4770 tenore
480 4701 736 4789 praesentium,
773 4699 897 4790 quibus
924 4699 1064 4792 expedit
1090 4678 1262 4773 universis
1298 4705 1370 4772 tam
1397 4699 1651 4790 praesentibus,
1678 4719 1781 4789 quam

229 4815 365 4909 futuris,
393 4817 542 4908 qualiter
570 4819 731 4910 diligenti
758 4825 794 4892 et
816 4824 939 4891 616616
956 4818 1176 4892 recensentes
1203 4820 1491 4910 consideratione,
1519 4818 1611 4910 quod
1637 4837 1803 4890 venera·

229 4939 308 5011 bilis
345 4939 503 5011 dominus
539 4939 693 5012 loannes
729 4941 850 5013 senior
883 4940 1139 5033 Dlugosch,
1184 4946 1301 5014 custos
1337 4940 1557 5044 Visliciensis
1598 4940 1783 5013 canonicus

230 5055 481 5151 Oracoviensis,
509 5059 554 5131 ad
580 5061 747 5133 bonorem
760 5060 1021 5153 -0mnipotentis
1038 5062 1105 5162 Dei
1131 5068 1168 5134 61
1193 5063 1367 5153 gloriosae
1393 5063 1468 5135 eius
1493 5061 1672 5153 genitricis
1699 5061 1781 5134 Vir-
1810 5054 1813 5061 ’

228 5179 318 5269 ginis
352 5179 489 5253 Mariae
529 5181 694 5254 ecclesiae
731 5203 867 5274 quoque
892 5181 1092 5259 Visliciensi
1129 5183 1407 5257 commoditatem
1434 5189 1471 5255 et
1497 5182 1779 5274 stabilimentum,

230 5309 430 5392 comparata
465 5324 528 5394 pro
561 5304 660 5376 nobis
688 5308 724 5376 et
751 5304 975 5378 universitate
1012 5305 1220 5378 vicariorum
1248 5304 1505 5377 Visliciensium
1532 5304 1782 5375 adnumerum

230 5420 410 5500 duodecim
442 5444 669 5520 personarum
696 5425 894 5524 amplianda
925 5427 961 5504 in
989 5426 1131 5504 civitate
1159 5425 1358 5506 Visliciensi
1384 5426 1485 5503 domo
1513 5431 1548 5500 et
1574 5444 1657 5502 area
1683 5423 1784 5504 aciali
