4050 6054
240 461 313 532 502

236 666 394 738 curribus
421 666 457 735 in
484 664 646 735 horreum
674 683 696 732 a
721 663 898 751 magistris
925 661 1104 733 locandum
1133 664 1169 731 et
1182 659 1386 730 aestimatur
1413 659 1512 729 valor
1539 660 1613 729 eius
1632 659 1677 730 ad
1696 664 1788 749 octo,

234 784 420 875 aliquando
447 783 493 854 ad
519 784 637 854 decem
664 802 819 870 marcas;
846 783 928 853 item
956 782 1134 853 decimam¹
1150 782 1273 869 canapi
1299 781 1439 850 solvunt
1465 800 1528 868 per
1556 785 1630 851 tres
1655 780 1785 869 ligatu·

235 926 303 976 ras.
330 906 417 977 Item
444 904 481 974 in
508 903 626 974 eadem
654 903 738 974 villa
765 909 819 972 est
845 902 943 973 curia
968 901 1100 972 habens
1127 900 1300 990 aedilicia,
1338 883 1476 971 habens
1498 899 1676 988 praedium
1704 919 1786 990 spe·

230 1012 331 1114 ciale,
358 1024 401 1094 de
428 1023 526 1094 ouius
552 1024 646 1112 agris
673 1022 831 1112 magistri
857 1021 1052 1094 beneficiati
1078 1042 1148 1092 non
1166 1021 1305 1092 solvunt
1331 1021 1496 1091 decimam
1524 1020 1788 1110 manipularem,

235 1144 296 1216 sed
324 1165 400 1215 eam
426 1164 490 1234 pro
518 1164 555 1214 se
582 1142 719 1214 tollunt.
1624 1156 1628 1163 ’

339 1266 426 1336 Item
453 1263 536 1335 villa
562 1263 720 1353 praefata
746 1263 898 1334 confimat
923 1284 1001 1333 cum
1026 1262 1497 1353 Dworzyschowicze.

339 1386 425 1455 Item
452 1384 615 1457 laborant
640 1384 878 1456 tantummodo
906 1383 992 1454 duas
1018 1383 1093 1454 dies
1121 1383 1156 1452 in
1183 1402 1292 1472 anno,
1329 1402 1431 1452 unam
1458 1403 1523 1471 pro
1550 1362 1654 1472 vore,
1681 1382 1789 1453 aliam

233 1526 297 1595 pro
324 1509 487 1575 autumno
514 1504 663 1592 arando,
690 1503 909 1594 seminando,
936 1503 1023 1574 item
1053 1502 1138 1572 dant
1164 1523 1293 1596 osapep,
1320 1508 1393 1573 tros
1420 1503 1545 1572 choros
1572 1501 1720 1591 siliginis
1747 1507 1788 1572 et

235 1631 308 1696 tres
335 1644 475 1713 avenae,
501 1623 586 1695 item
613 1624 752 1696 solvunt
779 1623 866 1694 duos
892 1623 1013 1714 gallos,
1040 1623 1123 1694 itcm
1140 1622 1266 1713 viginti
1293 1642 1369 1712 ova3
1398 1623 1482 1695 item
1510 1628 1593 1694 suut
1618 1621 1667 1693 ibi
1693 1612 1788 1695 diae

233 1745 399 1818 tabernae
424 1744 594 1819 habentes
621 1764 734 1835 agros·
775 1798 783 1815 .

447 2006 648 2090 Decimae
681 2007 962 2113 manipulares
993 2005 1274 2088 canceilariae
1311 2004 1577 2118 siradiensis.

336 2229 600 2301 annsznreza
616 2225 803 2318 Annroun,
821 2226 910 2317 villa
929 2227 1061 2298 habens
1078 2226 1113 2296 in
1126 2248 1162 2298 se
1177 2227 1357 2299 ecclesiam
1370 2225 1602 2316 parochialem
1619 2226 1791 2316 ligneam,

235 2350 332 2420 cuius
358 2349 554 2439 proprietas
581 2349 627 2419 ad
644 2347 901 2420 serenissimum
929 2347 1102 2418 dominum
1129 2347 1293 2418 Poloniae
1321 2367 1436 2437 regem
1464 2346 1626 2439 pertinet,
1652 2346 1791 2438 inqua

234 2475 316 2541 sunt
342 2474 419 2541 octo
446 2489 523 2539 cum
550 2469 663 2539 medio
689 2468 782 2540 lanei
808 2467 1054 2557 cmothonales,
1081 2468 1268 2559 dequibus
1295 2460 1441 2539 solvitur
1468 2467 1602 2539 decima
1628 2466 1792 2558 manipu-

234 2590 319 2660 laris
346 2588 571 2660 cancellariae
608 2587 809 2680 Syradiensi
836 2594 872 2659 et
897 2588 1073 2678 magistris
1104 2588 1318 2660 beneficiatis
1345 2587 1377 2659 S.
1404 2587 1576 2677 Floriani,
1603 2591 1640 2658 ot
1656 2587 1792 2659 ducunt

234 2730 309 2780 eam
337 2711 534 2780 cmothones
552 2710 703 2799 propriis
722 2708 883 2781 curribus
911 2710 947 2779 in
964 2710 1129 2781 horreum
1156 2730 1177 2780 a
1194 2708 1372 2799 magistris
1391 2707 1603 2779 beneficiatis
1620 2707 1791 2780 ccclesiae

234 2828 267 2900 S.
293 2828 449 2899 Floriani
483 2829 665 2901 locandum
700 2834 736 2901 et
770 2830 869 2901 valor
904 2830 1109 2900 aestimatur
1145 2830 1220 2901 eius
1256 2829 1301 2900 ad
1328 2833 1478 2919 quatuor
1510 2848 1664 2921 marcas,
1700 2828 1788 2900 item

234 2948 400 3019 decimam
427 2949 557 3038 canapi.
596 2948 685 3020 Item
711 2949 747 3020 in
766 2950 885 3022 eadem
911 2950 995 3020 villa
1021 2971 1090 3021 non
1108 2955 1190 3022 sunt
1206 2948 1440 3039 hortulaniao,
1467 2968 1578 3038 neque
1594 2947 1807 3040 praedium,¹

233 3088 345 3159 neque
371 3070 557 3159 tabernae3
592 3069 675 3142 item
702 3070 859 3142 advocati
896 3075 1043 3160 quatuor
1069 3070 1179 3160 lanei,
1215 3071 1298 3141 item
1324 3070 1463 3160 plebani
1497 3074 1571 3140 tres
1596 3048 1721 3161 lanei,
1742 3070 1790 3143 de

234 3188 359 3278 quibus
386 3188 549 3261 ecclesiae
576 3190 612 3261 in
638 3190 951 3262 Brzesznicza
977 3189 1069 3261 cedit
1096 3190 1236 3261 decima.

335 3307 537 3400 Kuuenum
564 3311 647 3383 villa
675 3311 738 3383 sub
757 3310 924 3401 parochia
950 3310 1115 3382 ecclesiae
1142 3309 1186 3381 de
1204 3310 1528 3402 Brzesznyoza
1553 3308 1680 3381 Nova
1707 3309 1789 3397 sita,

233 3429 331 3501 cuius
358 3431 554 3521 proprietas
577 3431 621 3503 ad
640 3431 897 3502 serenissimum
914 3430 1080 3502 Poloniae
1099 3451 1216 3520 regem
1233 3430 1400 3521 pertinet,
1426 3431 1463 3502 in
1481 3450 1551 3522 qua
1568 3436 1650 3503 suut
1667 3429 1790 3503 decem

232 3556 268 3620 et
293 3554 372 3622 octo
398 3551 491 3622 lanei
518 3552 768 3643 cmethonalos,
795 3551 990 3642 dequibus
1018 3551 1165 3623 soluitur
1192 3550 1324 3622 deonna
1350 3550 1574 3641 manipularis
1609 3551 1789 3645 magistris

230 3670 444 3744 beneficiatis
470 3671 503 3743 S.
530 3673 702 3763 Floriani,
729 3678 767 3745 et
795 3673 927 3746 ducunt
953 3692 1029 3743 eam
1059 3674 1257 3743 cmothones
1283 3671 1435 3762 propriis
1463 3671 1622 3743 curribus
1648 3672 1686 3743 iu
1703 3672 1789 3745 hor·

232 3811 329 3863 reum
355 3813 377 3862 a
402 3792 579 3883 magistris
605 3793 786 3864 locandum
823 3797 860 3864 et
887 3793 985 3864 valor
1011 3793 1216 3864 aestimatur
1242 3792 1316 3864 eius
1342 3792 1386 3863 ad
1414 3796 1492 3865 octo
1519 3794 1673 3883 marcas,
1699 3792 1788 3865 item

232 3911 365 3984 decima
391 3913 513 4003 canapi
538 3918 692 4004 perires
718 3913 895 4004 ligaturas.
935 3912 1023 3985 Item
1049 3913 1187 3985 invilla
1213 3912 1333 3984 eadem
1360 3917 1412 3985 est
1435 3912 1616 4007 praedium
1641 3912 1788 4005 regium,

232 4031 275 4104 de
294 4032 390 4103 cuius
409 4033 503 4123 agris
521 4034 668 4107 solvitur
681 4034 814 4105 decima
826 4033 1052 4124 manipularis
1069 4033 1234 4105 ecclesiae
1253 4034 1289 4103 in
1308 4032 1393 4104 Brz
1404 4053 1631 4124 esznycza
1648 4031 1683 4105 N
1691 4052 1788 4125 ova,

231 4153 315 4223 item
350 4152 387 4223 in
422 4153 543 4225 eadem
576 4154 661 4226 villa
696 4153 884 4226 advocatus
920 4153 963 4226 de
990 4154 1314 4245 Brzosznycza
1348 4154 1455 4226 habet
1487 4159 1620 4245 septem
1654 4153 1804 4245 lancos,¹

232 4273 318 4345 duos
344 4274 429 4347 colit
445 4293 509 4366 pro
527 4275 669 4365 praedio
697 4296 770 4364 suo,
797 4276 952 4366 quinque
970 4296 1060 4348 vero·
1080 4275 1209 4347 locavit
1227 4275 1479 4365 cmothonibus,
1505 4278 1544 4347 et
1561 4274 1605 4361 de
1623 4274 1786 4348 omnibus

232 4394 379 4467 solvitur
414 4394 547 4468 decima
579 4394 778 4486 fertonalis,
813 4396 863 4467 ita
889 4395 982 4488 quod
1015 4395 1161 4485 quilibet
1195 4395 1315 4467 laneus
1349 4394 1454 4467 solvit
1479 4416 1589 4470 unum
1613 4393 1787 4468 fertonem

232 4514 396 4588 ecclesiae
414 4516 451 4586 in
468 4516 746 4608 Brzesznycza
764 4516 905 4607 oppido,
931 4534 995 4605 per
1011 4536 1118 4588 unum
1134 4515 1305 4587 fertonem
1323 4515 1511 4588 communis
1530 4515 1698 4606 pecuniae
1715 4536 1782 4607 pro
1804 4534 1807 4539 ·

231 4635 383 4725 decima;
409 4636 493 4707 item
511 4637 678 4709 tabernae
704 4658 773 4708 non
800 4640 899 4725 sunt;
933 4636 1017 4708 item
1047 4636 1247 4709 hortulania
1272 4655 1343 4708 una
1370 4635 1509 4727 plebani
1536 4635 1581 4708 de
1597 4635 1787 4708 Braesz·

231 4775 382 4847 nycza,
409 4776 500 4847 quae
518 4756 623 4829 solvit
650 4756 817 4828 decimam
844 4777 907 4848 pro
924 4757 1118 4848 magiam,
1144 4757 1229 4829 item
1247 4756 1447 4831 cmothones
1474 4756 1614 4829 solvunt
1628 4754 1788 4831 missalia

126 4886 131 4895 ’
230 4897 296 4969 pro
320 4876 468 4968 plebano
504 4878 541 4949 in
567 4877 898 4968 Brzcsznicza,
933 4882 970 4950 et
996 4877 1140 4969 quilibet
1176 4877 1281 4968 solvit
1315 4884 1389 4951 tres
1416 4877 1541 4951 choros
1572 4876 1720 4969 siliginis
1745 4882 1786 4951 et

231 5004 305 5071 tres
331 5016 471 5071 arenae

333 5116 528 5210 Durrczm
555 5118 639 5191 villa
664 5119 728 5217 sub
755 5118 923 5210 parochia
957 5119 1124 5192 ecclesiae
1159 5119 1203 5191 de
1229 5093 1437 5211 Antiqua
1462 5118 1789 5212 Brzeszuycaa

231 5236 314 5329 sita,
343 5237 441 5311 cuius
467 5239 663 5331 proprietas
698 5245 736 5313 et
751 5239 943 5313 dominium
968 5240 1119 5331 pertinet
1146 5293 1296 5330 .......
1323 5241 1359 5311 in
1386 5259 1455 5332 qua
1490 5245 1573 5312 sunt
1602 5239 1721 5313 decem
1746 5246 1788 5314 et

232 5361 366 5451 septem
390 5359 481 5433 lanei
499 5360 751 5454 cmothonales,
777 5361 963 5457 dequibus
981 5361 1129 5437 solvitur
1155 5362 1288 5436 decima
1305 5361 1530 5456 manipularis
1556 5361 1787 5440 manauco
