4050 6054
232 433 254 507 8

230 645 395 715 tenentur
425 636 567 711 reficere
594 642 631 710 et
660 640 781 728 portas
812 641 849 708 et
880 633 971 709 ostia
1000 654 1091 710 nova
1116 630 1250 724 lacere3
1275 653 1339 728 pro
1357 634 1457 709 noris
1482 640 1599 711 autem
1616 632 1800 711 aedificiis

230 767 394 835 tenentur
411 761 578 832 minorem
601 756 794 830 mercedem
820 776 924 849 quam
949 756 1020 829 ulii.
1047 755 1153 830 Curia
1179 758 1286 830 habet
1311 758 1475 850 pomeria
1502 756 1664 831 Gonfinat
1689 757 1798 833 dieta

231 880 574 972 villaKobylony
598 900 674 951 cum
693 877 1053 970 Bandkowycze,
1070 877 1155 950 villa
1172 878 1692 968 nobiliumetdiriduntvillns
1711 898 1797 954 soo-

230 1003 313 1095 puli,
345 1022 407 1092 per
433 1001 606 1090 maricam,
638 1021 701 1092 per
732 1000 850 1091 iugum
872 999 1010 1090 montis,
1038 998 1136 1072 iuxta
1162 999 1396 1073 molendinum
1412 1000 1661 1092 Bandkowsky
1685 1000 1797 1093 et'de

232 1123 299 1195 hac
325 1122 533 1194 limitatione
550 1122 700 1194 habetur
718 1120 878 1212 specialis
896 1120 1015 1193 littera
1041 1118 1140 1193 Petri
1169 1119 1500 1213 Szaflranyecz
1531 1100 1798 1215 summorum,

232 1242 348 1317 omnia
361 1243 461 1335 signa
479 1242 675 1315 ostendens.
701 1242 790 1314 Item
808 1238 960 1314 confiunt
977 1262 1054 1314 cum
1085 1239 1436 1335 Karnyowycze,
1466 1242 1550 1314 villa
1567 1242 1797 1317 dominorum

233 1364 276 1437 de
304 1362 553 1455 Thanczyn
580 1369 616 1434 et
647 1362 772 1435 dividit
802 1362 902 1434 villas
933 1363 1044 1452 vallis,
1063 1364 1192 1437 merica
1218 1371 1254 1436 el
1272 1363 1403 1453 campi,
1429 1365 1512 1436 item
1538 1362 1692 1437 confiunt
1709 1382 1797 1439 eum

231 1484 522 1577 Zabyerzow,
548 1484 632 1555 villa
658 1483 860 1555 monasterii
877 1482 1161 1575 Zwierzynensis,
1187 1491 1224 1556 et
1250 1484 1299 1557 ibi
1324 1484 1449 1556 fluvios
1470 1484 1669 1557 Rudawa
1695 1484 1797 1557 limi·

231 1611 304 1693 tat,
331 1605 415 1675 item
442 1624 519 1675 cum
536 1602 582 1673 W
591 1625 678 1695 yan
689 1624 735 1676 cz
746 1604 770 1674 k
781 1625 801 1675 o
812 1603 958 1695 wirne,
977 1605 1061 1675 villa
1078 1605 1297 1695 praebendae
1315 1604 1554 1679 Cracosu'ensis
1571 1604 1796 1697 Wyencz·

234 1724 430 1812 kowska,
449 1730 486 1794 et
500 1723 548 1795 ibi
562 1725 673 1815 campi
693 1724 847 1797 distincti
861 1729 897 1795 et
910 1725 1036 1797 variati
1050 1725 1277 1816 distinguunt,
1295 1726 1378 1797 item
1392 1747 1468 1798 cum
1486 1724 1706 1799 Kleszczo
1717 1748 1797 1817 wa,

235 1845 318 1917 villa
345 1842 471 1916 nobilis
488 1842 636 1916 Martini
668 1844 1076 1938 Alexandrowsky,
1103 1846 1266 1919 dedomo
1288 1846 1575 1937 Bipennium,
1601 1848 1795 1921 etibiflu·

187 2030 191 2035 .
232 1965 526 2041 vinsRndawa
552 1965 692 2056 dividit3
719 1967 803 2038 item
821 1987 898 2038 eum
916 1966 1000 2038 villa
1026 1966 1457 2058 Nyegoschowicze,
1474 1968 1511 2039 in
1529 1988 1597 2059 qua
1614 1975 1695 2041 sunt
1713 1966 1795 2041 sere

232 2110 351 2161 omnes
369 2086 512 2176 nobiles,
531 2094 568 2159 et
586 2088 634 2159 ibi
653 2093 734 2159 sunt
752 2086 852 2177 signa
870 2088 1015 2178 antiqua
1040 2084 1286 2178 Kobylany
1309 2095 1345 2158 ot
1372 2088 1673 2181 Brzeszynka
1698 2088 1797 2161 divi-

233 2211 369 2284 dentia:
402 2215 484 2280 sunt
515 2209 621 2280 etiam
639 2208 788 2280 mericae
807 2208 990 2279 tendentes
1009 2207 1101 2276 iuter
1115 2232 1118 2237 ·
1132 2204 1357 2298 Sczklary
1383 2208 1509 2280 nobilis
1535 2208 1797 2297 Kowaleez,

233 2333 351 2405 uillam
370 2331 480 2421 ipsam
494 2328 738 2420 Kobylany
762 2328 962 2400 limitantes.
980 2327 1068 2398 Item
1083 2325 1270 2398 decanatus
1284 2328 1461 2416 praefatus
1474 2328 1714 2403 Grucoviensis
1727 2331 1797 2405 lra-

232 2454 293 2525 bet
307 2452 454 2523 alteram
471 2449 589 2521 uillam
607 2469 671 2538 pro
688 2447 805 2537 fundo,
823 2447 952 2519 dictem
969 2447 1139 2518 Bruesz
1148 2447 1277 2538 ynka,
1295 2449 1397 2520 sitam
1415 2451 1480 2523 sub
1497 2451 1662 2542 parochia
1678 2452 1797 2524 eccle·

234 2574 306 2644 siae
321 2571 364 2644 de
383 2568 590 2658 Rudawa,
608 2570 644 2639 in
664 2589 732 2659 qna
749 2567 881 2637 nullum
900 2573 954 2639 est
972 2567 1151 2658 praedium
1171 2567 1332 2641 decanale
1351 2577 1413 2641 aut
1431 2572 1536 2661 curia,
1555 2571 1617 2643 sed
1633 2578 1795 2645 tuntum·

235 2692 337 2765 modo
352 2698 433 2763 sunt
447 2689 628 2761 duodecim
642 2689 733 2759 lanei
748 2687 992 2779 emethonales,
999 2696 1037 2760 et
1050 2688 1093 2762 de
1107 2690 1261 2779 quolibet
1274 2691 1374 2763 laneo
1388 2693 1524 2765 emet-ho
1538 2693 1641 2765 soluit
1654 2699 1794 2783 septem

232 2812 386 2887 fertones
404 2812 517 2883 minus
535 2830 604 2882 nno
622 2830 744 2901 grosso
763 2810 952 2881 communis
971 2811 1157 2901 pecuniae3
1183 2816 1256 2882 tres
1274 2811 1349 2883 dies
1367 2813 1505 2885 laborat
1522 2814 1663 2905 proprio
1681 2832 1793 2886 curru

235 2942 296 3011 aut
314 2942 434 3008 aratro
453 2935 489 3005 in
507 2931 734 3021 hebdomada,
758 2932 794 3002 in
813 2932 918 3003 certis
936 2936 973 3003 et
990 2930 1180 3021 designatis
1198 2932 1329 3023 diebus,
1348 2932 1508 3005 ridelicet
1523 2933 1611 3006 feria
1628 2935 1793 3025 secunda,

233 3064 361 3151 quarta
379 3063 416 3129 et
434 3055 565 3147 quinta,
592 3053 628 3124 in
657 3053 782 3145 quibus
800 3052 830 3125 si
849 3050 990 3143 aliquod
1015 3051 1141 3125 lentum
1168 3053 1302 3125 celebre
1330 3054 1503 3144 acciderit,
1530 3076 1599 3129 non
1625 3060 1794 3129 tenentur

233 3177 525 3255 adlaborandum
544 3175 604 3246 illo
623 3175 689 3247 die.
707 3173 916 3246 Omethones
933 3172 1066 3246 faciunt
1083 3173 1248 3246 ducturas
1276 3194 1490 3266 quocumque
1518 3177 1568 3248 eis
1594 3176 1793 3265 mandatur,

232 3300 406 3393 iungendo
424 3320 468 3371 ex
486 3306 636 3389 quatuor
663 3295 781 3385 laneis,
809 3301 959 3387 quatuor
977 3316 1103 3386 equos3
1130 3294 1190 3365 sed
1217 3295 1242 3365 ii
1269 3294 1343 3366 dies
1370 3296 1405 3365 in
1433 3296 1580 3369 ductura
1606 3298 1794 3388 absumpti,

231 3420 427 3515 computari
455 3420 506 3491 eis
532 3418 663 3490 debent
688 3416 733 3489 ad
760 3417 931 3488 rationem
959 3415 1092 3488 dierum
1118 3417 1153 3487 in
1181 3416 1374 3504 septimana
1401 3417 1615 3508 debitorum3
1641 3418 1728 3491 dant
1744 3417 1792 3491 de

231 3548 333 3620 laneo
352 3544 440 3617 duas
457 3560 639 3613 mensuras
658 3558 788 3611 avenae
816 3538 860 3610 de
878 3558 1041 3609 mensura
1058 3534 1214 3608 conferta
1245 3534 1483 3627 cracoviensi,
1512 3546 1661 3630 quatuor
1686 3558 1793 3631 rapo·

231 3690 304 3760 nes,
321 3668 410 3740 dnos
427 3684 557 3754 caseos,
575 3663 722 3753 triginta
740 3681 816 3750 ova,
843 3659 982 3732 solvunt
1008 3680 1185 3755 oproroam
1210 3678 1273 3747 per
1300 3666 1449 3748 quatuor
1476 3659 1638 3734 denarios
1668 3665 1706 3732 et
1724 3682 1791 3731 no-

226 3812 359 3889 pyrene
376 3786 539 3859 similiter
556 3805 619 3877 per
638 3790 788 3875 quatuor
816 3781 987 3871 denarios,
1014 3779 1075 3852 sed
1102 3776 1248 3877 obyedoe
1274 3801 1343 3851 non
1369 3781 1518 3853 solvunt..
1544 3782 1632 3854 ltem
1659 3787 1715 3854 est
1738 3782 1790 3855 ibi

231 3934 302 3987 una
319 3911 478 3999 taberna,
495 3908 628 3980 habens
646 3926 750 3997 agros
769 3904 929 3995 proprios
948 3909 984 3973 et
1001 3905 1113 3992 prata,
1132 3898 1380 3973 non'laborans
1399 3902 1465 3972 nisi
1481 3901 1674 3996 ponebam.
1700 3902 1789 3975 Item

232 4034 339 4107 habet
358 4030 540 4123 praedicta
558 4028 641 4099 villa
659 4025 902 4114 molendinum,
921 4023 1053 4095 habens
1080 4042 1183 4112 agros
1201 4028 1237 4093 et
1255 4029 1365 4113 prata,
1393 4024 1530 4096 solvens
1557 4030 1630 4097 tres
1655 4042 1791 4097 mareau

231 4158 346 4229 minus
364 4151 511 4239 fertone,
529 4155 567 4221 et
593 4147 810 4239 praedictum
828 4143 1061 4216 molendinum
1079 4145 1184 4215 sitnm
1203 4151 1257 4215 est
1274 4145 1309 4214 iu
1328 4144 1466 4216 flumine
1493 4144 1606 4219 Osso
1618 4145 1790 4220 bnicza.

233 4276 359 4351 Nullae
378 4282 461 4347 sunt
480 4274 516 4343 in
535 4270 630 4341 dicta
656 4268 741 4340 uilla
764 4265 997 4354 hortulaniae,
1015 4271 1052 4336 et
1070 4272 1141 4337 tam
1160 4265 1368 4355 cmetlrones,
1396 4286 1498 4356 quam
1525 4269 1729 4341 tabemator
1753 4274 1792 4341 et

232 4396 491 4473 roolendinator
517 4391 658 4465 solvunt
677 4388 845 4461 decimam
861 4386 1112 4476 manipularem
1140 4386 1322 4458 decanatui
1345 4393 1381 4457 et
1399 4386 1529 4473 ducunt
1547 4407 1622 4459 eam
1640 4389 1792 4480 propriis

232 4520 394 4593 curribus
412 4518 448 4589 in
467 4516 633 4588 borreum
660 4509 802 4596 decani3
829 4507 969 4579 solvunt
986 4507 1091 4578 etiam
1110 4506 1276 4578 decimam
1299 4509 1421 4599 canapi
1447 4528 1511 4598 per
1530 4516 1678 4599 quatuor
1695 4510 1793 4611 iunc-

232 4653 341 4733 turas,
374 4658 478 4712 unam
501 4630 687 4731 pomulam
712 4626 952 4701 tantummodo
979 4626 1141 4700 laborant
1167 4630 1202 4700 in
1230 4650 1319 4702 anno
1357 4630 1569 4722 emethones,
1587 4631 1792 4704 tabernator

232 4776 270 4837 rt
287 4758 548 4837 urolondinator
566 4761 603 4826 et
621 4772 741 4824 eorum
760 4749 928 4840 inquilini,
951 4756 1100 4838 quatuor
1127 4772 1293 4842 caponeS,
1326 4752 1412 4824 duos
1440 4772 1558 4825 caseos
1585 4760 1621 4824 et
1646 4753 1793 4845 triginta

236 4908 313 4959 ova
342 4882 429 4954 ltom
461 4876 616 4949 confimat
641 4871 822 4965 praedicta
848 4870 931 4941 villa
956 4870 1271 4964 Brzeszynka,
1298 4894 1374 4944 eum
1402 4873 1485 4943 villa
1511 4832 1793 4964 Niegoschfr-

235 5008 377 5081 nicae
408 4998 596 5087 nobilium,
627 5000 665 5068 et
691 4980 852 5065 dividunt
883 4990 983 5063 villas
1010 4994 1204 5082 praedictas
1237 4995 1313 5085 agri
1340 4999 1376 5066 et
1402 5002 1505 5085 prata
1530 4995 1702 5085 lapidibus
1731 5001 1795 5067 ant

233 5122 439 5223 rrqsrdznmy
452 5118 619 5192 distincta
632 5124 670 5189 et
683 5116 719 5187 in
734 5113 907 5205 aliquibus
920 5113 1005 5185 locis
1018 5119 1156 5189 torrens
1171 5138 1308 5207 parvus.
1326 5115 1486 5189 Confinat
1499 5118 1605 5188 etiam
1618 5138 1695 5189 cnm
1709 5116 1794 5189 villa

236 5244 364 5321 {tuda
375 5262 445 5329 wa,
465 5241 548 5314 villa
565 5239 709 5333 capituli
728 5237 976 5328 eraeoviensis,
994 5243 1031 5308 et
1048 5237 1208 5311 dividunt
1225 5238 1326 5309 villas
1348 5238 1424 5327 agri
1443 5242 1479 5309 et
1500 5245 1601 5328 prata
1614 5238 1695 5309 hinc
1713 5238 1793 5310 inde

234 5378 273 5443 et
288 5366 431 5459 pogium
449 5364 633 5455 parvulum
651 5361 863 5455 quercinum.
881 5358 970 5431 ltem
988 5360 1138 5432 confimat
1155 5367 1192 5432 et
1210 5379 1286 5432 cum
1304 5359 1388 5431 villa
1406 5358 1794 5451 Radwanowicze,
