4050 6054
417 700 617 780 Decimae
650 692 931 803 manipulares
964 692 1196 775 decanatus
1228 690 1370 773 Sancti
1404 688 1599 772 Floriani.

332 938 532 1026 Lazszezs,
558 932 643 1007 villa
669 936 734 1007 sub
752 933 918 1025 parocbia
937 932 1100 1003 ecclesiae
1128 931 1171 1003 de
1197 914 1452 1021 Lubyenko
1478 928 1558 1018 sita,
1585 927 1682 997 cuius
1701 945 1784 1017 pro-

230 1061 361 1152 prietas
395 1078 460 1147 pro
486 1056 671 1128 medietate
704 1055 859 1144 pertinet
893 1053 938 1124 ad
963 1053 1124 1124 abbatem
1161 1057 1198 1123 et
1222 1049 1471 1122 monasterium
1508 1048 1785 1139 prniciensem,

231 1182 266 1251 in
294 1200 363 1270 qua
389 1183 472 1249 sunt
496 1173 590 1248 lanei
609 1174 852 1263 cmethonales,
880 1173 1067 1263 dequibus
1094 1172 1242 1244 solvitur
1269 1170 1402 1241 decima
1426 1168 1654 1259 manipularis
1680 1166 1784 1239 deca·

232 1300 330 1371 natui
348 1296 381 1369 S.
398 1296 563 1385 Floriani,
582 1303 618 1367 et
636 1294 832 1366 conducunt
859 1312 934 1363 eam
962 1292 1160 1363 cmotbooos
1188 1291 1339 1380 propriis
1367 1289 1526 1362 curribus
1553 1289 1590 1359 iu
1616 1288 1784 1358 horreum

206 1403 208 1408 ’
232 1440 254 1491 a
280 1418 410 1490 decano
436 1414 618 1487 locandum
645 1421 682 1485 et
706 1414 806 1484 valor
824 1412 898 1483 eius
916 1413 1121 1483 aestimatur
1140 1411 1184 1482 ad
1202 1416 1353 1501 quatuor
1378 1430 1523 1482 marcas.
1548 1408 1639 1479 Item
1663 1407 1785 1479 taber-

232 1558 308 1628 nae,
336 1538 420 1609 item
446 1533 674 1624 hortulaniao,
701 1534 784 1604 item
811 1532 1000 1623 praedium.

335 1656 476 1745 Lunae,
502 1654 587 1726 villa
612 1654 676 1725 sub
703 1654 869 1744 parochia
896 1653 1061 1725 ecclesiae
1088 1652 1131 1723 de
1159 1705 1329 1723 .......
1356 1650 1433 1741 sita,
1461 1650 1559 1722 cuius
1586 1648 1786 1741 proprietas

233 1782 270 1849 et
296 1748 482 1848 dominium
508 1795 573 1863 pro
600 1773 787 1845 medietate
813 1774 967 1863 pertinet
998 1773 1042 1844 ad
1069 1773 1231 1844 abbatem
1258 1777 1294 1842 et
1320 1771 1568 1842 monasterium
1587 1821 1758 1841 .......
1776 1823 1786 1859 ,

233 1899 269 1967 in
296 1917 365 1987 qua
391 1899 472 1965 sunt
498 1894 590 1964 lanei
617 1894 860 1982 emethonales,
887 1894 930 1964 de
959 1895 1083 1983 quibus
1110 1893 1269 1964 omnibus
1296 1892 1444 1964 solvitur
1467 1891 1600 1963 decima
1625 1890 1787 1980 manipu-

232 2017 317 2087 laris
343 2014 526 2086 decaoatui
554 2012 586 2083 S.
612 2013 786 2102 Floriani,
813 2020 849 2084 et
876 2013 1006 2084 ducunt
1041 2034 1117 2084 com
1145 2014 1343 2084 emethones
1380 2012 1531 2104 propriis
1559 2010 1719 2082 curribus
1748 2011 1786 2080 in

232 2136 395 2208 horreum
421 2154 444 2206 a
470 2134 598 2204 decano
625 2133 807 2204 locandum
834 2135 971 2205 eteius
997 2134 1097 2205 valor
1124 2135 1329 2205 aestimatur
1355 2134 1400 2204 ad
1427 2154 1488 2205 sex
1515 2153 1659 2204 marcas.
1694 2132 1786 2202 Item

233 2257 409 2344 tabernae,
436 2255 520 2326 item
545 2254 773 2344 hortulaniao,
801 2255 883 2324 item
911 2254 1100 2343 praedium.

336 2375 621 2462 Tuauuotmscz,
648 2373 732 2444 villa
757 2375 988 2463 parochialem
1015 2375 1195 2446 ecclesiam
1221 2376 1354 2447 habens
1372 2377 1407 2446 in
1428 2396 1475 2466 se,
1503 2374 1600 2446 cuius
1626 2371 1786 2463 proprie·

231 2501 287 2568 tas
313 2501 350 2568 et
376 2495 564 2567 dominium
590 2490 948 2585 ad'Kruszynam
974 2496 1137 2586 pertinet,
1163 2496 1314 2567 nobilem
1342 2496 1384 2567 de
1411 2495 1518 2567 armis
1544 2494 1785 2568 Mandros-

233 2616 358 2708 stlsy,
393 2617 430 2688 in
458 2637 526 2706 qua
552 2621 634 2687 sunt
660 2615 752 2686 lanei
779 2616 1028 2705 emethonales,
1056 2616 1099 2687 de'
1127 2617 1251 2706 quibus
1278 2618 1437 2689 omnibus
1474 2616 1622 2688 solvitur
1648 2613 1785 2686 decima

233 2736 459 2826 manipularis
485 2736 670 2807 decanatui
696 2735 729 2806 S.
751 2735 916 2826 Floriani,
944 2741 980 2807 et
1005 2737 1136 2807 ducunt
1163 2758 1239 2808 eam
1266 2738 1464 2808 emethones
1490 2736 1643 2827 propriis
1670 2734 1785 2807 curri-

232 2857 298 2929 bus
324 2857 361 2928 iu
386 2857 548 2928 borreum
584 2856 761 2928 adecano
797 2856 979 2928 locandum
1014 2862 1050 2928 et
1076 2858 1175 2929 valor
1210 2857 1284 2929 eius
1311 2859 1515 2929 aestimatur
1550 2856 1595 2928 od
1630 2861 1782 2949 quatuor

233 2996 376 3048 marcas.
402 2976 491 3048 item
517 2978 695 3065 tabernae,
723 2977 806 3046 item
832 2976 1061 3067 hortulaniao,
1088 2978 1172 3048 item
1199 2979 1388 3068 praedium.
1706 3064 1712 3077 Ι

337 3096 482 3167 Maera
510 3095 711 3186 Triansow,
738 3097 830 3186 villa,
858 3097 954 3167 ouius
980 3098 1176 3187 proprietas
1199 3106 1235 3169 et
1261 3099 1449 3171 dominium
1619 3074 1785 3188 pertinet,

232 3218 269 3288 in
296 3238 364 3308 qua
391 3223 473 3288 sunt
497 3217 588 3287 lanei
616 3218 859 3309 emethonales,
888 3217 931 3289 do
958 3220 1082 3309 quibus
1110 3221 1268 3291 omnibus
1287 3219 1435 3291 solvitur
1462 3219 1598 3293 decima
1625 3218 1785 3311 manipu-

232 3338 316 3408 laris
352 3338 536 3408 decanatui
562 3337 594 3409 S.
621 3337 793 3428 Floriani,
822 3345 858 3410 et
886 3339 1016 3410 ducunt
1043 3360 1117 3409 eam
1146 3341 1344 3411 emethones
1379 3342 1531 3432 propriis
1558 3340 1719 3412 curribus
1746 3338 1783 3410 iu

233 3459 396 3529 horreum
426 3477 447 3528 a
474 3457 603 3528 decano
640 3458 822 3529 locandum
858 3466 894 3530 et
928 3461 1025 3531 valor
1061 3460 1135 3531 eius
1171 3462 1375 3533 aestimatur
1410 3462 1455 3532 ad
1482 3462 1598 3534 decem
1637 3480 1784 3532 marcas.

232 3577 321 3648 Item
347 3579 524 3667 tabernae,
552 3580 633 3648 Item
660 3579 888 3670 hortulaniae,
916 3580 999 3651 item
1027 3581 1216 3670 praedium.

341 3698 486 3771 Lrssza
506 3698 623 3789 Gonn,
651 3700 734 3771 villa
755 3702 820 3772 sub
838 3701 1004 3791 parochia
1021 3702 1064 3772 de
1082 3701 1288 3793 Antiqua
1314 3703 1554 3793 Szmigrod
1580 3705 1658 3793 sita,
1686 3703 1785 3774 cuius

232 3820 428 3912 proprietas
454 3824 490 3890 et
516 3820 703 3892 dominium
730 3821 776 3892 ad
792 3820 986 3893 Johannem
1013 3825 1050 3893 et
1076 3821 1273 3894 Graeslaum
1299 3823 1519 3914 Woyszik
1547 3829 1584 3896 et
1600 3823 1783 3895 Nicolaum

232 3939 563 4030 Stadniczsky,
590 3941 626 4011 in
655 3962 723 4030 qua
749 3948 831 4012 sunt
856 3942 947 4012 lanei
974 3942 1216 4032 emethonales,
1243 3943 1429 4034 dequibus
1456 3945 1615 4016 omnibus
1633 3943 1783 4015 solvitur

232 4059 365 4130 decima
398 4061 624 4151 manipularis
659 4062 789 4133 decano
816 4061 849 4132 S.
876 4062 1041 4152 Floriani,
1069 4068 1104 4133 et
1130 4063 1260 4135 ducunt
1294 4085 1370 4134 eam
1397 4066 1597 4136 emethones
1632 4048 1670 4136 in
1696 4063 1787 4141 hor-.

233 4199 330 4250 reum
356 4200 377 4250 a
404 4181 534 4252 decano
561 4182 743 4254 locandum
761 4190 798 4285 et
816 4182 914 4255 valor
941 4184 1146 4255 aestimatur
1171 4185 1246 4256 eius
1273 4185 1318 4255 ad
1346 4190 1494 4275 quotuor
1519 4207 1664 4256 marcas.
1690 4185 1780 4258 Item

231 4300 407 4391 tabernae,
434 4301 517 4372 item
543 4303 772 4394 hortulaniao,
799 4303 882 4374 item
909 4304 1098 4395 praedium.

250 4543 451 4630 Decimae
482 4546 721 4631 lerionalee
752 4548 985 4631 decanatus
1017 4549 1059 4631 8.
1092 4549 1272 4632 Floriani
1307 4553 1346 4631 in
1380 4556 1497 4632 terra
1533 4553 1784 4658 Byeczenal

818 4691 857 4769 in
892 4689 986 4770 latia
1017 4691 1196 4794 proeeie.
1688 4713 1694 4722 ·

334 4904 619 5000 Danaowozaa,
647 4908 823 5002 oppidum,
849 4910 982 4984 habens
1008 4910 1100 4986 inse
1118 4911 1297 4985 ecelesiam
1323 4911 1558 5003 parochialem
1585 4913 1649 4985 sub
1675 4910 1784 4985 titulo

127 5028 133 5039 ‘
231 5024 350 5099 Sancti
377 5029 636 5103 Bartholomoei
663 5029 823 5123 ligneam,
850 5032 947 5102 cuius
974 5033 1170 5122 proprietas
1197 5039 1233 5104 et
1251 5033 1441 5105 dominium
1460 5032 1505 5104 ad
1523 5032 1783 5105 serenissimum

230 5148 407 5220 dominum
434 5170 549 5241 regem
576 5150 742 5222 Poioniae
768 5153 930 5242 pertinet,
957 5153 993 5221 in
1011 5172 1079 5242 qua
1097 5157 1179 5223 sunt
1204 5152 1296 5224 lanei
1323 5152 1567 5243 emethonales,
1594 5152 1782 5246 dequibus

231 5270 390 5341 omnibus
417 5271 565 5343 solvitur
591 5272 725 5343 decima
750 5270 976 5362 manipularis
1011 5273 1054 5343 de
1082 5273 1236 5362 quolibet
1261 5274 1362 5345 laneo
1389 5294 1452 5364 per
1479 5294 1584 5344 unum
1609 5272 1782 5347 lectonam

230 5386 381 5460 lotomm
399 5411 598 5479 grossorum
617 5391 854 5483 Progensium.
880 5391 968 5463 Item
987 5393 1022 5463 in
1041 5393 1161 5464 eodem
1181 5394 1307 5484 oppido
1326 5401 1381 5465 est
1400 5394 1593 5485 advocatia,
1610 5394 1784 5467 habena...
