4050 6054
1605 452 1678 523 621

133 661 235 735 cultis
263 667 300 733 et
324 660 419 749 vicis,
445 658 594 733 feracior
619 659 703 732 ieris
728 664 766 731 et
791 658 1008 749 nemoribus,
1036 678 1136 749 quam
1163 658 1418 730 habitatoribus
1444 663 1481 728 et
1505 656 1682 749 hugibus;

133 782 194 855 sed
220 802 385 874 processu
412 781 545 853 dierum
572 801 681 870 usque
709 777 753 851 ad
778 783 900 851 nostra
925 784 1083 869 tempora
1109 778 1247 851 assiduo
1275 777 1391 850 studio
1419 782 1455 849 et
1480 798 1565 851 cura
1589 798 1681 851 mor·

132 902 264 992 talium,
290 900 336 974 ad
362 901 528 992 plurimas
555 901 817 973 commoditates
843 905 916 971 tam
943 898 1111 990 villarum,
1137 918 1241 988 quam
1259 898 1468 991 piscinarum
1486 899 1559 971 sive
1577 900 1681 970 mari-
1750 979 1756 989 ‚

133 1044 190 1095 um
226 1022 292 1094 init
325 1028 363 1094 et
397 1027 453 1093 est
487 1022 633 1095 exculta
674 1020 821 1095 Cultura
855 1041 992 1113 quoque
1018 1019 1093 1093 eius
1119 1019 1268 1093 assidue
1283 1018 1527 1110 increbrescit,
1553 1024 1589 1090 et
1614 1020 1682 1092 nisi

133 1143 363 1216 dissimulatio
391 1148 427 1214 et
453 1142 665 1233 negligentia
691 1142 931 1233 episcoporum
958 1128 1250 1230 Cracoviensiunr,
1277 1145 1338 1213 aut
1364 1138 1504 1230 aliquod
1531 1141 1585 1212 ius
1611 1141 1681 1213 siu·

132 1264 255 1355 gulare
290 1284 354 1355 pro
390 1262 561 1354 episcopis
596 1261 947 1335 Krusnvicziensibus
982 1261 1155 1351 stetisset,
1183 1258 1356 1333 dehebant
1386 1280 1504 1333 omnes
1531 1260 1683 1333 decimae

133 1376 371 1477 manipulares
394 1383 431 1455 in
457 1384 549 1457 villis
576 1383 799 1457 castellaniae
816 1382 1044 1473 Lagovieosis
1062 1383 1300 1472 consistentes,
1318 1381 1364 1453 ad
1382 1382 1578 1473 episcopum
1597 1381 1682 1455 Gra-

134 1505 329 1577 coviensem
355 1523 420 1596 pro
445 1508 612 1595 ternpore,
639 1508 701 1576 aut
726 1501 941 1594 parochiales
968 1502 1131 1575 ecclesias
1158 1500 1396 1575 cracoviensis
1422 1501 1598 1593 dioecesis,
1617 1504 1682 1576 suh

133 1646 280 1717 quorum
307 1625 482 1715 parochiis
507 1629 546 1697 et
570 1624 697 1697 tinibus
725 1624 937 1714 oriebantur,
955 1622 1007 1721 ,de
1033 1622 1110 1695 iure
1128 1623 1299 1695 communi
1317 1625 1353 1695 et
1369 1624 1585 1715 praescripto
1602 1643 1681 1714 per-

132 1746 254 1819 tinere.
280 1743 489 1823 vendicavit
513 1747 632 1839 itaque
659 1746 727 1819 sibi
751 1743 1056 1819 Kruszvicaiensis
1077 1763 1140 1816 seu
1157 1742 1445 1815 Vladislaviensis
1463 1743 1682 1835 episcopatus

131 1888 200 1941 nou
236 1867 346 1941 solum
382 1867 617 1945 castellaniam
652 1865 904 1957 Lagoviensem
940 1868 977 1937 et
1010 1864 1112 1937 villas
1138 1864 1203 1937 sub
1230 1864 1305 1937 eius
1331 1863 1511 1937 territorio
1536 1864 1682 1955 locatas,

132 1987 194 2060 sed
220 1994 257 2060 et
282 1987 433 2061 decimas
460 1986 692 2078 manipulares
718 1986 755 2056 in
780 1985 912 2059 eisdem
938 1983 1065 2077 oppido
1092 1990 1129 2057 et
1155 1984 1247 2057 villis
1274 1989 1531 2075 consurgentes,
1550 1988 1586 2056 et
1603 1983 1682 2059 illas

134 2109 169 2178 in
212 2129 308 2180 suam
344 2107 595 2198 proprietatem
630 2105 903 2196 praescriptione
938 2105 1104 2183 diuturna
1139 2103 1313 2195 traduxit,
1339 2124 1560 2196 mensamque
1585 2125 1683 2177 suam

132 2227 362 2320 episcopalem
389 2227 527 2307 eteius
553 2227 727 2315 introitus,
753 2227 790 2299 in
816 2224 976 2317 praelata
1001 2225 1203 2301 castellania
1228 2224 1438 2317 Lagoviensi
1463 2246 1527 2316 per
1553 2246 1680 2317 appro-

133 2348 342 2440 priationem
369 2347 580 2427 decimarum
605 2346 881 2439 manipularium,
907 2368 977 2419 non
1003 2350 1075 2419 tam
1102 2366 1164 2419 sno
1191 2345 1306 2420 studio
1332 2351 1370 2416 et
1396 2345 1553 2436 solertia,
1579 2366 1683 2437 qnam

131 2469 370 2561 episcoporum
396 2466 676 2541 Oracoviensium
702 2472 845 2558 torpore
880 2472 917 2539 et
942 2466 1094 2556 incuria,
1121 2465 1320 2558 duplicavit
1354 2464 1538 2539 Praefatae
1565 2471 1682 2539 autem

131 2588 358 2680 Lagovieusis
392 2588 615 2661 castellaniae
651 2591 687 2659 et
713 2587 873 2660 villarum
901 2588 976 2661 eius
1002 2587 1039 2657 in
1065 2584 1289 2660 Gracovieusi
1316 2586 1466 2658 dioecesi
1492 2587 1682 2659 consisten-

131 2710 238 2799 tium,
264 2715 301 2785 et
335 2709 380 2781 ad
406 2708 719 2783 Vladislavieusem
744 2707 925 2781 ecclesiam
950 2707 1208 2799 pertinentium,
1235 2713 1271 2780 et
1296 2707 1437 2782 uomina
1462 2715 1499 2779 et
1524 2708 1620 2798 iura,
1646 2712 1684 2779 et

131 2830 296 2903 introitus
331 2834 368 2902 et
402 2829 570 2919 decimas,
597 2824 819 2920 singulosque
854 2848 977 2907 census
1013 2834 1050 2902 et
1076 2827 1302 2903 obventiones
1328 2827 1613 2930 conscripsimus,
1639 2848 1683 2901 ne

132 2951 248 3043 aliquo
275 2949 405 3025 casuali
431 2955 468 3023 et
494 2949 646 3023 violento
673 2950 905 3021 obruerentur
932 2953 1067 3022 eventu.
1094 2949 1150 3022 Ad
1168 2950 1334 3022 honorem
1353 2948 1600 3040 omnipotentis
1616 2948 1684 3023 Dei

132 3075 169 3143 et
194 3070 395 3143 memoriam
420 3068 616 3145 futurorum
642 3071 833 3162 quamlibet
859 3070 1069 3144 oblivionem
1093 3071 1288 3161 praesentis
1316 3070 1447 3163 scripto
1464 3069 1682 3147 firmamento

130 3180 314 3269 evitatura.

215 3311 396 3402 -uacov,
423 3310 604 3403 oppidum,
630 3311 764 3389 habens
799 3310 978 3383 ecclesiam
1012 3311 1264 3403 parochialem,
1290 3331 1355 3401 pro
1381 3309 1496 3384 media
1520 3315 1621 3402 parte
1646 3311 1683 3383 in

132 3433 240 3507 choro
274 3437 465 3522 munaum,
492 3431 638 3503 alteram
673 3451 756 3503 vero
791 3430 960 3527 ligneam,
987 3436 1023 3502 et
1049 3437 1104 3503 est
1129 3430 1259 3503 matrix
1285 3431 1451 3503 ecclesiae
1477 3430 1521 3507 de
1549 3430 1683 3503 Bacz·

132 3552 489 3642 hovicze,-·cuius
529 3551 725 3642 proprietas
761 3557 811 3627 et.
833 3549 1022 3623 dominium
1057 3551 1101 3622 ad
1138 3552 1335 3642 episcopum
1370 3550 1683 3624 Vladislaviensem

131 3673 303 3766 pertinet,
328 3673 365 3745 in
391 3693 460 3765 quo
486 3677 567 3753 suut
592 3726 601 3742 ·
627 3724 636 3741 ·
663 3725 672 3742 .
697 3671 789 3747 lanei
815 3670 1084 3764 oppidanorum,
1111 3677 1149 3748 et
1171 3671 1320 3764 quilibet
1344 3692 1410 3764 pro
1436 3668 1551 3746 annuo
1578 3692 1683 3744 censu

129 3792 236 3867 solvit
262 3848 269 3863 .
296 3848 305 3865 .
332 3847 341 3863 .

232 3913 382 3993 Maoeua
416 3914 452 3985 iu
487 3912 608 3987 eodem
644 3911 772 4005 oppido
807 3916 889 3985 sunt
914 3933 994 4003 sex,
1019 3912 1089 3987 duo
1115 3912 1276 3988 advocati
1302 3919 1339 3986 et
1364 3916 1516 4004 quatuor
1541 3933 1681 4000 mensae

130 4035 284 4127 episcopi
309 4033 617 4124 wladislaviensis,
645 4037 681 4105 et
707 4033 751 4105 de
778 4033 934 4124 quolibet
960 4033 1107 4107 solvitur
1132 4054 1195 4126 per
1221 4056 1328 4109 unum
1353 4034 1504 4126 lapidem
1522 4036 1597 4128 aspi
1615 4056 1681 4126 pro

131 4176 237 4229 ceusu
263 4175 388 4235 annuo.
909 4206 912 4211 -

233 4276 323 4355 Item
357 4278 412 4351 est
445 4275 495 4348 ibi
521 4275 707 4366 balneum,
735 4274 778 4355 de
814 4296 882 4368 quo
918 4276 1066 4363 solvituu
1100 4296 1165 4369 pro
1199 4296 1314 4351 annno
1341 4297 1447 4356 censu
1472 4298 1542 4357 una
1566 4298 1682 4350 marca

130 4396 320 4470 communis
346 4396 511 4487 pecuniae
538 4396 574 4467 in
600 4416 722 4469 manus
748 4396 922 4468 tenutarii.

235 4514 437 4593 Advocatus
463 4522 519 4595 est
544 4516 581 4589 in
608 4516 730 4593 eodem
756 4516 901 4608 oppido,
928 4522 964 4589 et
988 4518 1097 4591 habet
1122 4517 1209 4596 duos
1235 4519 1376 4609 laneoa;
1400 4518 1487 4593 item
1512 4518 1619 4593 habet
1644 4520 1681 4592 in

129 4634 253 4711 eodem
279 4636 405 4729 oppido
433 4642 566 4728 septem
592 4636 805 4727 hortulauos,
830 4643 869 4710 et
893 4636 1055 4713 laborant
1080 4639 1148 4713 sihi
1174 4660 1281 4713 unum
1307 4638 1398 4713 diem
1425 4641 1461 4712 in
1478 4641 1682 4733 septimana,

128 4764 191 4833 aut
216 4759 276 4851 qui
307 4778 377 4831 non
412 4758 550 4830 laborat
585 4757 693 4849 diem,
720 4761 860 4833 tenetur
885 4778 951 4850 pro
977 4779 1093 4835 annuo
1118 4780 1224 4833 censu
1250 4760 1387 4834 solvere
1412 4760 1563 4835 mediam
1588 4782 1682 4835 mar-
1783 4766 1785 4771 ’

128 4899 224 4971 cam3
250 4879 334 4952 item
367 4878 460 4952 idem
494 4877 682 4953 advocatus
707 4879 816 4953 habet
840 4878 1074 4957 molendinum
1100 4881 1165 4955 sub
1191 4881 1334 4955 anum
1362 4902 1439 4955 cum
1464 4882 1616 4974 piscina,
1645 4883 1682 4957 in

128 5020 196 5093 qno
223 4998 334 5073 solum
360 4999 513 5071 eiusdem
540 4998 700 5071 advocati
726 4999 884 5077 homines
910 4999 1039 5073 debent
1064 5001 1214 5092 molere3
1249 5002 1335 5089 item
1360 5001 1548 5075 advocatus
1574 5003 1683 5079 habet

90 5184 94 5191 .
127 5119 256 5195 ibidem
282 5121 369 5195 alias
396 5121 481 5193 duas
508 5121 657 5213 piscinas
683 5127 825 5213 praeter
850 5120 953 5212 illam,
980 5122 1016 5192 in
1044 5143 1112 5213 qua
1138 5129 1193 5196 est
1209 5123 1463 5212 molendinum;
1488 5123 1572 5197 item
1589 5124 1682 5199 idern

128 5240 316 5319 advocatus
350 5246 489 5314 tenetur
524 5241 656 5313 servire
691 5240 736 5312 ad
762 5241 890 5313 bellum
925 5242 962 5313 in
989 5263 1057 5315 uno
1084 5264 1172 5334 equo
1200 5264 1277 5315 cum
1303 5243 1462 5335 ballista,
1489 5243 1551 5316 sed
1578 5244 1682 5317 debet

129 5368 204 5441 tres
231 5383 366 5439 marma
393 5362 529 5438 ratione
552 5361 802 5457 expeditionis,
826 5363 910 5439 item
929 5363 1020 5438 idem
1037 5364 1227 5441 advocatus
1244 5371 1385 5443 aretur
1401 5371 1543 5463 portare
1560 5367 1683 5441 literas
