4050 6054
230 481 306 551 424

229 686 322 757 lanei
359 686 610 776 cmetbonaleS,
636 684 680 756 de
717 684 842 775 quibus
869 683 1027 756 omnibus
1054 683 1202 755 solvitur
1227 681 1361 754 decima
1385 680 1613 772 manipularis
1641 678 1791 753 canoni-

208 802 323 878 'catui
359 813 396 878 et
420 805 639 896 praebendae
665 805 914 894 praefatiS‚·et
941 805 1071 875 ducunt
1097 805 1191 875 illam
1219 805 1417 874 cmethones
1443 803 1596 892 propriis
1623 802 1791 874 curribus

231 928 266 997 in
301 927 465 998 horreum
501 947 524 998 a
550 927 714 998 canonico
750 920 930 997 locandum
968 929 1004 996 et
1031 925 1172 996 solvunt
1197 924 1365 995 decimam
1392 924 1516 1013 canapi
1541 944 1606 1013 per
1633 926 1792 1013 quatuor

231 1049 386 1138 brugas,
414 1054 450 1119 et
487 1048 585 1119 valor
612 1047 765 1118 decimae
792 1046 998 1118 aestimatur
1024 1047 1068 1116 ad
1094 1052 1227 1136 septem
1254 1066 1398 1116 marcas
1437 1045 1526 1117 Item
1552 1066 1623 1116 non
1650 1049 1709 1115 est
1735 1043 1789 1115 ibi

230 1168 426 1259 praedium,
454 1189 523 1239 non
558 1175 639 1239 sunt
673 1168 858 1257 tabernae,
885 1188 954 1237 non
991 1173 1074 1238 sunt
1099 1167 1337 1255 hortulaniae,
1364 1166 1448 1237 item
1475 1186 1543 1236 non
1570 1171 1626 1236 est
1652 1163 1791 1235 molen-

105 1334 107 1338 ι
232 1289 359 1360 dinum.

336 1407 477 1500 Gonni,
504 1409 588 1480 villa
614 1409 677 1480 sub
705 1409 871 1500 parochia
898 1407 1061 1480 ecclesiae
1088 1408 1130 1479 de
1149 1407 1419 1480 Strosziska
1446 1409 1523 1497 sita,
1542 1407 1639 1480 cuius
1657 1406 1791 1479 haeres

231 1530 386 1602 loannes
413 1530 456 1600 de
482 1529 766 1621 Rytbuyani,
792 1529 891 1619 regni
918 1528 1083 1600 Poloniae
1109 1512 1310 1618 marsalcus,
1328 1528 1454 1600 nobilis
1473 1528 1515 1600 de
1534 1525 1634 1599 domo
1656 1526 1790 1598 Acci-

231 1652 422 1741 pitrum,
448 1650 485 1721 in
522 1670 590 1740 qna
625 1654 706 1721 sunt
741 1649 858 1720 decem
894 1655 931 1720 et
966 1655 1043 1720 octo
1070 1650 1162 1720 lanei
1200 1649 1433 1721 cmethonales
1469 1647 1601 1720 inclusa
1626 1648 1792 1737 taberna,

233 1792 320 1862 quae
356 1772 461 1842 etiam
497 1770 580 1841 colit
614 1790 753 1861 agrum,
780 1769 823 1841 de
860 1769 985 1860 quibus
1021 1770 1178 1841 omnibus
1215 1769 1362 1841 solvitur
1398 1770 1531 1842 decima
1556 1767 1793 1860 manipularis

233 1892 450 1963 canonicatui
478 1898 513 1962 et
540 1890 759 1982 praebendae
786 1888 962 1981 praefatio,
990 1896 1027 1961 et
1053 1891 1183 1962 ducunt
1207 1890 1301 1961 illam
1319 1889 1518 1962 amathones
1535 1890 1689 1981 propriis
1707 1909 1793 1960 cur·

232 2013 328 2084 ribus
354 2013 389 2083 in
416 2013 580 2083 horreum
606 2034 627 2084 a
654 2012 818 2083 canonico
844 2010 1028 2082 locandum
1054 2017 1091 2082 et
1117 2012 1258 2083 solvunt
1284 2011 1450 2083 decimam
1477 2010 1600 2101 canapi
1616 2030 1682 2100 per
1701 2031 1793 2101 qua-

232 2139 312 2205 tuor
344 2134 501 2223 ierugaS,
528 2138 563 2204 et
590 2132 688 2204 valor
715 2132 867 2204 decimae
895 2132 1100 2204 aestimatur
1126 2132 1171 2203 ad
1198 2132 1393 2223 quindecim
1420 2153 1564 2204 marcas.
1597 2132 1689 2203 Item
1716 2152 1793 2203 non

207 2334 213 2342 ,
232 2261 288 2324 est
312 2253 493 2343 praedium
520 2253 660 2344 aliquod
686 2253 735 2326 ibi
761 2253 922 2341 militare,
940 2253 1001 2323 sed
1019 2253 1049 2324 si
1068 2252 1204 2343 quando
1224 2254 1301 2343 agri
1319 2253 1449 2324 deserti
1466 2273 1530 2343 pro
1549 2253 1647 2324 curia
1665 2250 1794 2323 colun-

231 2380 299 2465 tur,
327 2375 369 2446 de
397 2374 465 2445 illis
493 2374 598 2445 datur
623 2372 756 2444 decima
781 2373 1005 2462 manipularis
1031 2394 1096 2464 pro
1122 2375 1285 2445 canonico
1305 2370 1581 2469 importaturam
1608 2374 1694 2444 item
1711 2393 1790 2444 non

232 2500 314 2567 sunt
339 2495 388 2565 ibi
414 2494 643 2584 hortulaniae,
669 2513 781 2583 neque
805 2492 1049 2565 molendinum.

340 2614 486 2687 Woura
512 2614 884 2705 BrannzrcrroWSKA,
911 2615 996 2686 uilla
1023 2616 1086 2686 sub
1122 2616 1288 2706 parochia
1322 2615 1487 2687 ecclesiae
1514 2614 1557 2687 de
1584 2613 1793 2687 Strosziska

233 2737 308 2827 sita,
336 2756 425 2825 quae
453 2756 474 2805 a
500 2734 658 2825 plurimis
685 2736 784 2806 annis
811 2735 854 2806 ob
883 2756 992 2826 oquae
1019 2737 1202 2827 penuriam
1220 2742 1320 2809 extat
1334 2736 1483 2827 deserta,
1502 2743 1538 2807 et
1554 2756 1618 2807 nec
1634 2736 1795 2826 uestigia

235 2857 456 2946 antiquorum
482 2855 756 2928 inhabitatorum
782 2856 817 2926 in
845 2878 887 2927 ea
914 2863 1113 2947 cernuntur,
1141 2858 1237 2928 cuius
1263 2856 1589 2951 haereqpraelatus
1606 2856 1793 2929 Johannes

235 2977 277 3048 de
314 2975 591 3067 Rythuyani
626 2978 725 3067 regni
761 2976 925 3049 Poloniae
952 2978 1161 3067 marsalcus;
1188 2978 1348 3051 coluntur
1364 2956 1489 3051 ¹autem
1517 2978 1593 3069 agri
1619 2977 1696 3051 eius
1723 2998 1793 3069 per

235 3098 433 3170 cmethones
469 3097 512 3169 de
546 3097 997 3189 Byedrzychowicze
1033 3105 1069 3170 et
1103 3099 1190 3170 alios
1225 3100 1371 3173 incolas.
1393 3100 1553 3172 villarum
1581 3099 1793 3190 vicinarum,

234 3219 278 3291 de
306 3218 429 3309 quibus
456 3217 603 3291 solvitur
630 3219 763 3312 decima
787 3219 1023 3310 manipularis,
1052 3220 1113 3291 sed
1140 3219 1283 3312 trifarie,
1311 3243 1391 3293 nam
1418 3221 1461 3292 de
1488 3220 1662 3311 aliquibus
1688 3221 1789 3311 agris

234 3338 328 3410 tollit
354 3358 430 3410 eam
456 3358 620 3428 praesens
646 3339 843 3429 praebenda
868 3338 1089 3431 Vislicensis,
1117 3341 1159 3411 de
1187 3342 1358 3432 aliquibus
1385 3362 1467 3415 vero
1494 3360 1613 3413 mensa
1630 3340 1790 3432 episcopi

236 3458 484 3550 cracoviensis,
510 3460 554 3532 dc
581 3461 754 3559 aliquibus
780 3481 863 3533 vero
892 3509 901 3532 .-
926 3516 934 3531 .
960 3516 968 3532 .
996 3517 1004 3532 .

338 3580 668 3672 Paaszuaszrozn,
695 3583 778 3655 uilla
805 3584 869 3656 sub
895 3583 1062 3674 parochia
1088 3583 1253 3656 ecclesiae
1281 3583 1324 3655 de
1350 3584 1373 3656 J
1382 3584 1540 3657 urkow
1565 3603 1676 3675 prope
1703 3582 1740 3655 N
1747 3604 1788 3677 y-

235 3703 331 3776 dam
358 3704 436 3794 sita,
463 3704 560 3775 cuius
586 3704 711 3775 haeres
738 3703 928 3776 Stanislaus
954 3703 1192 3794 Ligansza,
1218 3705 1344 3777 nobilis
1362 3705 1405 3776 de
1423 3698 1528 3776 armis
1545 3703 1790 3793 Polnlroza;

235 3824 271 3895 in
297 3823 363 3895 bac
390 3823 473 3895 villa
499 3823 605 3919 habet
630 3824 829 3913 praebendo
854 3823 1070 3895 Visliciensis
1097 3824 1333 3898 Strosziczska
1369 3846 1475 3897 unum
1501 3823 1682 3916 praedium
1708 3844 1790 3897 cum

235 3943 329 4033 agris
356 3947 392 4014 et
416 3945 528 4033 pratis
554 3944 710 4034 liberum,
737 3964 801 4016 nec
827 3943 930 4016 alicui
956 3945 1090 4016 tributo
1108 3951 1170 4017 aut
1188 3945 1353 4017 solutioni
1370 3947 1565 4037 obnoxium,
1583 3945 1788 4018 distinctum

235 4063 272 4136 in
299 4063 430 4153 campis
457 4071 494 4135 et
519 4065 639 4155 pratiS,
667 4064 758 4155 quod
785 4065 841 4138 vel
868 4065 963 4137 solus
990 4066 1175 4138 canonicus
1202 4066 1285 4137 colit
1304 4068 1447 4156 proprio
1465 4072 1593 4155 aratro,
1609 4066 1666 4137 rel
1684 4066 1790 4139 alleri

235 4184 300 4256 snb
337 4205 451 4256 annuo
487 4204 594 4255 censu
630 4186 793 4275 arendat,
821 4186 917 4256 cuius
954 4186 1092 4276 quidem
1126 4186 1261 4276 praedii
1296 4188 1372 4278 agri
1399 4187 1443 4258 ad
1470 4188 1557 4261 duos
1583 4186 1704 4260 laneos
1730 4186 1790 4259 vel

235 4305 324 4376 citra
356 4305 602 4394 aestimantur3
630 4305 673 4378 de
708 4306 763 4376 his
798 4311 913 4377 autem
944 4306 1039 4397 agris
1065 4306 1301 4398 praedialibus
1328 4308 1511 4379 canonicus
1537 4328 1601 4398 pro
1628 4314 1795 4399 tempore¹
1839 4336 1844 4343 ·

236 4425 323 4497 nulli
349 4425 454 4499 solvit
480 4427 646 4498 decimam
673 4427 930 4517 manipularem,
959 4427 1020 4498 sed
1047 4448 1122 4499 eam
1148 4448 1212 4519 pro
1231 4448 1268 4500 se
1286 4427 1379 4500 tollit
1397 4434 1433 4500 et
1450 4429 1485 4500 in
1503 4429 1667 4501 horreum
1685 4448 1790 4501 suum

235 4546 378 4618 inducit.
413 4546 614 4619 Arandatur
648 4552 764 4619 autem
789 4548 986 4620 huiusmodi
1013 4549 1192 4638 praedium
1219 4570 1289 4620 una
1315 4567 1392 4620 cum
1418 4549 1550 4621 decima
1576 4524 1791 4642 manipulari

235 4686 279 4739 ex
304 4686 347 4739 co
373 4667 598 4759 proveniente
632 4689 697 4758 per
723 4668 922 4740 canonicum
950 4689 1013 4759 pro
1041 4675 1207 4758 tempore,
1235 4668 1410 4740 interdum
1436 4690 1499 4760 pro
1527 4668 1661 4742 duabus
1685 4690 1790 4743 sexa·

234 4789 344 4879 genis,
370 4787 546 4860 interdum
572 4809 636 4878 pro
663 4789 775 4860 tribus
801 4788 937 4861 marcis.

600 5050 764 5189 lllcarla
799 5049 1073 5139 Praebendae
1104 5051 1428 5165 Stroazyczska.

338 5272 543 5352 Praebenda
578 5274 794 5352 Visliciensis
829 5258 1066 5351 Strosziczska
1100 5280 1207 5352 habet
1233 5281 1430 5371 habereque
1457 5278 1635 5352 consuerit
1660 5294 1794 5373 perpe-

235 5406 332 5471 tuam
366 5401 532 5473 vicariam
558 5402 594 5471 in
620 5401 765 5473 ecclesia
791 5400 998 5493 Visliciensi,
1026 5401 1133 5474 cuius
1148 5421 1239 5473 nunc
1264 5402 1415 5474 vicarius
1441 5406 1495 5473 est
1521 5398 1720 5475 Stanislaus
1747 5402 1796 5475 de
