4050 6054
745 770 786 901 ln
821 708 999 852 Nom-lue
1032 767 1196 853 Domtnl
1228 791 1364 853 amen.

383 1008 468 1082 Cum
494 1009 647 1082 decimae
674 1010 746 1081 sint
771 1010 907 1081 tributa
932 1010 1107 1100 egentium
1123 1009 1344 1111 animarum,
1382 1028 1468 1101 quas
1496 1009 1563 1080 sibi
1589 1007 1666 1080 Rex
1691 1008 1829 1100 Regum

278 1130 314 1201 in
341 1130 476 1221 signum
502 1129 710 1202 universalis
737 1129 877 1201 dominii
898 1130 1101 1220 reservavit,
1129 1151 1197 1201 non
1216 1150 1299 1200 suae
1317 1129 1493 1201 maiestati
1510 1127 1738 1218 necessarias,
1765 1128 1829 1202 sed

277 1251 455 1322 hominum
481 1251 585 1322 saluti
621 1251 742 1341 procul
769 1250 874 1323 dubio
901 1249 1121 1341 protuturas3
1156 1249 1302 1340 proinde
1330 1248 1420 1321 Nos
1447 1247 1724 1339 Gasimirus,
1757 1248 1829 1321 Dei

276 1371 399 1444 Gratia
426 1371 501 1442 Rex
527 1370 703 1462 Poloniae,
729 1391 793 1442 nec
819 1393 888 1443 non
915 1377 1089 1442 terrarum
1117 1371 1319 1462 maronae,
1359 1370 1614 1461 Sandomiriae,
1641 1350 1828 1462 Sylohae,

276 1492 475 1582 Lancieiae,
512 1491 693 1584 (luiaviae,
728 1486 1022 1583 Pomeraniaeque
1057 1491 1215 1564 dominus
1250 1496 1287 1562 et
1321 1492 1465 1580 haeres3
1502 1495 1617 1563 actum
1653 1491 1821 1579 facimus,

276 1614 448 1687 universis
485 1615 720 1704 praesentium
756 1614 916 1685 notitiam
951 1613 1132 1685 habituris.
1177 1610 1276 1702 Quod
1309 1612 1390 1684 licet
1425 1612 1512 1684 alias
1541 1601 1591 1683 =en
1619 1611 1827 1704 quibusdam

275 1736 390 1807 causis
426 1735 706 1824 prohibuerimus
733 1739 770 1805 et
796 1734 975 1825 prohiberi
1010 1733 1288 1805 mandaverimus
1325 1733 1565 1805 cmethonibus
1601 1753 1663 1805 seu
1695 1730 1829 1835 colom

281 1855 447 1929 dioecesis
475 1854 727 1945 Oracoviensis,
754 1875 798 1927 ne
827 1854 976 1926 decimas
1002 1854 1197 1944 praediales
1224 1853 1362 1944 frugum
1389 1874 1529 1926 suarum
1555 1859 1628 1926 tam
1655 1853 1829 1947 episeopo,

278 1998 381 2067 quam
408 1977 485 2047 aliis
513 1978 773 2068 quibuscunque
800 1976 1043 2048 ecclesiasticis
1070 1976 1205 2047 clericis
1232 1974 1386 2066 debitas,
1412 1976 1484 2046 suis
1512 1975 1671 2048 curribus
1698 1973 1829 2047 condu-

278 2103 397 2170 cerent
424 2099 514 2169 sicut
541 2097 822 2169 conducebantur
839 2098 1055 2189 temporibus
1082 2096 1286 2183 retroactis3
1313 2100 1439 2187 tamen
1467 2096 1548 2188 quia
1566 2116 1609 2167 ex
1628 2096 1694 2168 hoc
1720 2094 1830 2167 eccle·

275 2219 337 2291 siis
356 2225 392 2290 et
409 2239 528 2290 earum
555 2219 725 2289 ministris
751 2219 900 2308 plurima
928 2219 1053 2288 damna
1071 2224 1107 2289 et
1124 2213 1341 2290 incommoda
1358 2222 1593 2309 provenerunt
1620 2217 1695 2289 sine
1713 2215 1831 2308 aliqua
1886 2222 1890 2229 ’

273 2340 425 2414 utilitate
461 2339 679 2428 colonorum,
716 2359 807 2409 nunc
845 2344 966 2409 nostra
1001 2339 1179 2410 voluntate
1213 2346 1347 2413 mutata
1382 2338 1424 2410 de
1460 2338 1603 2411 consilio
1638 2323 1856 2410 reverendi·

272 2462 400 2553 patris,
428 2460 559 2532 domini
584 2459 754 2549 Jaroslai,
795 2466 933 2530 sanctae
961 2457 1174 2532 Gneznensis
1201 2462 1366 2534 ecclesiae
1394 2458 1653 2549 archiepiscopi,
1680 2463 1717 2530 et
1744 2477 1826 2531 een·

274 2602 378 2653 sensu
406 2581 558 2652 unanimi
585 2581 754 2652 baronum
781 2586 989 2671 nostrorum,
1018 2602 1058 2651 ac
1084 2582 1283 2653 interventu
1309 2594 1450 2691 progna
1476 2578 1686 2651 venerabilis
1714 2579 1829 2670 patris

273 2702 405 2776 demini
423 2700 725 2773 Bodzanthae
752 2701 915 2792 episcopi,
934 2708 970 2773 et
989 2702 1131 2792 capituli
1149 2690 1544 2809 Gracovienfflctam
1557 2699 1826 2792 prohibitionem

270 2827 433 2929 vecturae
460 2821 637 2893 decimalis
663 2822 801 2912 penitus
828 2829 1040 2913 revocantes,
1068 2822 1223 2895 districte
1250 2802 1489 2925 praeeffi'ps,
1516 2826 1658 2894 nostrae
1683 2821 1822 2912 gratiae
1846 2868 1854 2876 -

275 2945 340 3016 sub
367 2944 513 3015 obtentu
540 2942 699 3013 omnibus
726 2947 761 3013 et
787 2943 931 3033 singulis
959 2944 1089 3015 colonis
1116 2950 1153 3015 et
1179 2944 1437 3034 cmethonibus,
1463 2949 1587 3033 terras,
1615 2962 1736 3034 agros,
1764 2955 1854 3016 seu·

274 3063 419 3157 praedia
446 3063 621 3155 quaelibet
648 3063 841 3135 colentibus
860 3063 896 3134 in
915 3063 1052 3153 nostris,
1080 3065 1135 3135 vel
1162 3065 1339 3154 baronum,
1367 3065 1423 3136 vel
1449 3064 1599 3135 militum
1626 3067 1827 3140 nostrorum

275 3190 312 3257 et
339 3184 486 3255 aliorum
522 3203 802 3275 quorumcunque
838 3184 930 3255 villis
965 3183 1221 3257 Polonicalihus
1256 3185 1311 3256 vel
1340 3184 1639 3274 Troconiealibus,
1675 3184 1712 3255 in
1745 3188 1824 3263 tota

276 3304 425 3376 dioecesi
451 3303 682 3394 cracoviensi,
709 3310 748 3377 ut
767 3305 809 3377 de
828 3311 966 3377 caetero
994 3306 1155 3396 episeopo
1174 3310 1209 3375 et
1226 3286 1386 3396 ca'pitulo,
1413 3305 1579 3397 praelatis
1597 3303 1829 3379 accaronitis

277 3426 440 3499 eeclesiae
467 3424 716 3517 cracoviensis,
744 3432 779 3497 et
805 3426 1018 3517 emptoribus
1038 3414 1246 3498 decimarum
1273 3427 1437 3517 ipsarum,
1464 3448 1487 3497 n
1569 3421 1829 3515 coabbatibus,

277 3546 461 3639 prioribus,
487 3547 655 3638 plebanis,
682 3547 904 3618 ecelesiarum
932 3547 1193 3638 collegiatarum
1221 3553 1257 3619 et
1283 3530 1831 3641 parochialium'rectoribua-:ac

275 3668 354 3741 aliis
381 3667 591 3757 quibuslibet
618 3669 751 3740 clericis
779 3667 1013 3740 saecularibus
1041 3689 1101 3740 seu
1129 3668 1346 3759 regularibus
1373 3668 1560 3761 exemptis,
1587 3668 1623 3738 in
1650 3666 1830 3759 praedicta

278 3789 427 3861 dioecesi
453 3789 755 3878 commorantibus,
783 3788 932 3860 decimas
959 3788 1097 3881 trogum
1115 3810 1256 3861 suarum
1282 3789 1468 3863 cuiuslibet
1494 3788 1634 3860 seminis
1653 3792 1690 3861 et
1707 3786 1831 3880 canapi

277 3915 435 4000 tempore
461 3910 584 3980 messis
612 3910 767 4000 quolibet
794 3930 893 4001 anno,
921 3911 1078 3982 curribus
1106 3911 1177 3982 suis
1204 3911 1272 4001 ipsi
1298 3909 1411 3982 coloni
1438 3909 1511 3981 sine
1539 3908 1617 3981 dolo
1645 3912 1681 3981 et
1704 3906 1830 3983 frande

278 4029 324 4101 ad
351 4029 479 4100 horrea
515 4031 667 4121 episcopi
694 4036 729 4103 et
757 4031 977 4121 clericorum,
1014 4032 1069 4103 vel
1097 4025 1177 4102 alia'
1192 4038 1289 4103 certa
1314 4031 1391 4102 loca
1426 4030 1605 4119 villarum,
1641 4029 1831 4123 inquibus

276 4149 476 4222 huiusmodi
494 4149 646 4222 decimae
665 4152 869 4243 consistunt,
896 4136 1000 4245 quae,
1011 4158 1266 4244 procuratores,
1295 4152 1495 4249 venditores
1513 4173 1575 4225 seu
1594 4152 1831 4244 decimatores,

278 4276 340 4346 aut
366 4271 576 4343 decimarum
602 4279 777 4366 emptores
805 4273 960 4367 episcopi
977 4270 1015 4347 et
1034 4274 1267 4366 quorumlihet
1294 4275 1536 4347 canonicorum
1554 4275 1609 4346 vel
1627 4262 1850 4366 clericorum

278 4391 457 4485 elegerint,
485 4392 676 4465 conducere
704 4402 740 4467 et
767 4414 982 4486 componere,
1011 4397 1101 4468 sicut
1120 4396 1200 4467 olim
1219 4393 1287 4467 fuit
1305 4400 1517 4486 consuetum,
1544 4396 1725 4487 perpetuis
1742 4402 1831 4469 tem·

278 4515 421 4605 poribus
448 4521 642 4588 teneantur.
669 4514 745 4587 Hoc
772 4516 915 4606 adiecto,
944 4516 1084 4608 quodsi
1103 4517 1227 4607 aliquis
1254 4517 1353 4587 miles
1380 4520 1501 4595 noster
1527 4515 1675 4591 decimas
1693 4516 1730 4589 in
1747 4515 1833 4589 villa

279 4635 336 4708 vel
361 4635 454 4706 villis
481 4637 553 4708 suis
580 4657 695 4708 emere
723 4637 880 4726 voluerit,
907 4637 979 4709 hoc·
1001 4637 1067 4709 sihi
1094 4638 1197 4709 liceat
1223 4658 1332 4729 usque
1355 4635 1400 4707 ad
1418 4634 1544 4709 festum
1572 4635 1689 4709 Sancti
1707 4635 1831 4711 Jacobi

278 4755 450 4846 Apostoli.
478 4756 516 4828 Si
543 4759 619 4849 quis
646 4763 763 4829 autem
791 4759 885 4847 civis,
912 4759 967 4829 vel
995 4758 1084 4831 alius
1111 4760 1214 4831 homo
1240 4756 1393 4831 Pelonus
1417 4762 1482 4845 ¹aut
1509 4756 1712 4830 Teuthonus
1738 4756 1832 4831 deei-

276 4897 351 4949 mas
378 4878 413 4948 in
440 4878 532 4949 villis
559 4878 770 4950 militaribus
795 4880 893 4970 prins
920 4879 1155 4972 ordinaverit,
1182 4880 1212 4952 si
1239 4880 1339 4951 miles
1366 4879 1530 4952 dominus·
1553 4878 1659 4950 villae
1684 4878 1741 4953 vel
1766 4878 1832 4951 vil‘·

276 4998 399 5089 larum,
426 4999 520 5092 ipsas
547 5019 611 5090 pro
639 4999 760 5073 eadem
792 5021 925 5073 summa
960 5003 1125 5093 pecuniae
1152 5002 1213 5074 illo
1240 5021 1330 5073 anno
1357 5000 1488 5074 habere
1515 4999 1683 5090 voluerit,
1719 4998 1834 5074 solvat

277 5120 500 5194 medietatem
527 5121 693 5213 pecuniae
720 5120 895 5195 venditori
921 5128 1093 5213 tempore,
1121 5143 1188 5215 quo
1215 5121 1365 5194 decimas
1393 5120 1585 5196 conducere
1612 5126 1650 5193 et
1675 5121 1832 5215 recipere

275 5236 433 5334 eoeperit
451 5263 473 5313 a
490 5243 630 5332 colonis,
657 5242 826 5334 reliquam
853 5244 1077 5316 medietatem
1104 5243 1148 5315 ad
1174 5243 1300 5315 festum
1327 5240 1445 5315 Sancti
1471 5240 1628 5315 Martini.
1655 5241 1693 5314 Si
1714 5247 1831 5315 autem

277 5364 376 5437 miles
405 5363 516 5439 dietas
540 5363 691 5445 decimas
710 5384 825 5446 emere
843 5364 994 5444 voluerit
1011 5364 1103 5444 iutra
1119 5371 1256 5464 tempus
1282 5365 1507 5462 praedictum,
1532 5370 1618 5439 tunc
1634 5362 1832 5444 vendantur
