4050 6054
230 472 305 541 aar]

333 676 556 764 Ocscunsn,
584 676 665 745 uilla
701 677 765 745 sub
801 675 965 765 parochia
999 676 1163 745 ecclesiae
1195 676 1238 745 dc
1264 674 1534 764 Podgrodze
1561 676 1649 763 sita,
1678 676 1789 745 cuius

230 798 426 887 proprietas
453 803 488 866 et
515 797 702 867 dominium
729 797 774 865 ad
801 797 1003 866 coenobium
1030 796 1340 866 sanctimonialium
1369 797 1411 866 de
1438 796 1647 885 Antiqua
1673 796 1789 866 San-

230 919 336 989 dccz
363 918 524 1007 pertinet,
551 918 586 986 in
614 937 682 1006 qua
708 924 790 986 sunt
816 917 884 987 duo
902 916 993 985 lanei
1012 917 1255 1004 cmethouales,
1273 917 1316 986 dc
1335 917 1459 1005 quihus
1477 916 1624 986 soluitur
1643 915 1789 985 decima

231 1038 457 1126 manipularis
484 1044 518 1107 et
546 1058 609 1126 per
636 1046 785 1126 qrratuor
811 1037 950 1125 ierugas
977 1037 1151 1124 canapalis
1169 1036 1463 1106 archidiaconatui
1482 1034 1729 1124 Sandeezensi‚
1748 1042 1791 1106 et

231 1158 360 1229 ducunt
387 1178 460 1228 eam
488 1157 686 1227 emetlrones
713 1157 757 1226 ad
783 1158 946 1228 horreum
973 1158 1016 1227 ab
1044 1156 1286 1227 archidiacono
1312 1157 1503 1243 locandum,
1530 1162 1566 1226 et
1583 1156 1687 1227 valor
1706 1158 1789 1227 eius

230 1279 434 1348 aestimatur
458 1277 503 1347 ad
530 1298 632 1346 unam
659 1298 818 1346 marcam.
845 1277 931 1346 lteru
957 1278 1122 1346 tabernac
1150 1298 1218 1347 riou
1245 1286 1334 1366 suut,
1360 1277 1444 1347 item
1470 1276 1693 1347 liortudaniae
1712 1298 1790 1347 non

231 1405 330 1486 suut,
358 1399 439 1468 item
474 1399 654 1487 praedium
690 1419 758 1468 nau
786 1398 901 1467 estin
929 1397 1048 1467 eadem
1076 1398 1166 1468 uilla.
1206 1399 1293 1468 Item
1321 1398 1486 1468 scultetus
1513 1398 1629 1468 estin
1656 1397 1792 1469 eadem

232 1519 323 1607 uilla,
351 1520 409 1609 qui
436 1519 543 1590 habet
570 1573 577 1587 .
605 1573 612 1587 .
640 1573 648 1587 .
675 1519 811 1608 laneos,
839 1519 881 1589 de
910 1540 1055 1608 quorum
1081 1520 1175 1608 agris
1202 1519 1307 1589 solvit
1334 1518 1498 1589 decimam
1525 1518 1792 1609 manipularem

232 1639 526 1711 archidiaconatui
553 1639 789 1709 Sandeczcusi.

336 1759 533 1848 Surnsun,
560 1759 643 1829 uilla
669 1760 733 1829 suh
760 1759 926 1848 parochia
944 1759 1107 1831 ecclesiae
1125 1760 1168 1829 dc
1186 1758 1456 1849 Podgrodze
1484 1759 1560 1846 sita,
1578 1757 1679 1829 cuius
1699 1758 1795 1830 hae-

231 1902 288 1951 res
324 1879 481 1969 Zegotha
516 1877 811 1969 Gahauszkp‚
840 1879 965 1949 nobilis
992 1880 1034 1949 dc
1061 1881 1165 1950 armis
1192 1879 1391 1969 lanima,
1419 1880 1453 1948 iu
1482 1899 1551 1968 qua
1577 1884 1661 1949 sunt
1689 1878 1796 1951 lanei

232 1999 481 2088 emethouales,
509 1999 551 2069 de
579 2000 703 2088 quihus
730 1999 877 2069 solvitur
904 2000 1036 2069 decima
1062 2000 1285 2089 manipularis
1312 2006 1346 2071 et
1374 2020 1437 2088 per
1464 2006 1612 2088 quatuor
1639 2000 1796 2089 ierugas

232 2120 408 2210 canapalis
435 2118 730 2190 archidiaconatui
756 2118 993 2209 Sandeczeusi,
1021 2126 1055 2190 et
1083 2121 1212 2191 ducunt
1240 2141 1314 2189 eam
1337 2121 1534 2190 amethanes
1551 2118 1596 2189 ad
1612 2120 1797 2191 horreum

231 2243 275 2312 ab
312 2240 554 2311 archidiacono
589 2239 771 2309 locandum
808 2240 957 2329 propriis
994 2242 1170 2328 enrrilms,
1198 2246 1233 2310 ct
1269 2240 1365 2310 valor
1401 2241 1604 2310 aestimatur
1630 2240 1715 2311 eius
1746 2242 1798 2313 ad

231 2382 332 2431 uuam
361 2381 520 2431 marcam.
546 2359 728 2448 Perceptio
755 2365 871 2431 tamen
889 2359 1039 2430 decimae
1058 2359 1233 2449 praelatae
1252 2360 1519 2447 diversificatum
1546 2380 1624 2429 nam
1644 2366 1797 2449 partem

231 2482 306 2553 eius
342 2481 491 2570 percipit
526 2480 824 2551 archidiaconatus
857 2479 1116 2569 Sandeczeusis‚
1143 2487 1278 2569 partem
1311 2501 1393 2551 vero
1421 2479 1603 2550 secundam
1630 2481 1799 2571 percipit

231 2603 448 2691 episcopatus
476 2600 721 2690 Oracouieusis,
741 2610 875 2699 partem
902 2602 984 2671 item
1011 2601 1151 2671 tertiam
1178 2601 1327 2690 percipit
1344 2601 1488 2671 ccclesia
1505 2600 1725 2690 parochialis
1747 2602 1797 2675 de

232 2721 647 2792 Wroczimowicze.
673 2722 762 2792 Item
789 2722 965 2811 tabernae,
993 2724 1075 2792 item
1103 2722 1331 2811 lrortulauiac‚
1359 2722 1442 2791 item
1469 2721 1659 2817 praedium.

334 2836 586 2930 tenuiorem,
615 2841 698 2911 uilla
725 2843 788 2912 sub
816 2842 980 2932 parochia
1006 2843 1170 2913 ecclesiae
1198 2842 1232 2912 in
1260 2832 1546 2933 Luk⁰0wpcza
1571 2842 1656 2931 sita,
1684 2843 1796 2915 cuius
1839 2872 1843 2877 ·

233 2962 402 3034 haeredes
437 2961 601 3032 Nicolaus
635 2959 901 3054 Gabansky‚
928 2962 1053 3032 nobilis
1090 2962 1132 3033 dc
1168 2964 1273 3033 armis
1299 2965 1494 3053 Iauyna,
1521 2968 1557 3032 et
1581 2962 1794 3052 Stephanus

233 3084 491 3154 Scadzimir
518 3083 561 3154 dc
588 3084 693 3153 armis
721 3083 932 3172 Oszoria,
960 3084 996 3152 iu
1023 3104 1091 3172 qua
1117 3090 1198 3152 sunt
1225 3137 1232 3152 .
1260 3137 1267 3151 .
1295 3137 1302 3151 .
1337 3084 1429 3154 lanei
1455 3082 1713 3173 emanantes,
1745 3085 1794 3157 de

233 3205 357 3294 quibus
384 3203 531 3274 soluitur
564 3203 696 3275 decima
722 3204 946 3293 manipularis
972 3208 1008 3275 et
1035 3225 1096 3292 per
1124 3210 1271 3292 quatuor
1298 3204 1436 3292 ierugas
1463 3204 1638 3293 canapalis
1666 3206 1792 3277 archi-

235 3324 431 3395 diaconatui
458 3324 704 3413 Sandeczeusi,
732 3329 767 3394 ct
793 3324 922 3395 ducunt
949 3345 1025 3393 eam
1052 3324 1249 3394 cruethones
1277 3324 1322 3394 ad
1347 3325 1509 3394 horreum
1537 3326 1581 3394 ah
1608 3324 1792 3396 archidia-

234 3467 319 3516 cono
346 3446 536 3534 locandum,
564 3453 600 3515 et
628 3446 725 3516 ralor
752 3446 954 3515 aestimatur·
981 3446 1054 3515 eius
1082 3445 1126 3514 ad
1153 3465 1256 3514 urnam
1274 3465 1433 3514 marcam.
1460 3444 1642 3533 Perccptio
1661 3450 1788 3517 mmen

234 3568 308 3637 cius
335 3565 588 3637 diversificatur·
625 3566 769 3654 siugulis
796 3566 914 3652 aunis3
941 3585 1020 3635 nam
1046 3571 1180 3653 partem
1207 3558 1280 3635 eius
1306 3565 1455 3655 percipit
1481 3565 1788 3637 archidiaconatus

235 3687 500 3775 SandeczeusiS,
527 3686 672 3756 alteram
708 3706 790 3756 uero
826 3686 1044 3776 episcopatus
1079 3686 1335 3775 Cracovicnsis‚
1362 3691 1497 3775 partem
1528 3704 1610 3755 vero
1636 3684 1787 3759 tertiam

233 3807 381 3899 percipit
407 3808 572 3895 parochia
598 3762 726 3877 malim
752 3807 788 3876 iu
814 3806 1109 3897 Lulrawycza.
1135 3807 1224 3877 Item
1251 3808 1425 3896 tabernae,
1444 3807 1527 3876 item
1545 3806 1782 3896 hortulaniae,

233 3930 316 3999 item
344 3926 487 4017 praedia
514 3927 581 3998 dua
609 3927 783 4016 militaria,
810 3927 853 3997 dc
880 3947 1025 4016 quorum
1051 3927 1145 4015 agris
1171 3928 1319 4017 percipit
1345 3927 1511 3998 decimam
1529 3924 1783 4018 manipularem

233 4048 379 4118 ecclesia
406 4048 617 4136 parochialis
643 4048 679 4117 in
706 4047 989 4118 Lukowicza.

338 4168 608 4256 Pallacontam,
635 4168 736 4257 uilla,
762 4167 893 4237 habens
931 4168 967 4236 in
1003 4188 1039 4237 se
1075 4168 1306 4256 parochialem
1334 4168 1511 4239 ecclesiam
1539 4168 1688 4257 ligneam
1716 4168 1786 4241 suh

234 4290 336 4361 titulo
363 4290 396 4359 S.
422 4288 558 4377 iacobi,
586 4290 682 4360 cuius
709 4289 905 4378 proprietas
933 4295 968 4358 ot
995 4287 1181 4358 doruiuium
1209 4289 1318 4359 maius
1345 4289 1498 4378 pertinet
1524 4288 1569 4359 ad
1595 4288 1787 4361 sanctimo-

236 4411 348 4481 niales
376 4409 532 4479 coenobii
560 4410 602 4480 dc
629 4409 835 4498 Antiqua
861 4408 1072 4498 Saudeca,
1100 4410 1211 4479 minor
1238 4415 1352 4479 antem
1379 4409 1592 4499 proprietas²
1619 4406 1788 4483 videlicet

235 4532 322 4602 duae
350 4529 577 4619 lrortulaniae‚
603 4529 756 4619 pertinet
782 4529 826 4599 ad
853 4529 1086 4619 episcopatum
1106 4528 1375 4619 cracoviensem,
1395 4529 1528 4599 decima
1546 4529 1650 4599 etiam
1669 4531 1787 4601 mani-

232 4651 364 4740 pularis
391 4656 471 4739 post
497 4650 615 4721 laneos
643 4649 876 4720 cmcthonales
904 4650 1056 4739 pertinet
1083 4651 1127 4721 ad
1146 4652 1380 4740 episcopatum
1399 4649 1672 4721 Cracorieusem.
1689 4648 1786 4721 Item

232 4772 268 4841 in
295 4770 414 4843 eadem
440 4770 525 4841 villa
550 4775 604 4840 est
630 4770 796 4841 scoltetus
823 4770 954 4840 habeus
981 4770 1067 4841 duos
1095 4771 1227 4859 lancos,
1254 4770 1337 4840 item
1365 4770 1484 4840 laneus
1512 4791 1599 4840 unus
1627 4768 1787 4843 emetha·
1892 4762 1901 4780 '

232 4892 339 4981 nelis,
367 4892 425 4982 qui
463 4890 591 4961 dicitur
617 4889 908 4980 llladrkouis‚
936 4891 979 4961 de
1006 4892 1130 4980 quibus
1157 4891 1305 4962 soluitur
1331 4890 1464 4962 decima
1490 4889 1718 4979 manipularis
1747 4898 1788 4979 ct

232 5033 296 5103 per
330 5018 478 5102 quatuor
512 5012 651 5101 ierugas
687 5010 861 5100 canapalis
888 5012 1182 5083 archidiaconatui
1210 5012 1456 5101 Sandcczcnsi,
1484 5017 1520 5082 ot
1547 5010 1678 5082 ducunt
1703 5030 1789 5084 cam

233 5134 432 5205 cmctlroues
458 5136 495 5204 et
521 5133 686 5204 scoltetus
712 5134 864 5224 propriis
892 5134 1049 5204 curribus
1077 5134 1112 5204 in
1138 5134 1299 5204 horreum
1326 5135 1371 5205 ab
1398 5133 1640 5225 archidiacono
1664 5131 1789 5205 locan-

233 5254 324 5343 dum,
350 5259 388 5324 et
413 5253 511 5325 valor
538 5254 742 5325 aestimatur
768 5255 843 5325 eius
870 5254 914 5324 ad
941 5259 1022 5343 tres,
1050 5260 1111 5324 aut
1138 5260 1286 5343 quatuor
1312 5274 1461 5343 marcas;
1488 5255 1569 5324 item
1596 5254 1632 5324 in
1658 5254 1788 5328 eadem

234 5373 316 5445 uilla
350 5378 405 5447 est
441 5374 538 5445 curia
572 5374 681 5465 hona,
708 5376 886 5465 pertinens
922 5374 966 5445 ad
993 5374 1306 5448 archidiaconatum
1335 5374 1622 5467 Saudoczcnsem,
1647 5375 1789 5455 habens
