4080 6068
214 359 361 492 '32

312 627 382 718 dna
398 629 482 698 sunt
494 624 611 697 decem
629 624 723 696 lanei
741 621 995 712 cmethonales‚
1022 623 1106 696 item
1122 622 1280 712 taberna,
1298 621 1382 695 item
1408 620 1651 729 molendinum,
1678 619 1762 692 item
1788 624 1861 691 tres

312 744 534 821 bortulauiae
552 746 721 818 habentes
739 745 907 837 speciales
926 764 1038 835 agros.
1055 743 1144 816 Item
1163 743 1301 828 invilla
1326 741 1699 853 Stbanyanthlry⁸
1719 741 1862 833 propin-

310 838 378 958 qua
391 850 581 956 ‚praelatae
599 864 704 937 villae
728 862 972 957 Podlazye,
1001 869 1083 939 sunt
1100 864 1188 935 certi
1205 863 1282 954 agri
1300 863 1542 953 cmethonales‚
1569 863 1606 932 in
1631 861 1744 935 altera
1761 865 1862 953 parte

310 985 440 1058 fluvioli
458 986 542 1059 dicti
560 985 788 1058 communiter
814 984 966 1057 Strum
977 1005 1039 1077 ye,
1067 985 1125 1075 qui
1144 984 1220 1074 agri
1237 990 1407 1057 vocantur
1418 978 1658 1078 przynayarbi,
1676 982 1719 1054 de
1738 982 1863 1071 quibus

310 1107 468 1181 omuibus
486 1106 616 1197 absque
635 1104 862 1178 diminutione
881 1105 1028 1191 solvitur
1046 1103 1178 1208 decima
1204 1103 1430 1194 manipularis
1456 1123 1520 1192 pro
1547 1101 1746 1192 praebenda
1762 1121 1862 1191 prae·

310 1227 383 1299 lota
409 1233 445 1299 et
463 1225 601 1299 ducitur
614 1245 678 1317 per
695 1224 825 1299 incolas
843 1226 879 1296 in
898 1225 1061 1298 horreum
1085 1245 1106 1298 u
1123 1225 1288 1297 canonico
1316 1223 1499 1295 locandum
1526 1227 1562 1294 et
1589 1220 1723 1295 decima
1738 1222 1863 1312 canapi
1989 1266 1994 1275 -

311 1348 415 1420 datur
440 1368 504 1438 per
531 1351 680 1437 quatuor
706 1347 885 1418 iuncturas
912 1344 949 1418 et
974 1345 1179 1417 aestimatur
1204 1344 1304 1420 valor
1328 1346 1404 1415 eins
1422 1344 1466 1415 ad
1484 1344 1609 1433 viginti
1626 1360 1769 1415 marcas.
1796 1341 1863 1413 Est

311 1468 416 1540 etiam
441 1467 491 1539 ibi
517 1466 706 1556 praedium'
715 1465 923 1555 coenobiale,
955 1466 1087 1537 babens
1117 1484 1230 1557 agros,
1246 1464 1301 1537 de
1329 1465 1452 1555 quibus
1470 1463 1557 1536 nulli
1575 1463 1680 1535 solvit
1697 1461 1864 1534 dealmam

311 1574 569 1678 manipularem,
583 1586 644 1657 sed
657 1578 905 1657 monasterium
935 1586 972 1658 in
1003 1584 1269 1678 Steuyatky
1300 1584 1395 1656 illam
1418 1584 1567 1675 percipit
1592 1583 1683 1665 etin
1701 1582 1864 1703 harpalum

312 1728 410 1780 suum
428 1707 570 1797 inducit.
917 1772 921 1780 ,
1500 1774 1504 1779 ,
1771 1708 1795 1769 ξ’

414 1828 503 1901 Item
520 1828 627 1901 babet
645 1830 777 1899 sextam
794 1827 1044 1917 manipularem
1071 1826 1238 1899 decimam
1255 1827 1291 1898 in
1311 1824 1420 1917 Wyn
1430 1844 1546 1918 year,
1578 1824 1662 1896 villa
1679 1824 1744 1897 sub
1761 1843 1863 1916 paro-

313 1946 391 2020 chia
408 1946 573 2020 ecclesiae
591 1946 634 2019 de
659 1938 973 2040 Nyego'vmeoz,
1004 1948 1101 2020 euius
1118 1948 1243 2021 haeres
1269 1924 1864 2038 JobannesNyewyarousky,

313 2068 441 2140 nobilis
460 2067 618 2143 dedomo
635 2064 884 2140 Polulroza.
910 2069 951 2139 ln
970 2089 1038 2160 qna
1065 2074 1147 2141 sunt
1178 2075 1327 2159 quatuor
1354 2087 1430 2139 cnm
1458 2065 1570 2140 modio
1596 2064 1687 2139 lanei
1713 2064 1865 2136 cmetho-

313 2187 427 2278 nales,
454 2188 537 2259 item
565 2189 731 2260 tabernae
748 2209 819 2261 nou
837 2194 928 2277 sunt,
954 2189 1039 2260 item
1057 2188 1276 2259 hortulauiae
1294 2209 1363 2260 uon
1381 2193 1481 2276 sunt3
1508 2186 1551 2293 de
1575 2184 1687 2261 laneis
1709 2185 1866 2257 omnibns

313 2307 461 2380 solvitur
486 2307 620 2381 decima
636 2307 861 2398 manipularis
879 2306 1098 2399 praebendae
1116 2306 1302 2399 praefatae,
1321 2311 1359 2378 et
1375 2306 1507 2378 incolae
1526 2307 1657 2380 ducunt
1673 2306 1768 2379 illam
1786 2324 1866 2396 pro-

313 2427 399 2519 priis
417 2427 576 2499 curribus
593 2428 629 2498 in
647 2429 811 2502 horreum
840 2449 861 2498 a
879 2427 1043 2513 canonico
1061 2427 1257 2518 eligendum
1280 2433 1315 2500 et
1330 2428 1469 2499 solvunt
1481 2427 1650 2501 decimam
1664 2428 1786 2518 canapi
1803 2445 1866 2517 per

314 2552 464 2636 quatuor
480 2546 660 2619 iuncturas
686 2553 723 2619 et
741 2548 947 2620 aestimatur
964 2546 1062 2619 valor
1080 2547 1154 2620 eius
1173 2548 1217 2618 ad
1236 2546 1352 2619 decem
1371 2569 1515 2620 marcas.
1534 2547 1600 2620 Est
1617 2548 1723 2620 etiam
1741 2547 1789 2619 ibi
1807 2566 1866 2617 cu-

226 2723 240 2739 ,
313 2667 367 2737 ria
384 2664 555 2756 militaris,
582 2667 714 2740 habens
740 2687 844 2759 agros
873 2666 1078 2758 praediales,
1107 2667 1150 2740 de
1182 2666 1306 2759 qulbus
1325 2667 1458 2741 decima
1475 2668 1702 2760 manipularis
1719 2668 1866 2741 solvitur

314 2786 462 2877 plebano
489 2787 525 2857 in
552 2785 586 2859 N
593 2797 877 2881 yegowyecu
912 2789 1001 2861 Item
1031 2792 1132 2861 extra
1168 2786 1285 2861 villam
1312 2795 1367 2862 est
1393 2790 1552 2881 specialis
1579 2790 1745 2880 anama,
1771 2787 1866 2860 dicta

314 2905 457 2978 Uscze
488 2907 620 2991 babens
646 2929 749 3000 agros
767 2892 943 3001 'speciales
960 2910 1054 2982 inter
1080 2907 1249 2981 Rabam
1275 2915 1312 2982 et
1336 2909 1607 2983 Stradomia
1637 2909 1759 2983 fluvius
1786 2909 1868 2999 sita,
1930 3001 1933 3004 Ι

316 3028 412 3115 cuius
431 3027 582 3099 decimae
600 3029 699 3101 valor
712 3031 916 3103 aestimatur
926 3028 980 3103 ,ad
991 3049 1097 3103 unam
1116 3051 1333 3122 sexagenam.

348 3234 357 3245 ι
419 3147 506 3222 ltem
524 3148 631 3220 habet
648 3130 829 3240 septimam
848 3150 1098 3250 manipularem
1125 3151 1290 3223 decimam
1322 3152 1357 3221 in
1387 3149 1666 3241 Podgrodze,
1693 3151 1776 3223 villa
1802 3153 1867 3224 sub
1907 3168 1913 3175 ·
2008 3128 2013 3135 ⁶

316 3268 481 3359 parochia
498 3268 642 3340 eclesiae
661 3269 703 3340 de
730 3270 853 3362 Nyeg
864 3293 883 3343 o
894 3271 1048 3362 wieder,
1073 3271 1170 3343 cuius
1188 3271 1311 3343 haeres
1329 3271 1522 3343 Stanislaus
1540 3271 1868 3364 Marszowslry,

316 3387 441 3459 nobilis
459 3387 503 3458 de
529 3387 630 3460 domo
656 3388 933 3483 Polnkozya
959 3391 1000 3461 ln
1028 3410 1096 3481 qua
1114 3395 1195 3462 sunt
1212 3390 1304 3462 lanei
1323 3393 1574 3482 cmethonales‚
1601 3391 1686 3465 item
1711 3393 1868 3482 taberna,

315 3508 399 3579 item
417 3528 486 3579 uon
504 3515 586 3579 sunt
616 3509 852 3602 hortulaniae,
880 3510 922 3582 de
954 3511 1079 3602 quibus
1110 3511 1268 3584 omuibus
1300 3512 1435 3585 decima
1465 3510 1690 3604 manipularis
1721 3513 1869 3586 solvitur

315 3627 534 3719 praebendae
552 3627 738 3721 praefatae,
757 3638 794 3702 et
810 3637 975 3704 tenentur
992 3652 1069 3703 eam
1087 3632 1219 3705 incolae
1239 3634 1390 3724 propriis
1408 3635 1567 3707 curribus
1586 3633 1711 3706 ducere
1729 3634 1766 3704 in
1783 3633 1865 3709 hur-

282 3800 286 3807 ,
315 3744 414 3821 reum
432 3769 453 3820 a
471 3750 634 3821 canonico
661 3747 865 3843 eligendum,
896 3760 932 3826 et
963 3753 1095 3825 decima
1120 3756 1241 3844 canapi
1261 3756 1407 3827 solvitur
1434 3776 1497 3846 per
1515 3761 1664 3846 quatuor
1691 3755 1868 3826 iuncturas

316 3875 354 3941 et
370 3871 469 3943 valor
495 3869 647 3942 decimae
672 3874 877 3946 aestimatur
904 3875 948 3946 ad
975 3895 1036 3947 sex
1062 3896 1204 3948 marcas.
1231 3875 1298 3948 Est
1315 3877 1421 3948 etiam
1447 3878 1496 3948 ibi
1523 3877 1619 3948 curia
1644 3874 1806 3947 militaris
1832 3882 1869 3946 et

317 3989 505 4078 praedium,
523 3991 655 4063 habens
674 4012 785 4085 agros,
805 3994 847 4066 de
862 3996 986 4085 quibus
1000 3997 1224 4088 manipularis
1239 3997 1371 4069 decima
1385 3998 1532 4070 solvitur
1550 3998 1697 4087 plebano
1712 4002 1748 4068 et
1762 3996 1869 4069 eecle-

319 4107 391 4177 siae
422 4110 458 4178 in
485 4109 810 4202 Nyegowyecz.
1554 4208 1558 4212 ,

421 4226 510 4297 Item
527 4227 633 4300 habet
647 4236 803 4302 octavam
817 4235 1067 4324 manipularem
1081 4235 1247 4309 decimam
1260 4236 1295 4307 in
1314 4236 1552 4309 Szobolow
1579 4237 1670 4328 villa,
1685 4239 1721 4310 in
1736 4244 1871 4331 quaest
1975 4261 1979 4268 ·

318 4344 464 4418 ecclesia
489 4349 705 4440 parochialis,
737 4352 834 4424 cuius
860 4355 1056 4444 proprietas
1083 4356 1236 4446 pertinet
1263 4356 1307 4427 ed
1335 4356 1468 4428 nobiles
1487 4412 1601 4428 .....
1627 4357 1669 4430 In
1695 4378 1763 4450 qua
1789 4366 1871 4432 sunt

318 4467 410 4539 lanei
428 4468 671 4559 cmethonales‚
690 4470 733 4543 de
752 4473 876 4563 quibus
894 4472 998 4545 datur
1025 4474 1157 4547 decima
1182 4477 1408 4566 manipularis
1434 4479 1651 4568 praebendae
1688 4478 1871 4570 praelatae

319 4594 356 4660 et
373 4586 511 4660 ducitur
529 4609 591 4679 per
610 4593 807 4665 cmethones
825 4595 977 4684 propriis
996 4595 1154 4668 curribus
1172 4598 1208 4669 in
1225 4597 1403 4688 horreum,
1429 4599 1563 4672 decima
1581 4601 1702 4691 canapi
1721 4600 1870 4674 solvitur

318 4730 382 4800 per
399 4716 548 4802 quatuor
568 4712 745 4786 iuncturas
777 4721 813 4786 et
840 4715 1046 4787 aestimatur
1073 4717 1172 4789 valor
1189 4719 1264 4790 eins
1291 4719 1337 4790 ad
1362 4726 1435 4792 tres
1462 4741 1605 4794 marcas.
1637 4720 1782 4795 Nobiles
1809 4745 1870 4794 an·

318 4835 389 4901 tem
415 4831 564 4922 praefati
590 4831 633 4904 de
660 4835 754 4924 agris
780 4836 852 4907 suis
882 4835 1033 4920 reddunt
1064 4836 1230 4911 decimam
1261 4840 1409 4930 plebano
1440 4847 1477 4913 et
1508 4842 1671 4917 ecclesiae
1702 4842 1739 4914 in
1770 4843 1872 4914 Szo·

320 4951 477 5023 bolow.

420 5072 509 5145 Item
527 5080 627 5147 extra
639 5075 758 5147 villam
771 5075 963 5168 praelatam
977 5084 1031 5150 est
1045 5080 1203 5170 specialis
1217 5080 1364 5155 taberna
1382 5088 1505 5156 vocata
1522 5083 1689 5158 Szobol
1702 5103 1788 5175 ecz,
1807 5083 1871 5158 sub

319 5193 484 5284 parochia
501 5194 679 5284 praedicta
704 5195 740 5266 in
762 5196 998 5272 Szobolow
1025 5199 1070 5271 ad
1088 5201 1215 5274 dictam
1232 5202 1350 5274 villam
1368 5211 1404 5276 et
1422 5203 1467 5277 ad
1483 5203 1650 5277 haeredes
1669 5206 1743 5278 eius
1761 5204 1869 5298 perti-

320 5332 414 5404 nens,
432 5312 563 5387 habeus
582 5335 685 5404 agros
704 5319 879 5410 speciales,
897 5326 934 5391 et
952 5321 995 5393 ab
1014 5322 1108 5411 agris
1127 5321 1229 5394 villae
1252 5321 1367 5396 Szub
1378 5324 1420 5396 ol
1431 5319 1492 5398 ow
1519 5324 1710 5418 distinctos,
1733 5325 1870 5400 solvens
