4050 6054
230 446 358 601 ιιι

197 672 200 678 ¹
261 700 394 772 decima
419 697 547 786 absque
565 694 855 766 diversificatioue
874 714 937 782 pro
956 692 1156 782 praebenda
1174 690 1395 764 Cracoviensi
1422 692 1569 774 solvitur
1596 700 1633 765 et
1658 695 1811 785 propriis

261 819 418 891 curribus
436 835 499 906 per
517 815 715 887 emethoues
742 813 881 884 ducitur
908 812 943 883 in
961 813 1125 883 horreum
1144 833 1207 903 per
1224 802 1513 903 praebendarium
1532 811 1748 903 eligendum
1774 821 1812 886 et
1856 810 1867 828 '

260 937 465 1012 aestimatur
482 936 581 1007 valor
599 935 673 1006 eius
700 934 744 1005 ad
768 939 917 1024 quatuor
943 951 1087 1006 mareas.
1113 932 1248 1004 Haeres
1275 933 1381 1005 etiam
1407 932 1509 1004 villae
1536 932 1704 1024 depositis
1721 955 1813 1006 eme-

260 1059 425 1134 thonibus
452 1063 489 1128 et
506 1056 639 1128 duobus
670 1054 782 1126 laneis
814 1052 1090 1125 emethonalibus
1110 1054 1147 1124 in
1166 1044 1346 1143 praedium
1364 1054 1554 1142 conversis,
1574 1052 1741 1124 decimam
1760 1055 1813 1125 in-

262 1182 352 1252 iuste
379 1178 483 1250 solvit
500 1177 665 1247 ecclesiae
683 1175 719 1245 in
746 1174 1075 1264 Kossoc'zycre.
1101 1173 1190 1245 Sunt
1208 1174 1313 1244 etiam
1332 1173 1381 1243 ibi
1399 1174 1474 1263 agri
1492 1173 1608 1264 aliqui,
1626 1194 1669 1244 ex
1687 1174 1813 1264 quibus

263 1299 453 1372 decimatur
471 1297 635 1368 eeclesiae
653 1295 844 1386 parochiali
855 1293 979 1378 'Sancti
998 1293 1120 1365 Jacobi
1138 1295 1174 1364 in
1193 1292 1451 1365 Casimiria

220 1459 225 1465 ·
365 1419 453 1506 Item
471 1418 578 1489 habet
596 1423 752 1488 octavam
779 1414 1030 1505 manipularem
1061 1415 1228 1486 decimam
1254 1415 1291 1485 in
1321 1415 1445 1487 maiori
1476 1414 1749 1507 Lyeduycza
1776 1418 1813 1488 iu

188 1565 193 1578 ¹
264 1539 505 1634 Wyeliciensis
519 1538 683 1610 ecclesiae
697 1535 871 1625 parochia
885 1537 984 1608 cuius
1001 1537 1125 1608 haeres
1143 1535 1271 1606 Petrus
1290 1535 1608 1631 Blandowsky,
1626 1537 1752 1609 nobilis
1769 1539 1813 1609 de

265 1663 366 1735 domo
384 1660 528 1732 Poluk
539 1680 583 1730 oz
594 1680 624 1730 a.
653 1658 693 1728 Iu
708 1678 776 1748 qna
790 1660 871 1728 sunt
885 1657 1035 1748 quinque
1050 1658 1140 1728 lanei
1155 1655 1398 1744 cmethouales‚
1407 1662 1444 1727 et
1457 1655 1500 1727 de
1513 1656 1700 1729 medietate
1713 1679 1813 1749 agro·

264 1803 351 1872 rum,
368 1781 530 1853 videlicet
547 1779 589 1850 de
608 1779 743 1849 duobus
760 1779 880 1867 laneis,
904 1779 1051 1853 solvitur
1069 1778 1202 1849 decima
1219 1777 1385 1849 ecclesiae
1402 1777 1438 1848 in
1455 1778 1623 1865 Dobra;
1642 1777 1685 1850 de
1703 1779 1814 1851 altera

265 1924 348 1976 vero
367 1901 554 1974 medietate
572 1900 684 1972 tribus
702 1899 821 1988 laneis,
839 1920 909 1970 una
927 1920 1004 1971 cum
1022 1920 1107 1990 agro
1125 1918 1234 1999 prope
1253 1897 1457 1990 Wyelicz
1468 1899 1493 1970 k
1504 1919 1565 1969 am
1593 1899 1738 1988 iacente,
1756 1920 1813 1972 eu·

266 2027 319 2097 ius
338 2024 451 2096 cultor
468 2027 522 2094 est
539 2021 723 2093 Florianus
742 2002 857 2092 sartor
880 2020 923 2092 de
950 2020 1232 2112 Wyeliczka,
1260 2019 1407 2091 solvitur
1433 2019 1566 2095 decima
1590 2020 1815 2111 manipularis

265 2145 441 2238 praesenti
467 2141 685 2234 praebendae
717 2141 938 2212 cracoviensi
965 2148 1001 2213 et
1028 2126 1234 2215 aestimatur
1259 2141 1358 2211 valor
1385 2140 1459 2211 eius
1486 2139 1531 2210 ad
1558 2148 1631 2212 tres
1662 2161 1814 2232 marcas,

128 2306 130 2311 ·
265 2271 303 2338 et
328 2263 434 2337 etiam
460 2263 503 2335 de
530 2259 736 2353 quibusdam
767 2261 862 2350 agris
892 2260 1127 2350 praedialibns
1167 2261 1314 2333 solvitur
1345 2261 1477 2331 decima
1507 2259 1684 2350 praelatae
1714 2281 1832 2352 prae>

381 2406 410 2455 e

265 2385 458 2575 bendaItem
476 2503 584 2574 habet
568 2508 735 2574 tuonam
758 2502 925 2573 decimam
950 2500 1226 2592 manipularem
1217 2524 1253 2573 m
1278 2502 1404 2573 minori
1428 2502 1709 2595 Lyeduyeza,
1734 2443 1817 2576 villa

267 2628 331 2699 sub
349 2624 515 2719 parochia
541 2623 742 2694 ecclesiae?
716 2644 768 2694 ιιι
786 2622 1061 2714 Wyeliczka,
1087 2622 1184 2694 cuins
1203 2624 1326 2698 haeres
1343 2621 1469 2695 Petrus
1496 2623 1817 2718 Blandowslry,

267 2744 393 2818 nobilis
412 2743 574 2814 dedomo
606 2741 852 2814 Polukoza.
879 2741 965 2815 Post
991 2743 1090 2815 cuius
1117 2748 1277 2815 araturas
1304 2750 1340 2816 et
1365 2744 1467 2815 unius
1495 2744 1686 2818 emethonis
1714 2767 1817 2837 agros

270 2865 418 2938 solvitur
432 2863 566 2935 decima
578 2863 797 2956 praebendae
810 2863 988 2954 praelatae
1012 2870 1048 2936 et
1062 2863 1267 2936 aestimatur
1284 2864 1382 2935 valor
1395 2866 1469 2936 eina
1482 2865 1527 2945 ad
1541 2885 1644 2938 unam
1656 2885 1817 2938 maroam.

372 2986 460 3056 Item
478 2983 585 3055 habet
601 2983 752 3056 decimas
769 2984 1002 3074 manipulares
1020 2985 1221 3075 inutraque
1252 2984 1417 3074 Popcw
1428 3005 1506 3076 yaz
1516 3004 1545 3073 e,
1577 2986 1749 3075 superiori
1765 2986 1817 3059 vi*

229 3087 230 3090 ¹
269 3107 394 3179 delicet
412 3110 449 3176 et
465 3104 631 3192 inferiori,
649 3104 685 3175 in
704 3105 828 3194 quibus
846 3125 965 3177 omues
991 3110 1073 3177 sunt
1102 3105 1237 3178 nobiles
1267 3112 1304 3177 et
1332 3126 1450 3177 omnes
1480 3105 1621 3177 solvunt
1651 3105 1817 3178 decimam

268 3226 517 3317 manipularem
535 3225 753 3315 praebendae
780 3224 957 3316 praefatae
984 3232 1020 3296 et
1046 3220 1252 3298 aestimatur
1274 3227 1372 3298 valor
1398 3228 1474 3300 eius
1496 3225 1541 3296 ad
1561 3232 1710 3318 quatuor
1726 3246 1818 3298 mar-

269 3364 327 3419 cas
354 3346 418 3419 sub
437 3346 606 3439 parochia
623 3346 789 3419 ecclesiae
808 3347 850 3418 de
867 3345 1115 3437 Droginya.

371 3465 461 3537 Item
479 3464 585 3537 habet
603 3467 750 3538 alteram
767 3467 934 3538 decimam
961 3467 1209 3556 manipularem
1227 3469 1263 3539 in
1294 3467 1549 3557 Zaklicziu,
1576 3467 1669 3558 villa,
1695 3469 1732 3541 in
1752 3490 1820 3559 qua

269 3592 324 3660 est
337 3585 481 3659 ecclesia
494 3588 712 3680 parochialis,
727 3589 822 3661 cuius
836 3587 960 3659 haeres
973 3586 1114 3678 Jordan,
1129 3589 1295 3678 magister
1308 3590 1476 3661 montium
1490 3590 1526 3660 in
1544 3588 1820 3680 Wyeliealra,

269 3707 394 3782 nobilis
414 3707 576 3780 dedomo
603 3709 709 3780 trium
737 3709 970 3781 Tubarum.
996 3709 1037 3780 In
1065 3731 1132 3800 qua
1150 3716 1232 3781 suut
1249 3710 1367 3781 decem
1385 3709 1485 3800 lanei,
1503 3710 1689 3800 dequibus
1716 3710 1820 3783 solvi·

269 3834 327 3902 tur
344 3829 478 3902 decima
495 3828 721 3919 manipularis
739 3829 957 3919 praebendae
975 3829 1152 3919 praefatae
1176 3835 1213 3900 et
1239 3831 1444 3901 aestimatur
1460 3829 1559 3902 valor
1572 3830 1647 3902 eius
1661 3829 1706 3900 ad
1720 3831 1819 3922 quiu-
1926 3928 1934 3935 ο

270 3970 337 4039 que
354 3969 497 4020 marcas.
516 3947 606 4020 Sunt
624 3950 729 4021 etiam
747 3951 796 4021 ibi
814 3950 882 4021 duo
900 3951 1077 4022 hortulani
1103 3950 1272 4022 habentes
1290 3972 1402 4042 agros,
1420 3952 1480 4042 qui
1498 3950 1637 4022 solvunt
1654 3950 1820 4053 decim

271 4069 521 4159 manipularem
551 4069 699 4158 plebano
730 4069 858 4142 ibidem
889 4071 925 4141 iu
956 4070 1220 4163 Zaklycziu.
1247 4070 1328 4143 Non
1353 4078 1408 4143 est
1425 4072 1475 4144 ibi
1493 4071 1598 4160 curia,
1616 4072 1678 4142 sed
1696 4072 1820 4143 haeres

271 4188 398 4278 emptis
421 4186 555 4258 duobus
574 4188 683 4260 laneis
711 4190 891 4261 scultetiae
919 4191 1064 4263 abstulit
1090 4193 1257 4263 decimam
1276 4192 1318 4263 de
1336 4193 1404 4264 illis
1422 4214 1444 4264 a
1460 4183 1637 4283 praesenti
1653 4193 1821 4283 praeben·

271 4308 317 4380 da
334 4313 370 4379 et
398 4288 460 4377 dat
477 4306 572 4378 illam
590 4308 738 4398 plebano
757 4316 794 4380 et
812 4311 977 4382 eeclesiae
994 4311 1030 4391 iu
1048 4312 1261 4395 Zakliczi
1272 4336 1303 4383 u.

374 4427 463 4498 Item
481 4432 574 4515 uota,
593 4429 684 4518 quod
703 4429 866 4501 Nicolaus
886 4430 927 4501 de
946 4429 1161 4526 Brzezye,
1189 4434 1298 4522 miles,
1317 4435 1416 4524 regui
1439 4432 1605 4506 Polouiae
1622 4434 1820 4523 marsaleus,

271 4551 314 4621 de
334 4548 439 4620 armis
458 4546 731 4640 Plomienye‚
764 4551 799 4621 in
827 4552 930 4642 agris,
957 4553 1016 4643 qui
1040 4554 1245 4644 spectabant
1263 4554 1307 4626 ad
1334 4552 1451 4625 villam
1478 4553 1758 4647 Popowyeze
1784 4560 1822 4626 et

271 4670 314 4743 de
333 4669 458 4762 quibus
477 4669 610 4741 decima
641 4672 841 4743 solvebatur
872 4675 1090 4764 praebendae
1109 4677 1304 4766 praesenti,
1331 4675 1460 4747 locarit
1478 4676 1594 4747 villam
1623 4676 1822 4766 Thargo·

270 4792 483 4884 schyuya„
514 4797 551 4862 et
569 4791 736 4864 decimam
753 4793 846 4865 illius
864 4801 1010 4887 occupat
1028 4797 1196 4887 plebanus
1215 4796 1258 4868 de
1280 4795 1581 4888 Dobsehycze
1608 4796 1651 4869 de
1669 4795 1821 4886 antiquis
1851 4791 1858 4801 '

268 4913 382 5005 agris3
408 4912 451 4984 de
469 4911 569 4992 novis
587 4933 669 4987 vero
688 4914 782 4986 tollit
799 4915 979 5007 episeopus
998 4916 1245 4991 Cracovieusis.
1275 4919 1364 4989 Item
1380 4918 1416 4988 iu
1436 4916 1563 5007 oppido
1589 4917 1684 4988 Dob
1695 4917 1821 5009 schy-

270 5054 345 5107 cze
363 5041 444 5106 sunt
462 5034 570 5128 aliqui
588 5035 663 5126 agri
677 5035 871 5127 angulares,
890 5036 933 5108 de
951 5039 1074 5128 quibus
1092 5039 1240 5111 solvitur
1258 5039 1391 5110 decima
1409 5037 1635 5128 manipularis
1655 5037 1822 5127 praeben·

271 5153 335 5254 dae
352 5155 490 5247 praefat
491 5177 532 5228 ae
555 5163 592 5227 et
617 5159 779 5231 aestimat
764 5165 822 5231 tur
839 5159 939 5231 valor
956 5161 1030 5232 eius
1049 5161 1094 5232 ad
1120 5165 1204 5250 quat
1205 5180 1270 5231 uor
1287 5179 1449 5248 marcas,
1466 5158 1516 5233 ibi
1542 5178 1679 5248 quoque
1704 5178 1823 5231 mona·

270 5277 413 5351 sterium
431 5277 659 5369 Megylnen'se
675 5279 862 5354 iniuriatur
881 5282 1100 5372 praebendae
1118 5281 1305 5371 praesenti

372 5396 461 5475 lton
492 5383 664 5488 praefata.
680 5400 879 5489 praebenda
910 5399 1178 5475 Goreczska
1215 5401 1324 5478 habet
1355 5401 1521 5474 vicariam
1551 5339 1756 5491 perpetuam
1785 5398 1821 5468 in
