4050 6054
1691 446 1764 518 2-57

212 644 381 721 ‹ee-nodo
407 649 445 719 in
471 669 584 739 zuppo
612 648 825 720 Wielioiensi
852 649 949 719 etin
977 669 1081 719 censu
1108 648 1328 738 barcbrecbt,
1355 640 1651 740 septemnarcas
1677 651 1767 723 lato-

211 788 289 840 rum
319 789 539 860 grossornm;
566 771 650 841 item
670 770 779 841 umbo
806 770 985 840 altaristae
1013 789 1055 839 en
1081 770 1264 860 privilegio
1292 775 1329 840 et
1353 768 1574 861 fundatione,
1601 777 1766 843 tenentur

116 905 125 912 ·
158 964 163 971 ,
211 887 342 961 dictum
369 889 480 961 altare
506 888 651 979 singulis
678 888 809 980 diebus,
836 890 941 960 etiam
969 889 1177 979 solennibus,
1205 889 1384 960 dominicis
1411 894 1447 960 et
1463 889 1606 980 festivis,
1624 891 1765 963 missam

212 1007 453 1081 defunctorum
489 1030 553 1100 per
587 1010 680 1081 vices
715 1010 880 1081 alteratas
917 1009 1078 1081 officiare.
1122 1010 1211 1080 Item
1238 1017 1423 1100 utrumqne
1451 1010 1561 1082 altare
1588 1012 1695 1083 babet
1723 1011 1765 1084 de
1807 1070 1814 1085 .

212 1126 371 1219 ρήῡῖαῐο
399 1150 505 1201 censu
531 1130 745 1201 Wielioiensi
771 1131 961 1202 barebratb
988 1131 1164 1221 praefato,
1192 1152 1295 1202 unam
1321 1152 1473 1202 marcam
1499 1131 1649 1203 latorum
1667 1153 1766 1222 gros-

213 1269 332 1346 sorum
358 1270 423 1340 pro
450 1250 678 1321 luminaribus
706 1255 741 1321 et
767 1271 856 1322 cera

312 1370 402 1442 Item
429 1377 613 1462 utrumque
640 1371 752 1442 altare
779 1377 936 1444 taxatum
963 1379 1017 1444 est
1044 1373 1088 1444 ad
1115 1428 1122 1443 .
1151 1429 1158 1443 .
1186 1429 1193 1443 .
1222 1427 1229 1443 .

622 1581 783 1715 artare*
801 1635 1054 1715 Sanctorum
1089 1636 1376 1717 innocentum.

216 1905 222 1913 -
313 1852 437 1926 Altare
465 1854 668 1926 Sanctorum
699 1855 924 1927 Innooentum
951 1858 1058 1929 habet
1084 1858 1251 1948 capellam
1278 1858 1454 1948 propriam
1482 1879 1604 1931 versus
1630 1856 1764 1951 aquilo-

212 1996 308 2067 nem,
335 1978 370 2047 in
397 1975 536 2047 modum
564 1997 665 2048 arcus
692 1997 754 2047 seu
780 1976 941 2068 fornicis,
969 1978 1096 2049 dudum
1123 1979 1187 2050 sub
1215 1978 1309 2068 loco,
1336 1979 1373 2049 in
1401 2000 1468 2069 quo
1496 1986 1599 2070 caput
1626 1979 1659 2051 S.
1686 1979 1763 2051 Sta-

209 2098 311 2170 nisloi
337 2096 502 2188 martyris
530 2104 565 2169 et
591 2097 764 2188 pontificis
791 2099 934 2188 gloriosi
961 2099 1097 2170 ostendi
1124 2100 1264 2171 solitum
1292 2106 1353 2189 est,
1381 2101 1482 2170 sitam
1510 2107 1545 2171 et
1571 2107 1763 2190 muratam;

208 2239 328 2290 verum
354 2225 470 2290 tamen
497 2218 673 2289 Hincza
700 2219 742 2290 de
769 2219 931 2309 Rogow
958 2221 1066 2310 miles,
1093 2221 1300 2291 castellanus
1319 2219 1617 2311 Sandomiriensis,
1635 2222 1762 2295 nobilis

131 2372 134 2376 ·
209 2339 260 2417 lb
279 2340 380 2411 domo
408 2346 445 2411 et
470 2339 601 2411 familia
627 2340 924 2431 Dzialoszya‚
952 2341 1143 2431 ampliavit.
1158 2341 1252 2412 illam
1280 2346 1315 2412 et
1342 2362 1459 2412 arcum
1487 2342 1561 2412 eius
1588 2342 1759 2433 dilatavit,

109 2542 114 2554 ι
209 2461 423 2551 picturisque
450 2467 487 2531 et
513 2461 719 2550 imaginibus
746 2460 829 2532 fecit
856 2459 1034 2551 decoram,
1070 2469 1105 2533 et
1132 2469 1213 2533 ante
1240 2462 1335 2532 illam
1371 2461 1590 2551 sepulchrum
1626 2463 1762 2554 insigne

136 2570 140 2575 ’
207 2583 271 2655 sub
298 2582 420 2654 tabula
446 2602 559 2671 aerea,
586 2588 626 2652 ut
654 2582 724 2652 illic
751 2603 815 2653 sua
842 2589 877 2653 et
903 2584 1072 2674 genitoris
1100 2585 1154 2654 sui
1181 2582 1386 2654 Hinozae
1413 2583 1456 2653 de
1483 2582 1668 2673 Rogow,
1705 2603 1762 2655 ea·

157 2708 165 2719 ‘
209 2702 347 2774 stellani
374 2702 626 2792 Rospergensis
645 2708 681 2772 et
698 2704 797 2792 regni
823 2704 989 2776 Poloniae
1018 2704 1321 2793 vicetbesaurarii,
1349 2724 1428 2775 ossa
1454 2705 1589 2794 possint
1614 2704 1763 2794 recondi,

206 2821 408 2911 fabricavit3
440 2824 499 2914 qui
526 2825 631 2894 etiam
658 2844 688 2893 a.
714 2824 756 2894 D.
788 2826 896 2897 1465.
923 2828 1036 2916 prima
1062 2825 1118 2896 die
1144 2825 1225 2895 Iulii
1252 2824 1294 2895 de
1322 2824 1505 2914 voluntate,
1527 2831 1569 2896 et·
1591 2836 1761 2897 consensu

205 2942 352 3015 Joannis
380 2944 654 3033 LutbkoniS,
682 2947 834 3035 episcopi
862 2945 1112 3037 cracoviensis,
1139 2952 1175 3017 et
1192 2946 1247 3017 sui
1265 2942 1477 3021 successerit
1490 2942 1640 3043 bannis
1657 2942 1760 3017 Rue·

208 3065 429 3154 szowsky,
455 3063 613 3135 fundavit
640 3066 832 3139 successive
852 3074 1002 3158 quatuor
1020 3069 1198 3139 altaristas
1216 3067 1253 3137 in
1273 3048 1587 3158 capella'ffldfata,
1606 3070 1641 3136 et
1660 3067 1759 3157 quin-

206 3189 279 3257 tam
306 3185 556 3267 clericaturam.
1458 3168 1463 3177 ’

239 3302 242 3307 ’
304 3305 358 3378 Et
383 3307 495 3396 primo
523 3307 702 3379 alteristae
729 3308 877 3380 Alberto
904 3309 946 3380 de
975 3306 1303 3399 Gayanczicze,
1331 3306 1513 3378 duodecim
1540 3328 1674 3378 marcas
1693 3330 1758 3399 pro

206 3448 270 3499 sno
296 3433 442 3519 quaestu
477 3434 513 3498 et
540 3429 688 3518 solario,
714 3429 797 3499 item
833 3450 896 3519 pro
924 3450 1004 3500 cera
1030 3430 1141 3500 eidem
1168 3429 1253 3500 duas
1280 3449 1416 3499 marcas
1444 3429 1631 3499 communis
1658 3450 1761 3519 pecu-

206 3549 293 3639 niae,
321 3549 420 3621 annis
447 3549 592 3637 singulis
619 3551 655 3619 in
682 3570 787 3620 censu
812 3571 1001 3640 zupparum
1028 3549 1306 3639 Wielioiensium,
1334 3550 1394 3639 qui
1421 3570 1458 3620 se
1486 3548 1629 3639 singulis
1653 3550 1761 3639 septi-

204 3671 315 3741 manis
342 3669 498 3742 extendit
525 3670 698 3741 adunam
727 3690 803 3740 cum
830 3670 944 3742 medio
971 3690 1105 3740 marcas
1131 3670 1281 3741 latorum
1299 3690 1501 3759 grossorum
1517 3667 1758 3760 pragensium,
1886 3692 1905 3739 ¹.

203 3797 240 3862 et
266 3791 311 3863 ad
336 3798 409 3863 tres
443 3790 595 3867 fertones
631 3797 788 3862 monetae
814 3792 962 3880 usualis,
990 3811 1092 3881 quem
1119 3810 1258 3861 censum
1284 3789 1375 3860 idem
1402 3789 1578 3860 Hincza
1604 3789 1646 3860 de
1673 3789 1752 3860 Ro-

202 3933 297 4002 gow
322 3913 434 4002 priino
461 3912 545 3982 emit
571 3911 663 4001 apud
690 3910 885 3983 Oonrodum
913 3912 1042 3982 dictum
1069 3909 1211 3980 Reich
1238 3908 1436 3996 Kuncza,
1465 3911 1640 3981 consulem
1668 3909 1752 3981 Gra·
1831 3902 1834 3919 '

204 4032 407 4123 curiensem,
433 4038 469 4104 et
496 4031 619 4104 deinde
638 4033 729 4122 apud
758 4033 1014 4104 serenissimum
1041 4031 1325 4121 Gasimirum,
1352 4022 1517 4102 Poloniae
1535 4052 1652 4121 regem
1672 4031 1756 4104 Ter·

202 4154 299 4245 tium
325 4174 389 4244 pro
415 4153 509 4225 mille
534 4155 693 4225 tricentis
712 4155 963 4245 quinquaginta
981 4155 1106 4224 marcis
1124 4153 1275 4223 latorum
1292 4173 1493 4241 grossorum
1511 4152 1754 4244 Progensium,

204 4268 241 4346 et
265 4296 337 4366 ¹pro
372 4275 601 4365 septingentis
637 4276 762 4346 marcis
797 4282 956 4346 monetae
981 4274 1201 4365 polonicalis,
1229 4280 1265 4344 et
1300 4295 1364 4363 pro
1392 4274 1589 4364 quingentis
1617 4275 1757 4346 florenis
1823 4290 1828 4299 ’

202 4394 493 4487 burlgaricallbns.
528 4394 576 4466 Et
601 4396 632 4466 is
659 4396 790 4485 primus
818 4395 977 4466 altaristo
1004 4395 1048 4466 ad
1075 4394 1258 4484 legendum
1285 4402 1434 4486 quatuor
1459 4396 1583 4465 missos
1612 4394 1757 4483 singulis

200 4515 403 4608 septimanis
429 4517 592 4588 astrictus
620 4524 683 4605 est,
711 4537 815 4587 unam
843 4516 885 4588 de
913 4516 1040 4587 Sancta
1067 4515 1248 4606 Trinitate,
1275 4514 1460 4587 secundam
1486 4536 1549 4606 pro
1564 4514 1752 4604 defunctis,

200 4638 342 4710 tertiam
367 4637 411 4709 de
438 4636 592 4728 Corpore
618 4637 759 4728 Christi,
787 4645 947 4728 quartam
974 4638 1017 4709 de
1043 4637 1155 4708 Beata
1181 4636 1330 4728 Virgine
1354 4635 1488 4725 Maria;
1516 4636 1612 4723 cuius
1632 4635 1754 4706 altoris

18 4725 21 4728 ‚
135 4806 141 4811 -
200 4745 438 4850 prdesentatio
465 4759 510 4831 ad
536 4759 724 4849 capitulum
751 4758 979 4831 Gracoviense
1005 4765 1175 4850 perpetuo
1202 4758 1343 4830 debebit
1367 4757 1554 4847 pertinere,
1579 4756 1650 4827 alia
1673 4774 1757 4846 pers

142 4898 145 4903 ’
201 4868 287 4953 dicti
313 4900 447 4971 census,
473 4900 545 4951 nna
571 4879 732 4952 videlicet
758 4901 876 4951 marca
902 4881 1052 4951 latorum
1078 4899 1280 4970 grossorum
1307 4898 1371 4968 pro
1397 4877 1555 4967 personis
1573 4876 1754 4949 miserebi-

106 5006 116 5040 '·
199 4994 301 5093 libus,
325 5000 555 5092 inhospitali
582 4999 700 5072 Sancti
726 4999 876 5090 Spiritus
903 5002 939 5072 in
966 5000 1194 5071 Graoovie
1220 4998 1434 5088 degentibus,
1454 4996 1558 5067 debet
1576 4999 1754 5087 converti;

200 5123 284 5194 item
308 5121 424 5194 media
449 5143 567 5195 marca
592 5122 744 5194 latorum
769 5140 971 5212 grossorum
998 5119 1151 5191 eiusdem
1179 5140 1319 5209 census,
1346 5138 1410 5207 pro
1438 5109 1516 5188 a'liis
1542 5117 1750 5190 miserabili-

201 5240 451 5336 bus-personis
478 5238 706 5343 inhospitali
733 5242 880 5314 Sanctae
907 5241 1075 5331 Hedvigis
1094 5241 1129 5310 in
1156 5239 1424 5310 Stradomia
1449 5236 1665 5328 degentibus,
1684 5240 1755 5312 sin-
1843 5266 1848 5273 ·

199 5362 290 5455 gdis
316 5362 519 5453 depbmanis
538 5363 824 5453 debet‘converti,
843 5365 927 5434 item
946 5362 988 5433 de
1006 5359 1203 5432 huiusmodi
1222 5379 1326 5430 censu
1345 5358 1517 5449 hospitale
1535 5357 1754 5448 leprosorum

304 5530 463 5574 nisenus.
1549 5498 1590 5558 33
