4050 6054
1659 474 1731 546 511

182 675 246 750 sub
273 636 407 750 duabus
433 675 617 768 parochiis,
644 675 777 750 scilicet
803 675 836 750 S.
864 673 1045 750 Trinitatis
1072 683 1108 750 et
1135 676 1380 753 Sanctissimae
1406 677 1542 752 Mariae
1561 678 1729 772 Virginis,

181 820 344 891 magnum
366 799 544 890 qnondam
570 799 745 890 Poloniae,
773 820 863 871 nunc
888 820 971 872 vero
999 799 1151 890 ignobile
1175 800 1352 906 oppidum,
1380 801 1416 872 in
1443 822 1511 892 qno
1539 809 1621 873 sunt
1647 823 1732 893 qua·

38 995 41 999 ,
123 994 128 1000 ,
182 921 345 1012 draginta
372 925 521 1011 quatuor
546 921 639 992 lanei
666 921 934 1012 oppidanorum,
969 921 1012 993 de
1040 922 1165 1010 quibus
1191 923 1350 994 omnibus
1389 923 1449 994 sed
1477 927 1514 994 et
1540 923 1583 994 de
1609 924 1731 1014 hortis,

181 1042 211 1114 si
238 1049 403 1114 seruntur
429 1042 465 1112 in
492 1041 543 1113 eis
570 1043 778 1133 campestria
805 1043 944 1132 semina,
972 1043 1120 1114 solvitur
1138 1042 1271 1115 decima
1288 1044 1523 1133 manipularis,
1552 1043 1730 1134 perceptio

180 1171 296 1235 tamen
324 1164 399 1239 eius
426 1161 637 1234 diversificat
622 1170 691 1253 tur;
718 1184 798 1234 nam
824 1168 905 1252 post
930 1163 1056 1253 viginti
1087 1165 1205 1236 laneos
1232 1168 1308 1235 tant
1293 1164 1470 1237 tummodo
1498 1165 1602 1237 solvit
1586 1169 1644 1236 tur
1671 1165 1731 1236 de·

151 1283 270 1355 ‘cima
295 1267 522 1373 manipularis
549 1283 767 1393 ecelesiaeS.
786 1283 939 1355 Trinitat
885 1285 969 1355 tatis
996 1285 1223 1374 parochiali
1213 1307 1249 1356 ιιι
1274 1284 1617 1376 Zawychost,e
1618 1291 1730 1359 nton

179 1410 343 1475 tenentur
377 1404 473 1474 illam
508 1374 672 1494 oppidani
707 1405 860 1495 propriis
887 1405 1046 1477 curribus
1081 1405 1308 1477 inducerem
1334 1406 1499 1477 borreum
1531 1405 1671 1495 plebani
1697 1406 1730 1477 S
1767 1499 1770 1503 Ι

180 1525 380 1615 Trinitatis,
418 1525 479 1596 se'd
506 1526 673 1615 plebanus
701 1524 734 1597 8.
761 1525 925 1597 Trinitat
899 1531 946 1596 trs
982 1546 1058 1597 eam
1085 1527 1157 1597 suis
1184 1528 1387 1598 curribus
1378 1549 1414 1597 ιιι
1441 1548 1540 1598 suum
1566 1527 1730 1599 horreum
1762 1510 1765 1513 “

179 1646 331 1736 inducit;
368 1647 449 1717 item
477 1647 521 1716 ad
549 1640 766 1718 solutionem
790 1647 966 1737 canapalis
1002 1647 1154 1718 decimae
1189 1646 1258 1719 non
1285 1653 1458 1719 tenentur.
1480 1695 1481 1699 η
1501 1648 1554 1718 Βι
1581 1647 1729 1720 residuis

178 1767 289 1838 laneis
315 1766 478 1839 videlicet
504 1768 629 1856 viginti
656 1772 812 1858 quatuor,
841 1768 988 1840 solvitur
1014 1767 1147 1839 decima
1171 1768 1395 1857 manipularis
1421 1768 1598 1857 magistris
1624 1768 1730 1840 bene-

179 1886 306 1958 ficiatis
333 1889 373 1958 in
396 1887 541 1959 ecclesia
568 1887 600 1958 8.
627 1887 783 1960 Floriani
808 1894 882 1960 tam
909 1888 951 1960 de
977 1889 1108 1978 bertin,
1146 1910 1249 1977 quam
1276 1888 1318 1960 de
1346 1889 1450 1979 agris,
1478 1893 1514 1960 et
1540 1908 1603 1978 per
1630 1890 1728 1979 oppi-

180 2006 288 2080 danos
315 2029 383 2080 non
413 2008 552 2080 ducitur
578 2009 613 2079 in
640 2009 805 2081 borreum
832 2029 853 2080 a
879 2009 1055 2098 magistris
1082 2009 1274 2100 locandum,
1302 2009 1363 2081 sed
1390 2014 1506 2081 custos
1526 2009 1559 2081 8.
1572 2009 1729 2081 Floriani

180 2133 241 2198 ant
268 2129 427 2218 magistri
458 2133 622 2200 tenentur
648 2150 724 2200 eam
759 2130 910 2220 propriis
938 2130 1097 2202 curribus
1130 2137 1191 2201 ant
1218 2107 1412 2219 sumptibus
1447 2130 1657 2218 conducere3
1693 2134 1729 2201 ιι

176 2250 278 2351 valor
305 2250 378 2320 eius
406 2250 610 2321 aestimatur
628 2250 673 2321 ad
692 2251 886 2340 quindecim
912 2271 1057 2341 marcae,
1075 2271 1118 2322 ex
1136 2258 1239 2340 pacto
1257 2257 1372 2322 tamen
1400 2251 1538 2323 solvunt
1565 2251 1732 2340 oppidani
1836 2348 1839 2353 q
1976 2305 1979 2315 .

178 2370 359 2442 duodecim
385 2392 538 2461 marcas3
574 2371 658 2442 item
685 2372 720 2441 in
748 2372 869 2443 eodem
896 2372 1022 2462 oppido
1049 2371 1348 2443 Zawichosth
1384 2377 1438 2444 est
1464 2371 1644 2462 praedium
1670 2392 1726 2443 re-

176 2492 285 2581 gium,
320 2492 356 2561 in
383 2497 456 2562 tres
484 2512 622 2580 campos
649 2491 817 2582 divisum,
853 2491 896 2563 de
924 2493 1020 2564 cuius
1048 2493 1142 2582 agris
1169 2492 1315 2564 solvitur
1341 2492 1474 2563 decima
1500 2491 1727 2582 manipularis

177 2613 342 2683 ecclesiae
368 2613 559 2702 parochiali
587 2611 733 2684 Sanctae
760 2612 897 2684 Mariae
933 2614 968 2684 in
994 2613 1276 2702 Zawichost,
1312 2614 1409 2685 cuius
1436 2612 1535 2724 valor
1562 2613 1725 2685 aestima-

177 2738 237 2803 tur
263 2733 308 2804 ad
335 2733 421 2804 duas
448 2753 593 2805 marcas,
693 2791 694 2795 .

279 2853 494 2943 Notandum,
531 2853 623 2944 quod
650 2854 782 2926 decima
807 2854 1070 2944 manipularis
1062 2877 1097 2925 m
1125 2854 1251 2945 oppido
1279 2853 1577 2927 Zawicbosth
1604 2853 1647 2925 de
1673 2854 1725 2926 vi-

175 2975 265 3064 giuti
291 2980 376 3066 quat
377 2996 442 3045 uor
468 2975 578 3046 laneis
604 2975 855 3065 oppidanorum
881 2975 1132 3064 pertinebatet
1149 2980 1229 3065 pert
1230 2975 1325 3046 inere
1352 2975 1456 3046 debet
1474 2975 1518 3046 ad
1536 2974 1725 3046 custodiam

176 3092 209 3164 8.
235 3094 391 3166 Floriani
418 3116 439 3165 a
466 3095 519 3165 sui
545 3093 767 3184 fundatione;
802 3101 914 3167 morte
940 3103 1056 3166 tamen
1093 3094 1377 3187 Nyemyerz'e
1414 3094 1464 3165 dc
1485 3094 1724 3168 Olrrzelov

176 3215 328 3287 custodis
356 3215 388 3285 8.
416 3201 572 3287 Flo'riani
599 3220 727 3306 secuta,
756 3216 888 3287 decima
906 3216 1195 3289 Zawicbostensis
1222 3215 1378 3306 praefata
1404 3216 1602 3307 coaequatis
1620 3215 1724 3286 bene-

119 3373 121 3376 Δ
175 3336 262 3437 ficiis
289 3336 321 3407 8.
348 3337 512 3427 Floriani,
539 3337 682 3408 redacta
708 3336 775 3408 fuit
801 3337 837 3407 in
864 3357 947 3408 usus
974 3357 1180 3408 communes.
1310 3399 1312 3402 ι

100 3704 105 3709 ,
195 3632 427 3740 septennio
460 3659 482 3715 a
515 3594 760 3715 fundatione
794 3633 919 3715 studii
954 3633 1242 3714 universitatis
1276 3638 1319 3714 et
1351 3635 1612 3740 a'tempore,
1646 3655 1702 3716 ex

194 3796 279 3876 quo
312 3775 563 3876 coaequatio
596 3774 912 3875 beneficiorum,
945 3773 1158 3853 ecclesiae
1191 3774 1333 3854 Sancti
1358 3773 1538 3854 Floriani
1568 3776 1697 3878 magi·

192 3914 293 3992 stris
326 3918 369 3992 el
402 3912 540 3993 studio
575 3918 782 4016 perpetuo
817 3935 894 4016 per
925 3911 1203 3992 wladislaum
1238 3912 1478 3993 Secundum
1514 3913 1711 3992 Potoniae

328 4073 472 4155 regem
506 4053 888 4155 incorporatorum,
922 4056 1069 4131 secula
1103 4057 1182 4153 est,
1216 4050 1398 4131 nondum
1431 4051 1592 4155 elapso,

173 4206 335 4276 magnum
369 4192 587 4257 murmuret
614 4185 755 4277 querela
789 4185 881 4257 inter
917 4185 1076 4258 doctores
1108 4189 1144 4257 et
1169 4187 1366 4276 magistros
1393 4185 1524 4276 primos
1559 4185 1722 4257 ecclesiae

172 4306 205 4377 8.
232 4307 386 4378 Floriani
412 4308 586 4396 praelatos
614 4314 650 4378 et
676 4309 859 4379 canonicos
887 4314 1043 4379 coortum
1071 4314 1135 4397 est,
1162 4308 1255 4397 quod
1282 4308 1379 4379 tenui
1407 4327 1551 4396 corpore
1575 4311 1611 4377 et
1629 4307 1720 4395 dote,

172 4427 339 4498 beneficia
375 4449 494 4499 eorum
529 4435 609 4517 post
645 4429 926 4518 coaequationem
961 4418 1086 4518 viginti
1121 4428 1283 4500 videlicet
1317 4426 1555 4499 tantummodo
1596 4427 1720 4497 marcis

171 4545 287 4619 forent
313 4549 462 4638 provisi,
485 4569 671 4639 censuque
697 4554 768 4619 tam
796 4549 977 4638 languido,
1014 4550 1079 4619 sub
1107 4569 1173 4641 quo
1200 4548 1385 4619 lectionum
1412 4553 1448 4619 et
1474 4547 1720 4619 beneficiorum

172 4669 385 4758 cogebantur
411 4676 552 4759 portare
578 4676 615 4741 ιι
641 4670 785 4759 implere
813 4690 908 4760 onus,
935 4669 1119 4758 plurimum
1144 4676 1385 4758 gravarentur3
1412 4667 1538 4740 Petrus
1556 4667 1721 4757 Wyscb

171 4787 215 4859 de
250 4789 492 4880 Radolyna
528 4791 708 4879 episcopus
736 4789 975 4861 Gracoviensis
1011 4811 1040 4859 a.
1067 4789 1108 4859 D.
1140 4791 1248 4862 1407.
1275 4810 1401 4866 eorum,
1421 4788 1570 4878 querelis
1601 4789 1721 4859 stimu-

171 4908 273 5000 latus,
301 4910 384 4982 data
410 4912 649 4982 commissione
668 4917 704 4982 et
721 4911 861 5000 negotio
880 4910 1032 4982 Jobanni
1060 4909 1427 5010 Sebaffranyecz
1454 4909 1496 4981 de
1522 4909 1721 4981 anzicze
1747 4897 1750 4900 ’

170 5030 307 5101 custodi
334 5038 369 5102 ιι
395 5032 528 5103 vicario
556 5032 591 5101 in
619 5032 855 5120 spiritualibus
887 5038 923 5102 et
950 5031 1197 5120 temporalibus
1225 5031 1443 5126 episcopatus
1470 5029 1718 5120 Cracoviensis,

171 5156 207 5223 et
233 5150 429 5223 Otthoni
456 5153 637 5223 scolastico
665 5150 895 5242 cracoviensi,
913 5157 953 5222 ιιι
972 5151 1225 5242 qualifications
1252 5152 1304 5222 rei
1322 5151 1521 5240 diligentius
1548 5152 1715 5240 inspecta,

170 5271 262 5361 quod
288 5294 307 5342 e
333 5273 511 5362 republica
538 5279 573 5342 ιι
600 5273 765 5342 ecclesiae
793 5271 825 5341 S.
852 5272 1008 5343 Floriani
1035 5278 1071 5342 ιι
1098 5272 1336 5343 universitatis
1373 5271 1531 5362 profectu
1565 5277 1716 5361 nossent,

87 5410 89 5415 ·
170 5393 411 5484 providerent,
446 5393 641 5483 nrandavit3
678 5416 822 5483 quorum
859 5393 997 5464 decreto
1029 5394 1135 5464 etiarn
1163 5395 1196 5462 in
1226 5393 1391 5482 scriptum
1419 5393 1578 5483 redacto,
1614 5398 1714 5465 vetus
