4080 6068
1542 472 1545 479 .
1654 403 1727 475 339

182 598 385 671 scolastriae
411 597 693 690 Sandomiriensi,
720 605 765 670 et
783 600 912 671 ducunt
939 620 1015 671 eam
1042 601 1240 705 emethones
1265 602 1302 672 iu
1328 602 1491 674 horreum
1507 624 1530 675 a
1548 605 1729 681 scolastico

179 717 362 790 locandum
389 723 424 790 et
451 718 547 790 valor
574 719 649 790 eius
677 720 882 791 aestimatur
907 719 952 790 ad
978 725 1051 791 tres
1077 740 1221 792 marcas.
1247 720 1335 792 Item
1360 722 1527 794 tabernae
1553 732 1728 817 nunaunt,

179 839 314 910 itemh
408 839 508 912 aniae
535 860 605 911 non
633 845 731 929 sunt,
766 840 851 911 item
887 839 1068 929 praedium
1104 845 1159 912 est
1184 841 1323 915 unicum
1357 842 1528 934 miIItare,
1562 844 1606 916 de
1632 847 1728 919 cuius
1811 884 1815 898 ι
1870 909 1876 924 .

180 960 273 1049 agris
301 980 340 1031 so
378 958 448 1058 ‘tur
474 960 607 1030 decima
633 960 859 1051 manipularis
886 959 1052 1032 ecclesiae
1078 961 1114 1031 ln
1140 960 1297 1052 Lippa.

284 1079 495 1169 Panaenus,
521 1080 605 1151 villa
631 1080 696 1151 sub
723 1080 890 1169 parochia
917 1079 1082 1169 ecclesiae
1110 1081 1153 1152 de
1170 1080 1358 1152 Zarnow
1386 1083 1464 1172 sita,
1492 1084 1588 1156 cuins
1606 1085 1728 1158 haere

180 1199 240 1271 des
267 1197 538 1272 Stanislaus
565 1205 600 1272 et
626 1200 850 1290 Ioannes,
878 1199 921 1271 de
948 1201 1052 1272 ιιιιιιι
1079 1190 1370 1300 Serpentum,
1397 1202 1434 1273 ιο
1453 1225 1521 1295 qua
1540 1205 1729 1278 suntlanei

179 1339 252 1391 cme
253 1319 421 1409 thonales,
450 1320 492 1390 de
520 1321 646 1410 quibus
674 1307 900 1410 manipularis
927 1321 1114 1391 dealmaet
1098 1325 1194 1411 tper
1212 1324 1397 1412 quatuor
1388 1343 1527 1413 rerugas
1554 1327 1728 1415 canapalis

179 1440 326 1510 solvitur
361 1440 516 1511 scolast
473 1446 561 1511 triae
588 1440 878 1531 Saudombiensi,
906 1447 941 1511 et
968 1441 1097 1563 ducunt
1081 1446 1199 1512 team
1227 1446 1316 1512 cmet
1301 1442 1462 1513 t'hones
1452 1464 1489 1513 ιιι
1515 1445 1727 1516 horreuma
1846 1525 1848 1528 .

179 1558 316 1689 scolast‘
291 1564 359 1631 trco
386 1560 630 1630 locandumt
594 1567 630 1631 et
656 1561 755 1633 valor
781 1561 855 1632 eius
882 1556 1072 1633 adunam
1072 1538 1233 1631 marcam
1261 1581 1319 1631 aes
1320 1562 1531 1634 timatnr.t
1496 1562 1585 1634 Item
1611 1565 1728 1635 taber-

178 1697 243 1775 nae
271 1701 339 1750 non
366 1681 510 1769 sunt,'
501 1685 586 1751 rtem
621 1681 840 1752 hortulaniae
875 1701 945 1751 non
973 1680 1116 1769 sunt,'
1106 1684 1190 1750 rtem
1224 1681 1403 1770 praedium
1435 1688 1489 1753 est
1514 1683 1563 1754 ibi
1589 1685 1727 1755 unicum

158 1772 338 1889 *uenditare
366 1801 408 1871 de
436 1802 533 1874 cuius
561 1801 654 1892 agris
682 1801 828 1873 solvitur
863 1800 996 1871 decima
1023 1799 1249 1889 manipularis
1276 1800 1476 1872 οοοιοοιιο
1467 1824 1502 1872 m
1529 1801 1727 1874 Zarnow.

252 1921 509 2010 Woruczru,
534 1921 617 1991 villa
634 1920 867 2011 parochialem
886 1920 1064 1991 ecclesiam
1081 1920 1240 1992 habens
1231 1943 1266 2005 in
1285 1923 1447 2010 saeuius
1465 1922 1588 1993 haeres
1619 1922 1727 1995 abbas

179 2046 215 2112 et
242 2048 431 2113 conventus
458 2040 661 2111 monasterii
687 2028 971 2132 Szulycoviensis,
999 2040 1035 2111 in
1063 2060 1131 2130 qua
1150 2045 1230 2111 sunt
1257 2041 1333 2130 agri
1360 2041 1467 2132 aliqui
1494 2043 1727 2115 cmethonales

177 2163 293 2235 vocati
318 2148 560 2250 Mazanek,
597 2148 794 2252 dequibus
830 2160 1056 2250 manipularis
1094 2160 1226 2231 decIma
1252 2165 1288 2232 et
1314 2182 1378 2252 per
1405 2167 1553 2252 quatuor
1587 2163 1727 2254 lerugas

178 2283 353 2372 canapalis
390 2282 535 2353 solvitur
571 2281 773 2353 scolastriae
800 2280 1090 2371 Sandomiriensi,
1126 2288 1162 2352 et
1189 2282 1318 2354 ducunt
1354 2303 1431 2354 eam
1465 2283 1663 2355 cmethones
1690 2284 1727 2354 ιιι

54 2473 80 2491 .,
177 2404 340 2475 horreum
367 2424 389 2474 a
414 2402 595 2474 scolastico
630 2401 812 2474 locandum
839 2408 875 2474 et
900 2401 1000 2474 talor
1026 2401 1100 2473 eius
1127 2403 1330 2473 aesIImatur
1364 2402 1409 2473 ad
1435 2423 1539 2474 unam
1565 2423 1726 2475 marcam.

177 2524 230 2595 De
258 2524 415 2595 omnibus
441 2528 557 2595 autem
583 2523 693 2594 laneis
709 2518 992 2595 ‘cmethonalibna
1012 2526 1046 2593 et
1064 2523 1158 2612 agris
1186 2523 1333 2594 solvitur
1351 2521 1484 2595 decima
1502 2524 1725 2633 manipularis
1751 2591 1752 2594 ,

177 2645 386 2717 monasterio
409 2642 647 2714 Sulicoviensi.
673 2644 761 2714 Item
778 2643 945 2714 tabernae
964 2648 1112 2733 quatuor
1130 2648 1211 2713 snut
1228 2643 1376 2732 plebani,
1403 2662 1491 2732 quae
1510 2663 1579 2714 non
1596 2643 1726 2715 habent

178 2785 289 2857 agros,
315 2766 398 2835 item
425 2763 643 2834 hortulaniae
662 2784 731 2835 non
751 2767 840 2853 sunt,
869 2764 951 2833 item
978 2762 1157 2855 praedium
1184 2763 1234 2834 ibi
1252 2769 1307 2834 est
1332 2762 1541 2851 coenobiale,
1567 2762 1610 2833 de
1629 2763 1725 2835 cuius
1853 2832 1858 2837 .

176 2887 271 2978 agris
305 2886 554 2957 monasterium
590 2884 677 2955 nulli
703 2885 808 2957 solvit
834 2883 1021 2973 decimam,
1056 2883 1118 2955 sed
1145 2904 1221 2953 eam
1247 2878 1311 2974 pro
1339 2903 1376 2954 sc
1403 2881 1495 2954 tollit
1521 2883 1618 2953 etin
1644 2883 1726 2953 hor-

176 3028 276 3080 reum
303 3026 402 3077 suum
428 3005 570 3076 inducit.

279 3125 563 3216 Gnoarrnnow,
599 3125 687 3196 villa·
709 3124 773 3196 sub
800 3124 964 3214 parochia
991 3122 1156 3195 ecclesiae
1191 3122 1234 3194 de
1262 3121 1613 3213 Goworzyczow
1640 3124 1725 3214 sita,

178 3241 275 3321 cuius
302 3246 499 3339 proprietas
519 3247 563 3318 ad
581 3244 731 3329 nobilem
749 3243 960 3315 Clementem
986 3242 1277 3334 Rathoszlry,
1304 3243 1346 3313 de
1373 3243 1479 3314 armis
1506 3240 1726 3335 Sohcligy

176 3368 376 3462 pertinet,
367 3389 403 3438 m
431 3389 499 3457 qua
525 3372 606 3438 sunt
590 3342 724 3437 ιιιιοι
751 3364 993 3452 cmethonaleS,
1020 3361 1207 3453 dequibus
1234 3363 1392 3434 omnibus
1419 3361 1566 3434 solvitur
1593 3362 1726 3433 decima

158 3476 404 3601 'manipularis
431 3494 467 3558 et
493 3509 555 3578 per
583 3492 730 3578 quatuor
757 3485 896 3575 ierugas
923 3484 1097 3573 canapalis
1133 3483 1289 3554 scolast
1245 3489 1334 3553 triae
1361 3481 1652 3571 Sandomiriensi,
1690 3487 1727 3553 et

45 3594 61 3637 ‘¹
176 3611 344 3685 inducunt
369 3629 446 3679 eam
473 3609 671 3679 cmethones
698 3607 848 3696 propriis
872 3604 1065 3676 curribus
1056 3626 1091 3675 111
1118 3605 1278 3675 horreum
1298 3625 1319 3674 a
1337 3582 1519 3676 scolastico
1546 3601 1726 3673 locandum

178 3733 337 3807 etralor
367 3731 441 3803 eius
467 3735 543 3801 aest
528 3729 682 3800 timatur
699 3728 743 3798 ad
769 3747 874 3798 unam
900 3746 1060 3796 marcam.
1104 3724 1191 3796 Item
1218 3725 1384 3799 tabernae
1411 3743 1479 3794 non
1507 3727 1606 3813 sunt,
1643 3720 1726 3792 item
1801 3726 1805 3738 '

176 3854 394 3927 hortulaniae
421 3873 489 3923 non
517 3857 606 3940 sunt,
633 3851 715 3920 item
741 3849 921 3938 praedium
948 3869 1016 3920 non
1044 3851 1106 3918 est
1777 3841 1782 3850 ’

280 3975 368 4045 Item
395 3974 575 4046 scolastria
602 3969 890 4042 Sandomiriensis
917 3969 1023 4040 babet
1049 3967 1188 4039 domum
1214 3986 1258 4055 op
1259 3964 1378 4036 timum
1405 3984 1482 4034 cum
1509 3983 1592 4034 area
1617 3964 1725 4054 larga,

177 4096 213 4168 in
240 4096 441 4167 cimenterio
477 4092 642 4166 ecclesiae
669 4089 976 4180 SandomIriensis,
1013 4090 1049 4161 in
1076 4093 1174 4180 parte
1202 4085 1437 4175 meridionali,
1472 4083 1631 4157 confront
1615 4090 1725 4156 totam

176 4184 292 4294 libatio
328 4216 491 4287 aculeatae
527 4212 743 4286 meridionali
774 4217 811 4284 ct
837 4211 969 4302 domui,
1003 4216 1107 4301 atque
1134 4229 1235 4281 areae
1262 4203 1480 4299 praebendae
1508 4203 1723 4298 Turebslriey
1800 4311 1804 4316 .

178 4337 272 4408 conti
321 4357 342 4408 a
378 4391 385 4407 .

272 4357 377 4530 gIttledlrl
399 4457 578 4529 scolastria
604 4453 892 4527 Sandomiriensis
919 4454 1015 4525 iuxta
1041 4457 1160 4524 vetera
1185 4456 1221 4523 et
1247 4450 1391 4541 antiqua
1415 4449 1574 4537 regestra
1598 4451 1725 4519 taxata

180 4582 234 4652 est
259 4578 304 4650 ad
331 4584 409 4654 octo
435 4597 578 4652 marcas.

312 4843 640 4927 Viceecolaatria
674 4838 1042 4939 Sandomiriensis,
1075 4837 1179 4933 aliae
1210 4836 1365 4917 scolae
1399 4836 1594 4916 nectura.
1673 4804 1678 4811 ’
1715 4956 1718 4964 Ι

281 5066 470 5143 Scolastria
496 5062 784 5136 Sandomiriensis
811 5081 874 5152 pro
893 5059 1023 5133 vicario
1050 5079 1112 5131 suo
1139 5061 1307 5148 perpetuo
1325 5039 1597 5127 Sandomiriensi
1615 5051 1724 5142 magi-

177 5195 289 5265 strum
314 5188 428 5261 scolae
454 5183 689 5278 temporalem,
717 5182 814 5254 etad
832 5181 1086 5272 beneplacitum
1113 5197 1211 5248 snum
1233 5175 1470 5248 removibilem
1495 5173 1625 5246 habere
1643 5193 1724 5244 con·

178 5310 298 5407 suerit,
326 5310 385 5406 qui
411 5309 526 5389 omnia
552 5304 665 5383 officia
692 5301 869 5380 ordinaria
895 5307 932 5379 et
957 5298 1233 5377 exuaoroinaria
1258 5295 1380 5373 vicarii
1405 5294 1575 5393 perpetui,
1600 5293 1631 5366 si
1656 5311 1720 5391 per
