4050 6054
1654 505 1726 577 539

180 700 358 771 ecclesiam
386 700 418 771 S.
446 700 627 772 Michaelis
662 702 852 792 praefatam
881 704 967 775 duos
994 705 1187 792 ministros,
1223 709 1303 775 actu
1330 704 1546 801 sacerdoteS,
1560 709 1632 797 ..qui
1659 710 1729 781 sin-

178 820 271 911 gulis
297 819 419 892 diebus
438 825 600 893 tenentur
618 822 796 894 ecclesiam
815 824 1007 915 praefatam
1025 823 1058 895 S.
1076 824 1258 895 Michaelis
1275 844 1339 914 per
1356 825 1507 899 divinam
1525 847 1600 899 rem
1618 828 1728 901 admi·

173 940 348 1029 rlistrare,
376 961 521 1030 quornm
549 941 691 1014 cuilibet
716 948 857 1015 tenetur
887 944 1105 1035 praepositus
1133 945 1166 1015 S.
1192 944 1375 1017 Michaelis
1402 946 1537 1035 soluere
1562 968 1627 1037 pro
1654 948 1728 1021 eius

179 1081 293 1131 annuo
320 1060 448 1132 solario
475 1062 625 1153 quinque
652 1084 794 1135 marcas.
1742 1040 1748 1065 ¹

682 1323 959 1406 custodiae.
994 1325 1226 1408 Michaelis.

281 1544 438 1616 Secunda
464 1545 628 1616 ecclesiae
655 1545 688 1616 S.
705 1544 886 1617 Michaelis
914 1545 1065 1636 dignitas
1093 1546 1264 1637 custodia,
1292 1568 1394 1638 quam
1410 1569 1503 1619 nunc
1527 1528 1626 1621 tanet
1644 1603 1725 1621 .....

177 1665 356 1736 Raczek
383 1665 426 1737 de
445 1665 663 1736 Wislicia
689 1668 882 1758 presbyter,
900 1666 997 1737 cuins
1016 1667 1155 1739 collatio
1182 1671 1218 1739 et
1234 1668 1288 1738 ius
1307 1673 1512 1758 patronatus
1530 1670 1575 1741 ad
1592 1670 1724 1760 episeo-

176 1806 257 1875 pum
284 1785 593 1859 Vladislaviensem
620 1807 683 1877 pro
701 1792 857 1876 ternpore
884 1789 1046 1877 pertinet,
1073 1788 1170 1859 cuius
1188 1787 1401 1879 infrascripti
1426 1794 1508 1861 sunt
1526 1795 1724 1879 proventus.

280 1906 534 1996 Bnnnczmza,
567 1907 651 1978 villa
686 1908 750 1978 suh
785 1908 951 1997 parochia
985 1907 1152 1981 ecclesiae
1186 1907 1230 1978 de
1266 1907 1581 2001 Myedzwyecz
1616 1929 1725 2000 prope

177 2026 417 2117 Slumniky
452 2027 537 2116 sita,
573 2029 608 2097 in
645 2048 714 2117 qua
750 2032 868 2100 custos
902 2027 936 2099 S.
962 2027 1145 2100 Michaelis
1179 2048 1243 2118 pro
1270 2033 1426 2117 tempore
1452 2029 1560 2100 habet
1586 2030 1724 2101 domum

177 2148 325 2218 dotalem
353 2149 425 2219 sive
453 2147 581 2218 curiam
609 2155 645 2218 et
671 2168 776 2238 agros
800 2148 1014 2239 praedialeS,
1041 2148 1085 2218 ad
1112 2170 1217 2220 unum
1244 2170 1400 2220 mansum
1426 2149 1560 2239 largum
1587 2150 1725 2222 theuto-

176 2268 321 2339 nicalem
341 2287 377 2338 se
396 2266 651 2356 extendentem
677 2269 761 2340 item
779 2274 880 2359 prata
903 2269 995 2339 bona
1017 2290 1123 2358 supra
1144 2269 1285 2341 fluvium
1312 2268 1586 2360 Srzenyawa
1612 2271 1725 2342 iacen-

176 2388 242 2477 tia,
270 2393 307 2459 et
331 2388 452 2459 laneus
478 2387 552 2459 sive
578 2408 728 2461 mansus·
744 2387 923 2477 praelatus
957 2392 1012 2459 est
1035 2388 1161 2459 fundus
1188 2389 1309 2460 unicus
1337 2390 1513 2461 custodiae
1539 2388 1725 2480 praefatae,

178 2529 280 2598 quam
316 2508 397 2598 quia
422 2508 516 2579 eolus
543 2515 677 2579 custoa'
695 2509 750 2580 vel
777 2529 845 2579 non
873 2509 1051 2598 vuuevel
1074 2529 1143 2581 non
1169 2514 1287 2599 potest
1317 2508 1449 2599 colere,
1484 2511 1613 2582 locavit
1647 2532 1724 2581 cum

177 2627 375 2717 emethone,
403 2628 463 2719 qui
490 2628 634 2718 singulis
661 2629 759 2699 annis
787 2629 921 2699 solvere
948 2623 1016 2699 sibi
1040 2633 1179 2699 tenetur
1213 2649 1277 2719 pro
1305 2649 1409 2699 censu
1436 2649 1549 2700 annuo
1577 2637 1725 2719 quatuor

178 2767 312 2819 marcas
330 2749 496 2839 pecuniae
512 2748 643 2821 usualis
670 2754 707 2819 et
725 2749 933 2836 communis,
958 2748 1064 2819 habet
1080 2752 1197 2821 tamen
1223 2746 1502 2839 iacrdtatempro
1521 2752 1614 2821 omni
1639 2757 1726 2822 tenr-

175 2888 260 2959 pore
286 2874 403 2939 custos
430 2868 462 2939 S.
488 2866 670 2939 Michaelis
701 2870 917 2940 emethonem
943 2867 1136 2959 praefatum
1163 2868 1206 2941 de
1232 2889 1317 2958 agro
1344 2868 1513 2958 praedioli
1540 2870 1722 2962 deponere,

175 2993 213 3060 et
237 2989 350 3080 ipsum
377 3010 440 3079 per
467 3010 505 3061 se
531 2990 645 3061 colere
672 2995 710 3061 et
735 3010 845 3060 arare.

279 3109 368 3180 Item
394 3110 541 3182 invilla
566 3110 687 3181 eadem
715 3117 769 3181 est
796 3130 883 3181 unus
911 3110 999 3183 alins
1025 3109 1148 3182 laneus
1165 3110 1401 3200 cmethonalis,
1420 3112 1480 3201 qui
1497 3112 1610 3182 nullos
1628 3112 1723 3184 labo-

177 3252 234 3302 res
261 3252 434 3320 exercens,
460 3230 567 3302 etad
594 3229 786 3301 custodiam
812 3229 846 3301 S.
872 3229 1054 3300 Michaelis
1081 3229 1270 3320 pertinens,
1295 3235 1435 3301 tenetur
1461 3233 1562 3302 annis
1581 3233 1727 3322 singulis

88 3378 91 3382 ·
177 3372 243 3441 pro
268 3370 374 3423 censu
401 3370 515 3423 annuo
543 3351 677 3423 solvere
703 3349 839 3421 custodi
865 3370 929 3441 pro
956 3355 1113 3439 tempore
1139 3348 1227 3420 duas
1254 3370 1398 3421 marcas.
1430 3351 1517 3421 Item
1544 3353 1578 3421 in
1606 3352 1726 3423 eadem

175 3472 259 3544 villa
285 3472 565 3543 Branczicze
591 3470 760 3541 sunamiti
785 3476 858 3541 tres
884 3469 976 3540 lanei
1001 3468 1205 3558 praediales,
1232 3469 1277 3541 ad
1304 3470 1418 3541 curias
1445 3477 1483 3541 et
1499 3471 1643 3561 praedia
1660 3472 1724 3543 tri·

177 3612 235 3664 um
260 3591 535 3683 praebendarum
561 3589 594 3661 S.
620 3590 803 3661 Michaelis
831 3589 1033 3680 singillatim
1060 3593 1267 3679 spectantes
1294 3588 1337 3660 de
1365 3590 1488 3680 quibus
1516 3592 1609 3663 circa
1625 3612 1725 3682 prae·

176 3712 325 3785 bendam
361 3712 549 3803 quamlibet
584 3711 767 3802 specialem
801 3708 967 3783 faciemus
1002 3709 1289 3799 descriptionem
1317 3710 1400 3781 item
1433 3712 1576 3783 suntin
1603 3713 1722 3784 eadem

176 3834 260 3907 villa
273 3834 452 3925 ¹speciales
479 3833 538 3903 alii
565 3838 637 3903 tres
663 3831 756 3902 lanei
784 3830 1017 3902 emethonales
1043 3830 1089 3902 ad
1116 3830 1331 3921 praehendas
1358 3831 1390 3901 S.
1417 3831 1598 3904 Michaelis
1615 3834 1724 3924 perti-

176 3958 317 4045 nentes,
343 3960 380 4026 et
414 3954 559 4044 quilibet
583 3954 705 4024 laneus
732 3952 932 4043 singillatim
959 3951 1133 4023 adunam
1160 3951 1392 4041 praehendam
1418 3954 1580 4043 pertinet,
1607 3976 1724 4044 quem-

35 4162 42 4169 ,
175 4072 360 4146 admodum
394 4074 431 4145 in
466 4073 696 4165 descriptione
732 4071 917 4143 cuiuslibet
955 4071 1173 4161 praebendae
1213 4071 1396 4163 specialem
1436 4073 1480 4144 de
1518 4094 1725 4167 unoquoque
1867 4126 1872 4133 .
1964 4110 1970 4119 -

176 4195 277 4269 laneo
302 4194 467 4267 iaciemus
493 4195 712 4266 mentionem.
1650 4264 1653 4269 ,
1681 4268 1692 4297 -.·

193 4340 208 4359 ..
279 4315 370 4387 Item
396 4316 432 4389 in
460 4315 581 4393 eadem
606 4315 689 4386 villa
715 4319 770 4387 est
786 4336 856 4387 una
873 4315 1029 4403 taberna,
1045 4313 1178 4385 habens
1196 4332 1299 4403 agros
1317 4313 1515 4403 specialiter
1534 4315 1602 4386 sibi
1618 4334 1723 4385 anne-

175 4457 249 4527 xos,
275 4441 312 4509 et
337 4441 447 4529 prata,
475 4456 563 4526 quae
590 4435 634 4506 ad
657 4435 823 4507 ditionem
849 4439 886 4507 et
901 4434 1151 4525 proprietatem
1170 4433 1215 4504 ad
1233 4434 1474 4505 clericaturam
1492 4434 1526 4506 S.
1543 4433 1724 4505 Michaelis

174 4556 337 4648 pertinet,
354 4562 391 4627 et
408 4554 513 4628 solvit
531 4554 655 4627 clerico
673 4576 738 4645 pro
756 4576 869 4627 annuo
887 4575 992 4626 censu
1009 4559 1083 4625 tres
1097 4574 1239 4643 marcas,
1254 4552 1422 4626 decimam
1436 4559 1553 4625 autem
1566 4556 1724 4645 manipu-

176 4677 287 4749 larem·
309 4675 413 4748 solvit
438 4696 482 4747 ex
508 4676 629 4748 ardue
657 4675 851 4763 canonicis;
878 4675 961 4746 item
988 4695 1106 4746 omnes
1133 4679 1212 4746 octo
1229 4673 1323 4745 lanei
1339 4672 1443 4745 villae
1460 4671 1638 4764 praefatae
1655 4675 1724 4746 sol-

176 4801 263 4870 vunt
280 4795 447 4868 decimam
473 4795 722 4888 manipularem
739 4800 775 4868 et
792 4814 856 4886 per
874 4800 1024 4885 quatuor
1040 4793 1179 4884 ierugas
1197 4793 1407 4885 canapalem,
1425 4793 1487 4865 sed
1504 4793 1631 4866 solutio
1649 4795 1724 4865 eins

176 4916 321 5007 singulis
347 4915 447 4987 annis
474 4915 746 5005 diversificatum
772 4934 842 4987 uno
859 4914 989 4987 etenim
1007 4934 1097 4985 anno
1116 4919 1233 4986 custos
1251 4911 1284 4984 S.
1303 4912 1485 4985 Michaelis
1502 4912 1723 4985 medietatem

177 5037 251 5108 eius
275 5036 434 5126 percipit,
460 5040 541 5126 post
567 5041 715 5127 quatuor
740 5035 902 5107 videlicet
927 5035 1046 5107 laneos
1072 5039 1110 5105 et
1134 5033 1354 5105 medietatem
1380 5053 1543 5123 agrorum
1561 5020 1723 5105 taberna-

175 5156 280 5247 toris,
309 5157 455 5228 alteram
488 5174 572 5228 vero
604 5155 757 5241 eiusdem
787 5154 1009 5227 medietatem
1035 5174 1099 5245 pro
1126 5152 1246 5225 eodem
1272 5173 1362 5225 anno
1388 5152 1483 5225 tollit
1508 5172 1586 5224 eam
1610 5154 1723 5244 prima

61 5272 70 5279 “
176 5272 375 5367 praebenda
401 5275 433 5347 S.
460 5275 652 5366 Michaelis,
679 5282 716 5348 et
741 5280 907 5348 tenentur
931 5274 1027 5346 illan
1054 5272 1259 5345 emethones'
1275 5271 1428 5365 propriis
1439 5256 1605 5346 ¹curribus
1621 5270 1721 5346 indu·

177 5416 256 5477 cere
291 5396 329 5478 in
361 5396 527 5478 laneum
552 5416 574 5479 a
601 5395 741 5483 custode.
776 5395 832 5483 rel
859 5394 1023 5481 ananiae
1049 5392 1435 5498 trasumenum
1461 5392 1536 5478 ciue
1560 5412 1626 5497 pru
1651 5412 1724 5475 uua
1872 5414 1875 5419 ·
