4050 6054
1656 550 1729 625 397

180 782 284 852 aegre
310 746 483 850 expedito,
511 760 760 831 amilitaribus
787 759 986 850 coemendo,
1012 780 1076 849 pro
1095 761 1238 850 collegio
1265 757 1574 830 mansionariorum
1601 757 1731 832 Sando-

180 880 395 953 miriensium
425 901 494 950 una
521 901 597 951 cum
624 881 784 951 scoltetia
811 880 969 983 villarum
997 878 1252 971 praedicturum
1280 881 1453 969 emptione
1479 884 1661 970 perpetua,
1689 881 1732 954 de

181 1024 249 1094 quo
276 1003 450 1074 habentur
476 1002 615 1073 litterae
643 1000 838 1090 iudicialeS,
874 1022 964 1073 anno
991 1002 1130 1073 Domini
1161 1003 1231 1072 147
1235 1002 1268 1072 0.
1296 1000 1397 1089 emit,
1433 1007 1469 1072 et
1496 1003 1731 1092 comparavit3

183 1125 304 1195 Annae
332 1144 468 1214 quoque
496 1123 588 1194 filiae
615 1122 738 1195 Jacobi
774 1122 1151 1215 Gzyrnylrowsky
1188 1128 1224 1194 ct
1251 1104 1419 1195 consortis
1456 1122 1659 1196 Warszii
1686 1124 1729 1197 dc

180 1230 447 1343 Z'elpchlin,
474 1243 668 1314 scoltetiam
695 1243 892 1315 huiusmodi
919 1245 986 1316 sibi
1013 1243 1226 1333 vendicanti,
1254 1249 1408 1315 conatus.
1743 1259 1745 1264 ·

208 1354 211 1359 ’
285 1361 489 1454 ΟκΑιΥΝΑ,
516 1364 599 1436 villa
625 1367 689 1436 sub
707 1365 872 1454 parochia
890 1365 1054 1437 ecclesiae
1081 1366 1123 1436 de
1142 1363 1387 1455 Oppathow
1415 1365 1500 1454 situ,
1528 1366 1625 1437 cuius
1651 1387 1733 1456 pro-

183 1488 313 1576 prietas
340 1492 377 1556 et
395 1484 582 1556 dominium
610 1487 841 1558 omnimodum
868 1492 903 1557 et
930 1487 1067 1577 plenum
1094 1486 1138 1558 ad
1161 1487 1411 1558 mansionarios
1438 1485 1733 1559 Sandomirienses

184 1608 351 1697 pertinet,
371 1608 408 1677 in
428 1627 495 1696 qua
513 1612 594 1678 sunt
612 1607 808 1697 quindecim
826 1607 917 1679 lanei
935 1608 1181 1697 cmethonales,
1210 1630 1355 1699 quorum
1375 1608 1519 1699 quilibet
1536 1629 1600 1698 pro
1619 1629 1732 1681 annuo

185 1749 289 1799 consu
316 1728 421 1798 solvit
447 1749 552 1798 unum
579 1728 767 1818 fertonem,
804 1728 890 1801 duos
917 1707 1084 1819 capones,
1111 1730 1257 1819 triginta
1283 1749 1362 1817 ova,
1398 1707 1517 1800 caseos
1544 1750 1613 1801 non
1640 1720 1733 1819 dant,

184 1847 329 1944 obycdnc
356 1849 495 1921 solvunt
519 1870 583 1940 per
602 1855 750 1940 quatuor
777 1851 987 1941 quadrantes
1014 1850 1057 1921 de
1075 1850 1185 1922 laneo.
1225 1850 1314 1921 Item
1333 1855 1415 1921 sunt
1432 1849 1480 1921 ibi
1500 1849 1588 1920 duae
1615 1850 1756 1922 taber·'

184 1991 249 2041 nae
275 1972 442 2042 habentes
470 1992 590 2060 agros,
618 1962 765 2061 quorum
792 1972 937 2062 quilibet
964 1972 1188 2042 solviturum
1215 1992 1364 2042 marcam
1391 1992 1454 2061 pro
1474 1991 1577 2042 censu
1604 1993 1734 2061 annu03

183 2093 266 2163 item
294 2098 375 2163 sunt
401 2092 452 2163 ibi
469 2098 541 2162 tres
568 2092 785 2164 hortulaniao
813 2114 881 2163 non
899 2093 1067 2164 habentes
1086 2113 1198 2182 agros,
1225 2113 1313 2183 quae
1333 2094 1471 2163 censum
1491 2114 1566 2165 non
1586 2094 1734 2184 solvunt,

124 2215 130 2225 '
184 2213 245 2283 sed
279 2233 383 2283 unam
420 2212 510 2283 diem
546 2213 726 2303 pedestres
762 2214 798 2283 in
826 2213 1018 2304 septimana
1050 2214 1227 2303 laborant,
1264 2213 1347 2284 item
1382 2212 1527 2304 quilibet
1563 2213 1605 2285 de
1632 2215 1732 2287 laneo

184 2337 323 2404 tenetur
350 2332 645 2405 adlaborandum
672 2331 794 2428 obrolq
820 2335 855 2403 in
882 2333 1115 2424 praedialibus
1143 2335 1246 2424 agris,
1270 2327 1381 2405 idest
1408 2354 1510 2403 unam
1537 2353 1732 2406 mensuram

185 2475 248 2543 pro
276 2454 412 2543 hyeme,
440 2453 585 2525 alteram
612 2475 676 2545 pro
704 2474 801 2544 vere,
829 2475 944 2543 arare,
971 2454 1147 2544 arpicare,
1175 2454 1359 2542 seminare,
1386 2457 1516 2525 metere
1543 2460 1579 2526 ot
1606 2455 1734 2527 condu-

185 2595 272 2646 cere.
316 2575 403 2645 ltom
431 2575 474 2645 dc
500 2574 658 2646 undecim
693 2576 802 2646 laneis
830 2575 1101 2647 cmethonalibus
1136 2575 1241 2646 solvit
1269 2575 1413 2665 quilibet
1448 2597 1511 2664 pro
1538 2596 1620 2666 rege
1648 2576 1733 2665 duas

184 2716 362 2766 mensuras
389 2716 533 2786 avenne,
560 2696 643 2766 item
662 2717 765 2767 unam
783 2697 930 2786 siliginis
957 2716 1138 2767 mensurae
1165 2695 1452 2766 Sandomiriensis
1480 2695 1663 2788 confertae,
1691 2696 1734 2768 de

186 2822 334 2906 quatuor
348 2836 430 2887 vero
444 2813 553 2888 laneis
568 2817 661 2888 tollit
675 2817 841 2908 scoltetia,
860 2818 944 2888 item
958 2818 994 2887 in
1008 2817 1151 2907 praedio
1166 2822 1247 2888 sunt
1262 2816 1411 2907 quatuor
1424 2816 1514 2887 lanei
1527 2817 1629 2888 liberi
1643 2817 1737 2888 ultra

185 2915 428 3025 cmethonales3
442 2937 526 3009 item
540 2959 657 3010 omnes
672 2939 747 3029 agri
761 2938 964 3029 praediales,
983 2938 1225 3027 cmethonales,
1240 2938 1473 3028 tabernarum,
1487 2937 1626 3009 solvunt
1639 2938 1731 3009 deci·

186 3079 277 3129 mam
296 3058 543 3149 manipularem
563 3065 599 3131 et
616 3074 679 3150 per
697 3065 846 3150 quatuor
865 3061 1003 3151 ierugas
1026 3059 1225 3149 cunapulem
1244 3059 1539 3130 archidiaconatui
1556 3056 1735 3132 Sandomi-
1840 3115 1843 3122 .

185 3180 307 3268 riensi;
325 3180 408 3250 item
426 3185 563 3270 pratum
581 3181 710 3253 bonum
732 3181 861 3270 curiae,
890 3182 981 3271 quod
1000 3182 1210 3270 cmethones,
1237 3164 1479 3252 tabematorcs
1502 3184 1539 3251 et
1555 3179 1733 3253 hortulani

147 3376 151 3383 ,
187 3301 391 3391 disponunt,
418 3303 502 3372 item
519 3322 647 3392 gayum
674 3313 836 3392 magnum
855 3301 1054 3392 quercinum
1082 3306 1118 3373 et
1145 3302 1318 3391 pinosum,
1344 3301 1468 3392 inquo
1496 3305 1577 3373 sunt
1603 3294 1737 3392 apiaria

186 3422 228 3493 de
256 3422 402 3513 triginta
430 3423 631 3514 arboribus,
663 3424 746 3494 item
774 3427 846 3494 tres
874 3424 1027 3513 piscinae
1054 3423 1165 3495 bonae
1194 3422 1258 3494 sub
1290 3421 1387 3512 rilla3
1411 3406 1643 3495 molendinum
1662 3444 1731 3494 non

189 3547 251 3632 est,
279 3543 412 3615 molunt
437 3543 497 3614 ubi
515 3546 669 3633 possunt.
704 3543 792 3614 Item
820 3542 970 3615 confimat
989 3564 1065 3613 cum
1092 3541 1291 3633 Czyrnik
1306 3565 1382 3633 ow,
1408 3520 1734 3634 Wamborlrow,

187 3662 423 3755 Karwow,
446 3663 687 3754 Tuuorow,
722 3662 949 3755 Wlostow,
970 3643 1197 3754 'Goyczow
1230 3667 1267 3734 et
1293 3661 1511 3756 Zyrniky,
1546 3667 1583 3735 et
1609 3663 1737 3757 ubique

186 3781 372 3880 uppoazdy.
1545 3811 1547 3814 ⁴

292 3900 496 3993 Gorozorv,
528 3902 612 3975 villa
647 3902 711 3974 sub
738 3903 903 3994 parochia
930 3903 972 3974 de
999 3901 1209 3974 Wlostow
1235 3901 1320 3992 sita,
1356 3903 1452 3974 cuius
1479 3902 1677 3995 proprietas
1704 3907 1740 3976 ot

188 4023 375 4094 dominium
403 4025 447 4095 ad
474 4024 726 4096 mansionarios
758 4022 1054 4095 Sandomirienses
1081 4024 1181 4114 plene
1207 4023 1374 4114 pertinet,
1401 4025 1437 4093 in
1464 4045 1533 4114 qua
1559 4030 1641 4096 sunt
1667 4028 1738 4096 tre-

188 4134 297 4215 decim
322 4145 414 4215 lanei
441 4146 683 4235 cmethonales,
710 4145 896 4235 exquibus
922 4145 1081 4216 undecim
1108 4142 1284 4235 pertinent
1310 4145 1354 4216 ad
1373 4122 1569 4234 dominium,
1598 4145 1665 4217 duo
1693 4145 1737 4217 ad

189 4264 398 4356 scoltetiam,
436 4288 580 4357 quorum
618 4266 762 4357 quilibet
795 4289 860 4356 pro
889 4289 1001 4338 annuo
1039 4286 1143 4337 censu
1170 4265 1274 4337 solvit
1301 4287 1407 4337 unum
1433 4265 1624 4356 fertonem,
1651 4265 1737 4340 duos

190 4406 353 4476 capones,
378 4388 522 4476 triginta
550 4408 631 4478 ova,
659 4408 778 4474 caseos
805 4409 873 4458 non
901 4386 1001 4478 dant,
1029 4384 1175 4482 obpedoc
1201 4387 1341 4459 solvunt
1367 4366 1553 4478 perunum
1580 4406 1739 4478 grossum

189 4507 232 4578 de
257 4507 368 4579 laneo.
412 4508 500 4579 Item
537 4515 591 4580 est
626 4509 674 4581 ibi
701 4530 771 4580 una
797 4508 944 4580 taberna
969 4510 1101 4580 habens
1129 4529 1250 4599 agros,
1285 4529 1373 4599 quae
1400 4509 1506 4581 solvit
1532 4528 1597 4600 pro
1624 4529 1737 4581 annuo

63 4627 76 4658 ‘
189 4647 293 4699 censu
319 4649 422 4699 unam
450 4651 618 4720 marcam,
645 4631 727 4701 item
756 4636 836 4701 sunt
863 4630 912 4701 ibi
938 4630 1026 4701 duae
1052 4630 1272 4702 hortulaniae
1299 4631 1468 4703 habentes
1496 4634 1621 4722 agros,¹
1654 4630 1740 4700 nulli

190 4770 330 4820 censum
348 4750 500 4840 solvunt,
528 4750 589 4822 sed
607 4750 778 4824 laborant
788 4750 968 4841 pedestres
985 4771 1088 4823 unam
1106 4751 1345 4823 tantummodo
1374 4751 1464 4823 diem
1482 4752 1518 4822 in
1538 4752 1740 4842 septimana,

189 4872 280 4941 item,
300 4871 446 4962 quilibet
472 4871 514 4942 de
541 4872 641 4943 laneo
668 4876 807 4943 tenetur
833 4871 877 4942 ad
903 4872 1130 4944 laborandum
1157 4867 1280 4967 obrolqr
1311 4873 1347 4943 in
1373 4872 1609 4963 praedialibus
1636 4873 1740 4963 agris,

188 4990 224 5063 id
251 4998 433 5063 estunam
461 5013 655 5063 mensuram
683 5014 746 5083 pro
765 4993 904 5083 hyeme,
931 4993 1077 5064 alteram
1103 4967 1284 5083 provere,
1306 5012 1416 5083 arare,
1444 4993 1611 5084 arpicare,
1638 4993 1740 5064 semi·

189 5131 283 5202 nare,
310 5118 450 5204 metere,
478 5113 684 5201 conducere;
712 5114 795 5185 item
814 5113 856 5185 de
875 5113 1032 5185 undecim
1052 5113 1159 5184 laneis
1179 5113 1453 5218 cmethonalibus
1471 5112 1577 5185 solvit
1590 5113 1742 5211 ‘quilibet

189 5253 252 5325 pro
280 5254 362 5324 rege
389 5232 474 5306 duas
501 5255 680 5306 mensuras
716 5255 864 5325 avenae,
900 5235 982 5306 item
1017 5255 1121 5307 unam
1143 5215 1349 5306 ¹mensuram
1385 5233 1532 5325 siliginis
1558 5255 1741 5308 mensurae

168 5353 478 5450 ⁸Sandomiriensis
506 5350 698 5446 confertae,
725 5356 767 5427 de
796 5355 929 5427 duobus
964 5376 1048 5427 vero
1082 5355 1193 5427 laneis
1221 5355 1314 5427 tollit
1340 5356 1520 5448 scoltetia;
1555 5355 1640 5428 item
1674 5376 1740 5449 pro
1863 5422 1866 5427 .
1974 5418 2005 5429 ,.

189 5474 332 5569 praedio
359 5483 441 5552 sunt
468 5482 617 5572 quatuor
643 5478 735 5563 lanei
770 5477 872 5553 liberi
898 5476 993 5554 ultra
1020 5477 1267 5577 cmethonales,
1302 5477 1346 5558 dc
1372 5498 1519 5575 quorum
1544 5474 1688 5583 mediet
