4080 6068
1719 395 1792 465 259

235 590 464 703 reparatione
492 592 766 691 necessariorum
793 591 964 725 capellae,
992 592 1084 664 duas
1104 613 1168 682 pro
1195 593 1384 667 relectione
1411 594 1552 687 domus,
1577 603 1614 668 et
1640 599 1798 672 residuas

245 709 331 790 duas
357 732 421 802 pro
449 710 562 801 lignis

346 831 496 903 Domum
522 832 702 903 habebunt
718 838 933 923 perpetuam
962 834 1157 924 contiguam
1177 835 1341 906 ecclesiae
1360 835 1393 906 S
1412 833 1565 927 Georgii,
1583 858 1672 929 quae
1692 861 1798 929 qnon-

226 953 661 1071 ιιιῃ,ιιιιιιιοιιιιοιιιιι
688 957 766 1024 erat
767 953 951 1042 ,praefati
978 953 1176 1026 Hinczae
1203 957 1397 1046 sumptibus
1424 978 1522 1029 muro
1541 962 1577 1028 et
1595 958 1690 1048 ligno
1717 980 1797 1031 con-

356 1193 481 1266 Altare
516 1180 711 1284 praefatum
748 1194 870 1265 vicarii
906 1195 1151 1267 Cracovienses
1187 1196 1299 1268 tribus
1327 1170 1462 1288 missis,
1489 1204 1525 1269 et
1554 1199 1797 1289 impedimento

206 1391 211 1400 Ι
242 1316 495 1388 interveniente
522 1314 633 1387 altare
651 1317 855 1405 proximum
883 1315 999 1387 Sancti
1026 1303 1174 1387 Martini
1203 1316 1357 1389 officiare
1385 1324 1557 1407 tenentur,
1575 1320 1711 1391 ratione
1728 1325 1798 1392 tre-

242 1441 421 1509 centarum
441 1437 706 1527 ¹quinquaginta
740 1456 953 1527 marcarum,
980 1437 1031 1507 eis
1068 1457 1131 1526 per
1168 1438 1362 1527 praefatum
1388 1438 1601 1510 Hinczam
1628 1440 1798 1531 datarum,

241 1577 305 1648 pro
332 1559 457 1648 quibus
484 1577 623 1627 censum
658 1558 784 1647 viginti
820 1558 970 1648 quinque
1006 1579 1198 1629 marcarum
1235 1566 1393 1630 emerunt
1435 1560 1538 1631 titulo
1573 1562 1798 1651 reemptionis

241 1678 334 1781 apud
360 1678 530 1750 Joannem
557 1677 688 1749 Amor
715 1677 1002 1769 Tarnowslry
1030 1680 1066 1749 in
1094 1680 1254 1750 censibus
1282 1680 1401 1770 oppidi
1428 1681 1482 1752 sui
1510 1680 1707 1752 Tarnow.

296 1818 299 1823 ·
346 1799 436 1872 Item
463 1799 654 1888 sciendum,
682 1799 773 1888 quod
800 1798 978 1889 praelatus
1004 1798 1181 1870 Hincza
1206 1800 1250 1871 de
1276 1800 1448 1890 Rogow,
1476 1776 1684 1872 castellanus
1711 1800 1797 1874 San'·

240 1919 469 2009 domiriensis,
495 1919 778 2009 propitiationem
805 1920 956 1990 divinam
984 1920 1200 2010 obtenturus,
1218 1921 1253 1990 iu
1271 1919 1377 1992 fundo
1405 1941 1507 1992 areae
1536 1943 1620 1995 suae
1638 1922 1797 1995 haeredi-

239 2040 351 2113 tariae
376 2041 413 2110 in
440 2046 554 2111 castro
583 2034 812 2129 Oracoviensi,
840 2039 932 2110 inter
960 2039 1098 2110 domum
1115 2039 1285 2111 Johanuis
1305 2037 1526 2129 Glowacz,
1545 2041 1694 2132 palatini
1713 2042 1794 2114 olim

243 2161 533 2235 Sandomim'ensis
561 2162 605 2232 ab
633 2182 711 2250 nna,
739 2167 775 2230 et
801 2160 939 2231 domum
965 2160 1131 2250 granarii,
1158 2180 1244 2251 quae
1271 2181 1362 2231 nnnc
1388 2165 1442 2232 est
1466 2162 1797 2251 praebendariorum

239 2282 387 2381 apuam
415 2281 616 2371 Trinitatis,
645 2282 811 2371 partibus
831 2283 874 2352 ab
902 2281 1015 2352 altera
1042 2281 1224 2371 contigua,
1253 2302 1351 2352 muro
1379 2282 1549 2353 castrensi
1576 2282 1651 2372 sita,
1677 2283 1797 2354 aediti·

241 2403 338 2483 ιιιιι
355 2424 404 2475 ex
431 2424 531 2474 muro
560 2402 673 2474 coctili
701 2402 840 2473 domum
866 2402 1055 2492 pulchram,
1076 2401 1254 2473 conferens
1273 2423 1350 2472 earn
1368 2406 1535 2503 perpetuo
1554 2404 1796 2497 mansionariis

240 2524 538 2613 cmcoviensibus,
566 2528 601 2593 et
628 2544 754 2612 aream,
782 2544 870 2613 quae
897 2527 973 2593 erat
999 2523 1319 2612 mansionariorum,
1347 2544 1411 2613 pro
1431 2524 1502 2593 suis
1521 2523 1690 2594 altaristis
1709 2524 1796 2594 reei-

240 2645 349 2737 piens.
383 2644 533 2716 Ratione
562 2645 658 2715 cuius
685 2644 843 2715 beneficii
870 2644 1051 2733 collegium
1078 2644 1386 2715 mansionariorum
1415 2641 1695 2715 Gracoviensium
1722 2642 1797 2716 offi-

240 2767 382 2839 ciabunt
408 2765 459 2836 alt
444 2773 520 2837 tare
548 2765 752 2836 Sanctorum
779 2765 1003 2835 innocentum
1032 2765 1193 2855 singulis
1205 2765 1417 2855 septimanis,
1443 2785 1514 2835 una
1531 2765 1638 2836 missa
1655 2763 1794 2883 deiunc-

240 2894 366 2977 terrim,
393 2888 464 2958 et
455 2909 492 2958 m
520 2887 665 2976 singulis
684 2891 833 2976 quatuor
850 2887 1075 2976 temporibus,
1095 2886 1240 2977 quilibet
1258 2907 1416 2959 mansion
1472 2905 1514 2957 us
1530 2905 1635 2957 unam
1652 2886 1793 2956 missam

240 3007 478 3083 delirnctorum
506 3029 569 3097 pro
598 3009 713 3078 anima
739 3007 885 3097 praefati
912 3006 1083 3077 Hincze
1111 3007 1265 3095 legetet
1291 2906 1654 3215 noveQOum
1645 3005 1792 3096 vigilias,

243 3129 280 3203 in
306 3129 363 3200 die
385 3129 496 3200 etiam
533 3128 605 3201 obit
604 3150 647 3198 us
675 3127 820 3218 praeiat‘
774 3149 823 3198 ιι
795 3128 1076 3217 tHinczae,
1111 3127 1278 3198 videlicet
1302 3131 1445 3231 quarta
1525 3147 1635 3198 ruarn
1681 3127 1791 3198 simile

241 3250 515 3322 anniversarium
549 3249 730 3339 collegium
757 3249 1068 3322 mansionariorum
1094 3248 1205 3320 eidem
1232 3247 1450 3338 Hinozae,
1477 3242 1574 3318 velut
1601 3268 1662 3318 suo
1690 3248 1795 3319 bene·

240 3370 364 3444 actori
391 3371 567 3462 singulari,
594 3375 746 3461 peraget

581 3631 728 3713 Altero
757 3633 941 3713 sanotae
975 3630 1136 3711 Mariae
1170 3629 1458 3733 magdalenae.

242 3881 245 3890 ·
350 3856 472 3929 Altare
508 3857 654 3927 Sanctae
680 3855 814 3926 Mariae
840 3854 1067 3944 Magdaleuae
1095 3853 1130 3923 in
1158 3852 1304 3923 ecclesia
1330 3850 1571 3939 Gracoviensi,
1598 3850 1799 3922 nonhabet

243 3979 410 4071 capellam
447 3978 641 4069 propriam,
669 3977 729 4048 sed
757 3977 863 4048 situm
889 3982 943 4046 est
969 3976 1004 4050 iu
1032 3974 1165 4065 capella
1191 3972 1521 4062 mansionariorum,
1549 3992 1669 4042 versus
1696 3972 1798 4074 rneri-

243 4099 416 4173 diurnalem
442 4105 587 4190 partem,
616 4098 707 4189 quod
735 4098 868 4169 duobus
888 4096 1029 4167 decimis
1048 4094 1320 4185 manipularibus
1339 4094 1375 4164 in
1394 4093 1486 4164 villis
1505 4091 1797 4165 Godkowicze

243 4225 280 4293 et
306 4219 611 4308 Czalouicze,
639 4219 712 4289 sive
744 4216 1040 4308 Gzayowioze
1076 4216 1233 4287 dotatum
1260 4220 1332 4306 est3
1359 4235 1422 4305 per
1449 4235 1550 4304 quem
1577 4219 1710 4303 autem,
1738 4218 1799 4283 ιιι

161 4391 166 4407 ·
238 4351 311 4435 ,quo
343 4348 518 4433 ternpore,
547 4361 658 4430 quove
695 4361 785 4410 anno
811 4337 992 4409 fundatum
1019 4344 1056 4408 et
1083 4336 1240 4407 dotatum
1268 4335 1332 4426 sit,
1369 4335 1554 4425 diligenter
1581 4334 1796 4425 perquirens,

241 4461 455 4553 mresugare
479 4484 547 4534 non
575 4461 681 4551 potui,
709 4435 853 4551 propter
879 4459 1054 4551 privilegii
1081 4457 1369 4548 suppressionem.

346 4581 607 4671 Gonnowrczn,
634 4582 717 4651 villa
743 4581 806 4652 sub
834 4580 999 4670 parochia
1025 4578 1191 4673 ecclesiae
1218 4578 1261 4649 de
1290 4574 1686 4648 Girzmanowicze
1714 4574 1796 4665 sita,

242 4705 340 4787 enias
375 4704 571 4794 proprietas
608 4710 644 4773 et
679 4702 867 4773 dominium
894 4701 1056 4791 pertinet>
1073 4699 1117 4770 ad
1145 4699 1401 4770 serenissimum
1428 4697 1604 4768 dominum
1629 4692 1796 4768 Poloniae

233 4827 414 4919 'rogem
404 4847 442 4896 m
468 4844 536 4916 qua
572 4829 652 4895 sunt
679 4845 739 4895 sex
765 4829 801 4894 et
827 4844 897 4894 una
921 4823 1022 4912 virga
1048 4821 1139 4892 lanei
1165 4841 1238 4892 ome
1239 4819 1416 4921 thonales,
1443 4798 1527 4889 item
1554 4814 1624 4888 nna
1651 4810 1799 4889 taberna

241 4946 376 5039 habene
402 4967 521 5038 agros3
547 4946 590 5018 de
618 4945 742 5036 quibus
771 4945 929 5018 omnibus
948 4944 1052 5015 solvit
1037 4950 1095 5015 tur
1114 4942 1246 5014 decima
1263 4939 1490 5069 manipularis
1508 4939 1612 5010 altari
1632 4936 1798 5029 praefato,

240 5074 368 5171 &per
391 5067 523 5145 incolas
549 5067 652 5138 villae
679 5065 830 5157 propriis
856 5066 1016 5137 curribus
1048 5063 1213 5135 ducitur
1203 5085 1240 5134 m
1258 5064 1423 5134 horreum
1439 5044 1485 5132 ab
1503 5060 1665 5133 altarista
1681 5059 1797 5131 locan-

242 5185 325 5325 dum
361 5191 418 5271 et
422 5187 598 5265 suvant
602 5186 774 5289 decimam
811 5184 935 5276 canapi
971 5206 1034 5275 per
1061 5189 1211 5274 quatuor
1237 5158 1671 5311 ierngasetetaestimatur
1699 5177 1798 5249 valor

246 5308 400 5393 decimae
424 5308 601 5407 praefatae
628 5307 673 5383 ad
700 5311 776 5381 octo
804 5327 946 5378 marcas.
981 5304 1209 5377 Hortulaniae
1237 5303 1308 5375 illic
1324 5324 1403 5382 ιιι
1430 5280 1530 5392 sunt,
1545 5280 1641 5374 item
1668 5303 1722 5373 est
1747 5299 1797 5371 ibi
