4050 6054
243 459 312 529 188

239 664 492 757 Thanczyn,
520 655 686 725 decanum
713 658 749 722 et
775 651 976 721 canomcum
1002 648 1282 734 cracoviensem,
1309 645 1459 716 nobilem
1486 645 1659 717 dedomo
1686 645 1800 738 Bip-

238 781 463 875 pannium,
490 777 525 846 in
553 794 636 845 area
662 771 846 862 capitulari
873 791 894 840 a
911 769 1031 859 primis
1048 767 1281 841 fundamentis
1298 770 1436 836 murata
1453 771 1517 854 est,
1534 767 1632 838 cuius
1650 767 1801 839 inhabi-

237 909 331 974 tator
356 897 490 970 ratione
517 915 639 966 census
665 891 853 978 terrestris,
879 896 1018 961 tenetur
1044 887 1263 959 universitati
1281 886 1487 959 vicariorum
1505 886 1797 960 cracoviensium

238 1024 273 1094 in
301 1017 539 1093 anniversario
566 1012 736 1105 praedicti
762 1011 963 1100 Navogii
991 1008 1119 1097 decani,
1138 1009 1273 1080 solvere
1290 988 1437 1099 singibs
1453 1009 1555 1079 annis
1570 1028 1677 1079 unam
1694 1030 1798 1083 mar·

238 1162 332 1228 cam,
357 1142 497 1210 tenetur
532 1141 569 1206 et
595 1134 740 1204 alteram
776 1151 926 1202 marcam
962 1128 1097 1200 solvere
1123 1129 1302 1199 altaristae
1328 1127 1361 1198 S.
1388 1127 1550 1199 Andreae
1576 1129 1613 1201 in
1638 1129 1797 1202 ecclesia

239 1257 467 1345 cracoviensi,
494 1256 537 1327 de
564 1275 632 1344 quo
660 1254 694 1322 in
722 1250 857 1323 aerario
885 1248 1124 1321 Gracoviensis
1150 1248 1314 1321 ecclesiae
1341 1248 1571 1338 privilegium,
1596 1249 1665 1321 sub
1680 1251 1794 1324 titulo

239 1385 373 1453 tantum
400 1375 541 1466 capituli
567 1372 807 1473 cracoviensis
832 1372 982 1442 habetur
1008 1369 1165 1460 speciale,
1193 1391 1222 1440 a.
1248 1369 1289 1439 Ι).
1321 1369 1429 1440 1369.
1455 1368 1657 1442 muscetum.

239 1488 247 1497 ’
343 1497 474 1569 Domus
510 1495 713 1567 duodecima
747 1492 792 1565 ab
818 1493 911 1580 acie,
938 1491 973 1562 in
1000 1496 1100 1581 parte
1127 1489 1269 1560 sinistra
1294 1510 1337 1560 ex
1364 1488 1499 1561 duobus
1525 1491 1618 1563 areis
1643 1491 1795 1565 collccu

240 1625 305 1709 est,
332 1638 476 1709 quarum
503 1637 571 1686 nna
598 1614 725 1685 donata
749 1612 815 1684 fnit
840 1632 963 1702 parum
989 1611 1133 1702 provide
1160 1631 1223 1700 per
1241 1610 1429 1699 capitulum
1456 1610 1678 1682 universitati
1704 1612 1794 1684 cta-

239 1738 392 1815 covieusi
417 1757 480 1826 pro
508 1734 764 1806 canonistarum
791 1724 905 1823 brusa,
933 1740 970 1804 et
997 1737 1121 1821 expost
1147 1752 1210 1822 per
1228 1730 1415 1821 capitulum
1433 1732 1533 1821 gravi
1550 1751 1640 1821 aare,
1657 1738 1695 1804 et
1711 1754 1792 1805 cum

235 1856 444 1949 fflcnltate
469 1857 644 1944 redemta3
671 1856 792 1947 altera,
818 1875 905 1946 qnae
931 1854 998 1925 fuit
1024 1853 1145 1924 altaris
1171 1852 1204 1923 S.
1232 1851 1409 1940 Anthonii,
1435 1853 1472 1922 in
1499 1853 1645 1925 ecclesia
1662 1853 1794 1927 Gracc-
1808 1906 1852 1995 ἕ·

237 1978 357 2069 riensi,
383 1979 518 2051 duabus
545 1977 685 2048 decimis
711 1975 984 2066 manipularibus
1011 1975 1046 2043 in
1074 1974 1165 2043 villis
1192 1971 1408 2044 camiona
1434 1978 1470 2044 et
1495 1973 1700 2065 deavva,
1727 1997 1794 2066 per
1819 2030 1824 2035 -

240 2101 446 2171 Thomam
473 2099 630 2190 primum,
658 2097 855 2186 episcopum
883 2092 1153 2182 Cracoviensem,
1172 2092 1275 2164 altari
1292 2092 1469 2182 praefatae
1487 2093 1634 2184 donatis,
1651 2116 1793 2185 permu-

238 2225 325 2311 tata,
350 2223 387 2293 et
411 2218 562 2309 capitulo
590 2216 811 2288 Cracoviensi
839 2215 974 2301 donata,
1002 2218 1137 2283 murata
1159 2218 1212 2283 cst
1228 2213 1384 2302 pecuniis
1402 2212 1542 2304 Sbignei
1561 2222 1702 2287 sancme
1718 2194 1793 2289 me·

241 2340 373 2414 moriac
399 2339 583 2410 cardinalis
610 2344 646 2407 ct
671 2336 822 2425 episcopi
850 2333 1096 2423 cracoviensis,
1115 2354 1177 2423 per
1195 2333 1388 2405 Johannem
1414 2334 1498 2405 Dlu
1516 2336 1649 2425 gosch
1676 2338 1793 2409 senio·

243 2482 316 2533 rem
351 2460 552 2530 canonicum
588 2456 859 2544 Cracoviensem,
887 2454 940 2524 sui
966 2457 1162 2525 testamenti
1190 2460 1427 2542 executoren13
1453 2455 1551 2526 cuins
1578 2457 1794 2531 inhabitator

240 2581 376 2652 ratione
407 2598 531 2649 census
561 2575 757 2665 terrestria,
784 2575 951 2666 praelatis
986 2581 1021 2646 et
1057 2576 1230 2646 carronicis
1257 2575 1542 2648 cracoviensibus
1568 2577 1603 2647 in
1630 2578 1794 2651 anniver-

241 2700 333 2771 sario
360 2697 506 2789 praefati
533 2696 674 2786 Sbignei
701 2696 894 2786 cardinalis,
921 2717 984 2786 pro
1012 2697 1124 2786 prima
1150 2696 1205 2767 die
1223 2695 1394 2785 Octobris
1415 2719 1482 2787 qno
1501 2698 1664 2769 videlicet
1680 2704 1717 2770 et
1733 2700 1793 2773 die

240 2823 315 2912 ipse
342 2820 512 2909 Sbignens
539 2818 721 2907 episcopus
749 2817 897 2908 insignia
915 2817 1147 2888 cardinalatus
1165 2818 1208 2888 ab
1228 2817 1347 2888 eodem
1365 2817 1524 2891 Johanne
1543 2820 1679 2892 seniore
1695 2820 1795 2893 Dln-

240 2941 400 3031 gosch,
428 2960 449 3009 a
475 2938 614 3009 Summo
642 2937 807 3009 Pontifice
834 2937 1026 3008 Nicolao
1053 2926 1159 3026 Papa'
1176 2938 1218 3008 V.
1244 2938 1281 3007 in
1309 2938 1454 3009 ecclesia
1481 2939 1701 3011 cracoviensi
1727 2962 1794 3032 pu·

239 3061 329 3134 blice
356 3067 391 3131 et
417 3059 618 3130 sollenniter
644 3060 805 3150 suscepit,
833 3059 918 3130 dnas
945 3080 1078 3131 marcas
1105 3059 1204 3130 annis
1231 3059 1377 3149 singulis
1403 3060 1538 3131 solvere
1564 3066 1713 3133 tenetur.

344 3181 476 3251 Domus
509 3178 697 3250 tredecima
714 3182 757 3251 ab
777 3180 860 3269 acie,
878 3180 914 3249 in
932 3184 1031 3270 parte
1050 3178 1192 3252 sinistra
1210 3180 1288 3269 sita,
1315 3200 1378 3271 per
1395 3179 1580 3251 Matthiam
1599 3181 1794 3274 Lanoentii,

242 3304 459 3375 decretorum
478 3301 666 3390 doctorem,
685 3301 884 3372 canonicum
903 3299 1174 3390 cracoviensem,
1193 3300 1228 3370 in
1247 3321 1330 3372 area
1347 3302 1531 3391 capitulari
1545 3324 1566 3373 a
1578 3303 1700 3393 primis
1712 3303 1794 3376 fim-

242 3422 413 3495 damentis
439 3427 578 3493 murata
603 3426 676 3511 est,
703 3420 801 3492 cuius
827 3421 1041 3493 inhabitator
1067 3421 1201 3492 ratione
1228 3442 1351 3492 census
1377 3422 1556 3493 terrestris
1578 3423 1714 3495 solvere
1738 3429 1795 3499 te·

242 3551 347 3617 netur
381 3542 481 3615 annis
516 3542 662 3633 singulis
688 3543 723 3613 in
751 3540 988 3612 anniversario
1023 3541 1171 3631 praefati
1204 3541 1377 3613 Matthiae
1408 3542 1590 3615 Laurentii
1620 3544 1796 3637 doctoris,

244 3663 466 3735 universitati
490 3663 698 3735 vicariorum
725 3661 1004 3734 cracoviensium
1030 3683 1134 3733 unam
1160 3682 1319 3733 marcam.
1777 3684 1781 3693 ·

353 3785 485 3856 Domus
520 3788 647 3875 quarta
682 3783 815 3855 decima
851 3784 895 3854 ab
931 3783 1005 3853 acie
1031 3789 1067 3853 et
1093 3782 1241 3872 ultima-e
1259 3785 1294 3854 in
1321 3789 1420 3873 parte
1447 3783 1591 3856 sinistra
1616 3785 1702 3874 sita,
1727 3806 1796 3879 per

243 3905 448 3995 Sbignenm‚
475 3906 641 3977 decanum
677 3903 960 3989 cracoviensem,
985 3902 1021 3971 in
1048 3923 1130 3973 area
1156 3903 1340 3994 capitulari
1366 3925 1387 3973 a
1412 3904 1534 3993 primis
1559 3903 1795 3980 fundamentis

243 4030 380 4095 murata
414 4033 485 4114 cst,
512 4026 610 4095 cuius
640 4024 856 4103 inhabitator
882 4023 918 4092 in
946 4023 1219 4093 anniversarium
1245 4029 1450 4113 perpetuum
1476 4023 1625 4114 praefati
1650 4024 1796 4118 Sbignei

243 4145 373 4232 decani,
400 4145 512 4216 dictae
540 4144 661 4216 domus
688 4143 884 4232 muratoriS,
912 4148 1051 4213 tenetur
1077 4142 1256 4214 altaristae
1275 4145 1398 4215 altaris
1416 4144 1621 4217 Sanctorum
1639 4145 1795 4238 Philippi

243 4272 278 4336 et
303 4266 424 4337 Jacobi
452 4267 488 4335 in
514 4264 661 4337 ecclesia
687 4263 925 4352 cracoviensi,
952 4270 1025 4335 tres
1052 4285 1187 4335 marcas
1214 4267 1313 4336 annis
1341 4265 1486 4356 singulis
1512 4266 1662 4357 solvere,
1687 4288 1794 4341 unam

243 4387 404 4458 videlicet
430 4408 494 4476 pro
520 4386 610 4457 festo
636 4363 682 4457 ss
696 4385 862 4457 Stanislai
888 4387 922 4456 in
949 4384 1059 4475 Maio,
1088 4387 1233 4457 alteram
1260 4407 1324 4478 pro
1350 4386 1439 4458 festo
1466 4386 1499 4458 S.
1526 4387 1709 4460 Michaelis
1735 4410 1796 4461 ar·

244 4507 410 4597 changeii,
437 4513 473 4578 et
499 4507 641 4577 tertiam
668 4527 732 4596 pro
758 4506 846 4577 festo
873 4505 1129 4578 Purificationis
1156 4506 1304 4578 Sanctae
1330 4506 1466 4579 blariae
1493 4507 1658 4598 Virginis
1683 4506 1794 4581 Cuius

243 4635 356 4700 autem
391 4629 529 4718 generis
565 4627 619 4697 vel
654 4626 776 4699 domus
810 4627 985 4717 praefatus
1011 4625 1195 4718 SbignenS,
1222 4628 1370 4699 decanus
1398 4625 1646 4720 cracoviensis,
1672 4627 1792 4722 fuerit,

243 4751 410 4821 scrutinio
438 4749 597 4839 diligenti
623 4746 882 4843 factoffliqpere
909 4749 993 4819 mibi
1020 4769 1088 4820 non
1116 4749 1239 4839 potnit.

874 4991 975 5071 Pars
1007 4993 1171 5073 dextra.
1286 5084 1290 5089 ,

346 5211 464 5282 Prima
489 5211 609 5323 domus
637 5213 680 5283 ab
708 5211 791 5302 acie,
818 5211 854 5283 in
880 5218 981 5303 parte
1007 5212 1132 5284 dextra
1157 5266 1481 5284 ..........

348 5330 505 5405 Secunda
532 5331 653 5405 domus
680 5334 724 5405 ab
750 5333 834 5424 acie,
861 5333 897 5404 in
923 5338 1024 5425 parte
1050 5332 1174 5407 dextra
1200 5387 1524 5408 ..........
