4050 6054
309 473 383 554 330

306 691 342 757 et
367 685 458 756 eius·
469 682 637 754 familiam
664 681 770 753 semel
797 679 833 752 in
861 701 952 751 anuo
979 677 1139 770 expensis
1166 683 1202 749 et
1186 675 1436 749 tuecessariis
1463 695 1527 765 per
1543 696 1650 747 unum
1667 671 1759 746 diem
1744 654 1863 866 x

306 812 406 876 curat
441 809 551 876 ett
508 805 551 874 lit
551 809 646 873 teras
682 822 762 873 suas
789 801 825 871 in
852 801 928 871 loca
953 822 1022 871 non
1049 802 1182 870 remota
1209 797 1330 869 defert.
1370 798 1459 868 Item
1485 796 1576 867 idem
1603 795 1725 867 laneus
1841 799 1859 864 t

306 923 474 996 decimam
500 921 752 1012 manipularem
781 921 942 1011 episeopo
969 918 1189 991 Cracomensi
1217 922 1252 988 et
1237 918 1440 990 tconducit
1457 890 1552 988 issam
1572 916 1649 989 cum
1665 914 1744 988 aliis
1765 933 1856 986 cme·

305 1045 469 1115 thouibus
495 1043 598 1114 villae
625 1041 789 1131 Xauy
779 1062 816 1111 m
841 1041 1005 1111 horreum
1032 1016 1264 1128 episcopale
1253 1059 1289 1108 1n
1313 1034 1528 1132 ponitbwam.
1656 1046 1662 1057 '

409 1163 598 1250 Κοιιιιιι,
625 1161 709 1232 villa
734 1161 832 1250 regia
857 1160 1027 1230 babens
1017 1181 1053 1229 ιιι
1081 1180 1117 1229 se
1145 1158 1324 1228 ecclesiam
1351 1156 1584 1247 parochialem
1611 1155 1829 1245 muratam,
1818 1177 1856 1226 m

307 1302 375 1373 qua
394 1292 489 1380 uuus
525 1279 764 1351 tantummodo
790 1278 910 1349 laneus
937 1280 1013 1371 iure
1040 1279 1196 1368 plenario
1225 1277 1269 1349 ad
1295 1276 1513 1348 scolastn'am
1539 1297 1580 1366 sp
1726 1273 1859 1347 Sando-

306 1403 513 1492 miriensem,
541 1401 600 1489 qui
626 1400 716 1470 liber
742 1399 785 1469 ab
814 1399 971 1470 omnibus
998 1398 1184 1486 laboribus,
1212 1396 1322 1468 dariis
1349 1402 1385 1467 et
1412 1397 1565 1486 tributis,
1592 1408 1632 1467 sb
1717 1393 1858 1467 domino

307 1543 369 1594 suo
397 1522 577 1593 scolastico
605 1540 669 1609 pro
696 1539 810 1590 annuo
839 1538 943 1590 censu
970 1524 1043 1588 tres
1070 1517 1232 1588 fertones.
1259 1517 1347 1587 Item
1375 1516 1542 1587 decimam
1568 1516 1674 1589 solvit
1698 1515 1858 1605 manipu-

305 1641 413 1712 larem
437 1662 517 1719 sum
544 1641 621 1711 aliis
644 1639 882 1709 cmetbouibus
900 1643 936 1708 et
953 1638 1074 1709 incolis
1092 1637 1196 1708 villae
1225 1636 1389 1708 ecclesiae
1407 1636 1598 1726 parochiali
1615 1636 1652 1708 in
1669 1634 1858 1761 KMQI*

310 1901 512 1982 Decimae
545 1900 826 2006 manipulares
864 1901 1114 2007 scolastriae
1148 1900 1186 1979 in
1220 1897 1413 1980 districtu
1447 1896 1777 1998 sandomiriensi
1811 1872 1857 1978 ’ἕι

960 2038 1211 2118 Lublinensi.
1762 2056 1765 2061 ·

411 2258 604 2350 Czrsnorr,
630 2257 714 2331 villa
748 2258 880 2330 babens
915 2257 952 2328 in
987 2242 1032 2327 se*
1057 2257 1240 2329 ecclesiam
1266 2255 1499 2346 parochialem
1526 2254 1693 2327 Omnibus
1721 2253 1857 2327 Sancus
1908 2248 1910 2253 ’

308 2381 478 2470 dicatam,
506 2384 543 2450 et
568 2399 631 2468 per
658 2376 864 2448 Michaelem
892 2375 935 2446 de
961 2376 1370 2465 Bogumilowicze‚
1398 2376 1619 2447 castellanum
1648 2372 1859 2446 Sandomiri-

307 2521 434 2590 ensem,
461 2500 540 2570 albo
567 2503 738 2568 muratam
765 2495 889 2586 lapide,
918 2496 1015 2567 cuius
1033 2497 1156 2567 haeres
1175 2496 1352 2567 lohannes
1371 2495 1665 2586 Oziszowsky
1692 2494 1735 2565 de
1752 2494 1859 2565 armis

307 2618 655 2708 Polukozya,1n
694 2637 761 2707 qua
796 2624 878 2687 sunt
913 2616 1035 2706 viginti
1072 2621 1222 2706 quatuor
1256 2617 1348 2687 lanei
1384 2616 1636 2705 cmethonaleS,
1664 2614 1859 2705 dequibus

308 2738 456 2810 solvitur
488 2737 624 2807 decIma
658 2736 901 2825 manipularis,
928 2742 963 2806 et
998 2756 1061 2827 per
1096 2741 1245 2826 quatuor
1280 2737 1417 2826 ierugas
1454 2736 1629 2825 canapalis
1657 2732 1858 2807 scolastrIae

308 2856 593 2946 Sandomiriensi,
620 2863 657 2926 et
683 2856 812 2926 ducunt
838 2877 914 2927 eam
941 2855 1176 2927 cmethoues
1167 2877 1203 2926 m
1229 2855 1392 2951 horreum
1420 2876 1441 2925 a
1468 2855 1648 2926 scolastico
1674 2816 1858 2951 leffium

308 2982 344 3049 et
370 2976 468 3048 valor
495 2976 568 3047 eius
595 2975 799 3046 aestimatur
825 2975 869 3046 ad
897 2976 1090 3067 quindecim
1117 2993 1259 3064 mareas,
1286 2975 1471 3067 aliquando
1499 2976 1543 3046 ad
1570 2975 1695 3066 viginti
1722 2966 1766 3046 et
1784 2995 1857 3079 am-

308 3096 400 3187 plius
434 3116 579 3167 marcas.
622 3095 710 3166 Item
747 3095 898 3185 quinque
934 3098 1102 3167 tabernae
1136 3101 1217 3165 snut
1251 3096 1286 3166 in
1318 3096 1437 3165 eadem
1464 3095 1547 3166 villa
1573 3097 1616 3167 de
1643 3072 1859 3197 proprietate
1904 3077 1909 3083 ⁵

308 3216 487 3305 haerediS,
514 3221 614 3288 sexta
639 3215 788 3306 plebani,
816 3214 905 3285 duae
932 3221 1067 3286 tantum
1094 3214 1262 3285 babentes
1290 3236 1402 3304 agros,
1430 3222 1466 3285 et
1493 3216 1664 3287 decimant
1691 3232 1858 3311 promco-

307 3336 450 3424 lastic03
477 3333 711 3407 molendinum
738 3355 806 3404 non
834 3341 896 3425 est,
922 3337 1006 3406 item
1035 3340 1181 3426 quatuor
1207 3335 1426 3406 hortulaniae
1453 3336 1570 3406 suut
1560 3358 1596 3405 m
1623 3320 1745 3407 eadem
1760 3310 1855 3436 nlla

307 3455 463 3527 sednon
490 3455 621 3525 habent
648 3474 760 3543 agros.
787 3454 876 3524 Item
903 3455 1082 3544 praedium
1109 3455 1259 3525 militare
1282 3460 1387 3526 unum
1413 3455 1449 3525 in
1477 3455 1597 3537 eadem
1615 3454 1708 3545 villa,
1726 3440 1818 3526 de²''“
1787 3456 1858 3545 qdo

306 3573 532 3663 manipularis
560 3572 693 3644 decima
719 3573 823 3643 datur
849 3574 1050 3644 ecclesiae
1041 3596 1077 3643 m
1104 3571 1317 3645 Oziszow.

412 3692 581 3782 Osuaovu,
608 3693 692 3764 villa
718 3693 782 3764 sub
809 3694 974 3782 parocbia
1001 3695 1082 3765 olim
1110 3694 1281 3791 ecclesiap
1302 3694 1335 3765 S.
1352 3692 1513 3764 Mauritii
1530 3693 1573 3764 de
1591 3693 1801 3765 Zawicho
1862 3754 1874 3775 .
1930 3676 1936 3686 “

308 3831 399 3887 nunc
425 3834 509 3885 vero
536 3812 601 3883 sub
627 3812 820 3884 Borowa
840 3814 932 3903 sita,
961 3816 1058 3884 cuius
1085 3816 1280 3904 proprietas
1308 3822 1344 3885 et
1370 3813 1557 3886 dominium
1585 3815 1631 3885 ad
1656 3808 1803 3886 coenob
1878 3808 1928 3879 ἰ

163 4013 167 4019 ,
307 3932 618 4006 sanctimonialium
655 3932 786 4003 ordinis
822 3932 855 4003 S.
887 3931 1019 4023 Clarae,
1049 3933 1081 4005 S.
1108 3933 1270 4005 Andreae
1305 3936 1341 4005 in
1369 3932 1598 4005 cracovia
1623 3924 1858 4025 pertinet,·in

307 4073 376 4143 qua
411 4058 492 4123 sunt
527 4072 650 4122 novem
676 4051 768 4123 lanei
795 4052 1046 4143 emethonales,
1074 4054 1117 4124 de
1146 4054 1269 4144 quibus
1297 4053 1446 4125 solvitur
1472 4053 1605 4125 decima
1630 4054 1857 4144 manipularis

307 4172 507 4243 scolastriae
534 4169 815 4261 Sandomiriensi,
842 4177 878 4243 et
905 4171 1035 4242 ducunt
1061 4192 1138 4242 eam
1165 4173 1370 4244 emethoues·
1390 4173 1427 4244 in
1454 4173 1618 4245 borreum
1636 4196 1657 4245 a
1675 4173 1856 4246 scolastico

307 4290 488 4364 locandum
515 4297 551 4362 et
578 4290 776 4362 valarsius
804 4291 1008 4363 aestimatur
1034 4292 1080 4362 ad
1106 4292 1223 4362 decem
1250 4312 1403 4383 marcas,
1430 4300 1466 4364 et
1493 4295 1692 4384 canapalem
1719 4292 1858 4366 solvunt

307 4432 369 4502 per
405 4416 555 4502 quatuor
590 4412 738 4501 ierugas.
776 4410 865 4483 Item
896 4413 1044 4484 taberna
1069 4432 1139 4483 uua
1164 4413 1297 4485 habens
1324 4434 1445 4503 agros,
1472 4415 1555 4485 item
1581 4413 1760 4486 hortulani
1784 4433 1862 4507 ιιοιιΙ
1882 4458 1916 4493 -‚-

307 4538 407 4620 sunt3
434 4532 516 4603 item
543 4553 649 4603 unum
675 4530 910 4603 molendinum
936 4533 1068 4605 habens
1095 4554 1207 4623 agros,
1236 4532 1279 4603 de
1306 4534 1465 4605 omnibns
1483 4533 1544 4604 dat
1528 4538 1588 4605 tur
1605 4533 1738 4605 decima
1754 4510 1856 4627 stip>-
1888 4520 1894 4527 ⁵

171 4664 176 4671 ’
304 4653 457 4742 lastriae,
483 4652 567 4723 item
592 4652 772 4740 praedium
799 4673 868 4724 non
895 4657 948 4723 est
974 4651 1150 4743 aliquod
1141 4675 1176 4723 m
1203 4652 1322 4724 eadem
1349 4653 1441 4724 villa

410 4771 560 4861 Bouron,
578 4772 662 4843 villa
679 4771 839 4843 habens
830 4794 866 4843 m
884 4792 921 4844 se
940 4773 1119 4844 ecclesiam
1137 4774 1370 4864 parochialem
1387 4773 1535 4863 ligneam
1554 4772 1681 4844 Sancto
1693 4726 1856 4844 Andreae

307 4891 478 4980 Apostolo
506 4892 664 4980 dicatam,
692 4911 794 4982 quam
821 4891 863 4962 de
882 4891 915 4963 S
933 4891 1099 4965 Mauritio
1119 4913 1162 4964 ex
1177 4892 1476 4965 Zawichostb
1502 4891 1672 4964 Matthas
1691 4892 1734 4963 de
1751 4891 1856 4964 Odo-

306 5009 423 5102 lyno,
449 5016 533 5082 tunc
558 5010 734 5099 plebanus,
753 5011 882 5101 optima
899 5011 1043 5101 ratione,
1061 5018 1230 5103 perpetua
1248 5013 1291 5085 ob
1310 5011 1346 5083 id
1363 5013 1530 5083 memoria
1547 5020 1583 5083 et
1600 5011 1703 5085 laude
1721 5011 1855 5103 dignus,

307 5150 352 5201 ne
378 5131 577 5220 parochiaci
612 5130 667 5201 sui
693 5127 951 5202 transfretando
978 5130 1155 5202 Vislam
1181 5132 1478 5223 periclitarentur,
1505 5137 1545 5204 ut
1570 5133 1729 5222 superius
1755 5153 1873 5223 prae·

306 5251 473 5341 misimus,
499 5251 698 5340 transtulit3
725 5250 822 5320 cuins
849 5251 1047 5340 proprietas
1073 5250 1118 5322 ad
1136 5253 1414 5325 sanctimoniales
1432 5252 1475 5323 de
1493 5251 1527 5323 S.
1544 5251 1687 5324 Andrea
1703 5253 1740 5323 in
1758 5250 1855 5324 Cra·
1969 5346 1975 5357 Ι

306 5371 440 5444 coria
465 5371 627 5462 pertinet,
654 5371 690 5440 in
718 5389 786 5459 qua
812 5376 894 5440 snut
919 5377 997 5442 octo
1022 5371 1115 5442 lanei
1133 5372 1375 5466 cmethouales,
1393 5370 1436 5444 dc
1454 5371 1580 5463 quibus
1599 5372 1702 5443 datur
1720 5371 1854 5444 decima
1981 5371 1985 5379 '
