4050 6054
240 465 313 536 568

235 688 326 761 quae
358 666 604 757 refriguerunt,
631 666 889 757 quomodolibet
922 665 967 737 ad
1001 665 1185 737 amandum
1220 664 1323 736 deum
1358 669 1397 737 et
1429 664 1669 755 quaerendum
1707 685 1800 757 prae

236 790 395 863 omnibus
422 789 585 861 coelestia
611 789 853 859 accendantur.
880 786 1038 859 Officium
1065 788 1282 859 sicariorum.
1307 787 1500 857 Statuimus
1526 793 1563 859 et
1579 785 1799 877 ordinamus,

234 909 327 1001 quod
362 930 480 980 omnes
515 916 552 980 et
587 909 714 1000 singuli
749 908 871 979 ricerii
905 907 1060 979 eiusdem
1093 908 1259 979 ecclesiae
1294 906 1483 979 Sandeoen.
1517 928 1583 998 pro
1616 914 1794 999 tempore,

236 1051 354 1102 omnes
380 1031 486 1101 boras
512 1030 704 1119 canonicas,
730 1028 873 1100 diurnas
898 1028 1032 1119 pariter
1057 1036 1095 1100 et
1120 1034 1325 1117 nocturnas,
1351 1028 1488 1120 aliaque
1514 1029 1631 1100 omnia
1656 1034 1696 1100 et
1722 1030 1797 1099 sin·

234 1152 316 1242 gula
343 1151 462 1223 diuina
488 1149 601 1221 officia
626 1150 723 1221 horis
749 1156 785 1220 et
811 1150 1025 1240 temporibus
1051 1151 1157 1221 certis
1184 1154 1220 1221 et
1245 1150 1422 1240 deputatis
1448 1149 1493 1222 ad
1510 1150 1624 1221 instar
1641 1156 1679 1221 et
1697 1150 1797 1222 simi-

235 1272 417 1343 litudinem
443 1278 584 1343 nostrae
611 1269 852 1342 Gracoviensis
878 1270 1045 1341 ecclesiae
1071 1291 1240 1361 peragere
1267 1275 1303 1341 et
1328 1270 1516 1343 decantare
1541 1269 1731 1361 debebunt,
1758 1268 1814 1342 et¹

234 1393 464 1479 tenebuntur,
490 1393 539 1461 ita
574 1391 755 1479 videlicut,
782 1390 874 1480 quod
901 1390 968 1480 ipsi
994 1391 1116 1461 sicarii
1142 1411 1207 1480 pro
1234 1396 1390 1480 tempore
1417 1391 1577 1462 omnibus
1602 1389 1733 1462 diebus
1758 1396 1797 1462 et

234 1510 334 1583 iestis
369 1511 563 1601 duplicibus
598 1511 787 1581 matutinas
822 1530 964 1599 norem;
999 1509 1178 1600 ferialibus
1212 1530 1296 1581 rero
1331 1511 1439 1582 trium
1474 1510 1663 1583 IectIouum
1689 1511 1796 1583 iuxta

236 1632 411 1703 rubricam
437 1638 474 1702 et
500 1632 782 1703 constitutionem
809 1631 974 1702 ecelesiae
1001 1630 1258 1720 Cracoriensis,
1285 1631 1403 1721 plene,
1428 1632 1582 1721 integre,
1608 1651 1689 1703 cum
1715 1631 1796 1703 lau-

235 1753 337 1823 dibus
362 1759 398 1823 et
425 1750 597 1842 suffragiis
623 1752 659 1823 in
687 1752 764 1841 fine,
787 1752 863 1823 ,lue
880 1751 982 1823 stella
999 1753 1180 1840 matutina,
1198 1753 1388 1841 antiphona
1407 1751 1657 1842 subiungeudo.
1681 1752 1797 1825 Dein·

236 1872 280 1945 de
305 1873 462 1963 primam,
487 1874 638 1961 tertiam,
665 1879 809 1961 sertam,
836 1892 973 1962 nonam,
998 1892 1162 1961 resperas
1180 1879 1216 1942 et
1234 1872 1507 1962 completorium,
1523 1870 1626 1943 Salre
1642 1871 1797 1965 Regina,

238 1993 294 2064 rel
320 1994 455 2084 Regina
481 1994 568 2065 coeli
596 1994 632 2064 iu
659 1993 727 2064 fine
753 2014 831 2064 cum
849 1992 993 2064 collecta
1011 1993 1202 2083 adiciendo,
1218 2013 1387 2063 summam
1402 1993 1543 2064 missam
1560 1993 1605 2064 de
1619 1998 1797 2085 tempore,

235 2134 297 2185 seu
324 2114 367 2185 de
394 2113 451 2185 die
478 2113 712 2204 unusquisque
738 2134 836 2184 suam
853 2112 1105 2184 hebdomadam
1122 2112 1168 2184 ad
1185 2113 1297 2185 altare
1315 2112 1534 2185 celebrando
1557 2110 1687 2185 Clerici
1704 2134 1797 2186 vero

233 2235 423 2325 praedictis
449 2235 609 2306 omnibus
635 2240 669 2304 et
696 2233 842 2323 singulis
868 2233 991 2305 diebus
1017 2233 1208 2323 domiuicIs,
1224 2232 1361 2305 festivis
1386 2240 1424 2306 et
1448 2231 1627 2305 feriahbus
1645 2240 1796 2307 mutum

235 2375 390 2427 summae
414 2356 542 2427 mIssae
567 2361 820 2444 prosequenter
844 2360 878 2425 et
899 2360 1150 2445 cousequenter
1168 2354 1381 2425 manuariam
1397 2352 1487 2427 allas
1502 2336 1677 2426 maturam
1694 2356 1798 2428 siun—

234 2475 316 2546 liter
350 2474 632 2547 hebdomadatim
658 2475 781 2546 diebus
807 2474 998 2562 dominicis
1023 2472 1167 2563 testinis,
1194 2474 1408 2564 simplicibus
1433 2480 1472 2547 et
1494 2473 1696 2567 ferialibus,
1721 2478 1797 2549 uisi

235 2596 352 2685 aliqua
378 2595 514 2667 occasio
541 2596 760 2666 necessitatis
787 2595 982 2686 impediret,
1007 2617 1098 2665 unus
1123 2593 1169 2665 ad
1195 2594 1315 2683 altare,
1333 2601 1369 2666 et
1387 2595 1448 2666 alii
1464 2600 1604 2667 caum
1620 2595 1660 2667 iu
1676 2596 1795 2671 cnoro

235 2716 476 2806 prosequendo
501 2716 546 2787 de
571 2716 683 2787 Beata
709 2716 855 2806 l'irgine
880 2715 1005 2786 Maria.
1040 2716 1129 2785 Item
1155 2737 1258 2786 unam
1285 2715 1390 2786 aliam
1415 2716 1556 2787 missam
1578 2715 1709 2789 lectam
1746 2718 1797 2790 ad

235 2835 372 2907 libitum
406 2836 587 2927 legendam
624 2838 781 2908 omuibus
816 2838 939 2908 diebus
965 2838 1172 2926 praesertim
1198 2834 1377 2907 ferialibus
1403 2842 1548 2928 propter
1571 2836 1796 2929 laborantes,

236 2956 329 3027 iuter
354 2977 393 3027 se
419 2956 541 3029 ordine
571 2965 729 3046 serrato,
755 2959 791 3027 in
818 2964 898 3028 ortu
925 2956 1027 3045 soIIs,
1053 2956 1149 3027 iuxta
1174 2963 1371 3047 temporum
1393 2958 1604 3048 exigentiam
1636 2964 1675 3031 ct
1702 2981 1796 3051 qua-

235 3075 371 3147 litatem
395 3077 587 3167 perficiant,
612 3086 648 3149 et
674 3077 849 3168 expleant.
873 3077 1034 3149 Rectoris
1060 3078 1198 3149 scholae
1225 3077 1384 3150 officium.
1422 3079 1512 3150 Item
1547 3078 1641 3170 quod
1666 3088 1794 3153 rector

235 3195 430 3266 scholarum
456 3217 521 3286 pro
547 3205 703 3287 tempore
730 3217 808 3267 cum
833 3197 906 3267 suis
932 3195 1147 3267 scholaribus
1165 3198 1324 3268 omnibus
1341 3197 1463 3268 diebus
1480 3196 1672 3288 dominicis,
1688 3196 1795 3272 festi·

235 3315 290 3387 ris
323 3324 359 3386 et
386 3316 581 3389 celebribus
606 3318 796 3389 matutinus
821 3338 945 3389 uorem
972 3316 1158 3388 lectionum
1184 3318 1321 3408 integre
1343 3338 1421 3389 cum
1438 3317 1610 3408 laudibus,
1626 3320 1794 3411 primm,

234 3457 399 3526 resperas
434 3439 566 3528 primas
590 3448 626 3510 et
653 3439 822 3510 secundas
847 3459 924 3509 cum
951 3438 1177 3528 cuuapletorio
1202 3450 1239 3509 et
1265 3438 1368 3510 Salve
1385 3439 1539 3529 Regina3
1563 3440 1649 3511 item
1673 3443 1793 3513 omui·

234 3558 299 3629 bus
324 3558 447 3630 diebus
473 3559 654 3631 dominicis
678 3559 814 3630 festivis
839 3565 874 3630 et
901 3558 1081 3631 ferialibus
1107 3580 1275 3629 summam
1300 3560 1462 3647 missam
1486 3561 1571 3631 item
1587 3580 1652 3651 per
1668 3566 1790 3635 totum

233 3684 369 3767 tempus
395 3679 678 3769 quadragesimae
704 3699 868 3768 resperas
895 3687 929 3750 et
957 3679 1218 3769 completorium
1243 3687 1279 3750 et
1295 3678 1399 3750 Salve
1416 3679 1560 3770 Regiua,
1576 3682 1792 3754 matutinas-

233 3818 300 3887 que
325 3798 449 3871 dlebm
474 3798 653 3871 iemalibus
679 3801 793 3871 tribus
817 3807 900 3872 aute
926 3800 1064 3890 pascha,
1082 3821 1170 3889 quae
1188 3801 1393 3871 tenebrosas
1408 3800 1566 3893 plerique
1582 3802 1788 3893 appellant3

234 3918 320 3988 item
346 3920 485 4009 uigilias
511 3940 635 3992 uorem
660 3921 846 3991 lectionum
872 3921 966 3991 circa
991 3926 1205 3993 mortuorum
1232 3922 1407 4012 exequias,
1431 3920 1690 3994 fraternitatum
1722 3934 1790 3997 aut

232 4038 330 4113 alias
356 4041 388 4110 si
413 4043 602 4112 necessitas
619 4041 675 4111 rel
701 4040 836 4111 occasio
861 4041 1030 4115 attulerit.
1055 4040 1241 4112 decantare
1266 4050 1302 4113 et
1329 4043 1470 4132 explere
1495 4044 1571 4114 siue
1596 4044 1691 4117 omni
1718 4044 1791 4119 ‹Iit-

235 4158 391 4231 ticultate
417 4160 463 4231 sit
490 4162 655 4232 astrictus
680 4162 896 4251 temporibus
921 4162 1153 4251 sempiternis,
1179 4164 1365 4233 statuimus
1382 4171 1418 4234 et
1437 4164 1646 4235 ordinamus
1672 4162 1789 4239 Velu-

233 4300 310 4349 mus
343 4289 481 4355 autem.
505 4290 544 4352 ut·
581 4281 703 4352 sicarii
733 4283 898 4353 ecelesiae
924 4303 989 4372 pro
1015 4291 1172 4373 tempore
1207 4284 1366 4354 omnibus
1391 4283 1515 4357 dlebus
1539 4284 1724 4379 dominicis
1749 4294 1789 4359 et

232 4399 367 4471 asticis
403 4402 439 4471 iu
473 4403 579 4473 missa
604 4403 737 4492 prima,
762 4404 918 4493 vesperis
944 4404 1067 4493 primis
1101 4416 1138 4474 et
1173 4405 1351 4493 secundis,
1377 4405 1475 4475 iuxta
1498 4404 1656 4477 ordiuem
1680 4427 1789 4481 aun

232 4530 407 4592 mauram
432 4520 580 4595 laelaut.
605 4529 640 4593 et
668 4522 781 4593 ‹nffieia
807 4524 1066 4613 praedictorum
1100 4526 1339 4595 ministrorum
1375 4526 1474 4596 iusta
1498 4526 1786 4601 mummium

231 4648 374 4713 nostrae
398 4642 563 4714 ecclesiae
589 4641 830 4715 &auriensis
864 4644 1047 4716 iueboeaut
1075 4657 1109 4716 et
1137 4647 1306 4733 iutoueut,
1332 4658 1438 4736 atque
1455 4647 1624 4737 magatro
1641 4648 1787 4722 imolae

230 4762 276 4835 de
302 4763 486 4852 vigilarem
511 4765 672 4854 portione
696 4772 733 4835 et
759 4765 1008 4836 cousuetudine
1033 4767 1255 4856 contingente
1280 4766 1523 4856 respondeant.
1547 4767 1637 4839 Item
1653 4772 1787 4843 miul-

230 4904 308 4955 mus
342 4892 377 4954 et
413 4883 630 4957 ordinamus.
659 4884 751 4975 quod
777 4885 900 4956 diebus
925 4886 1125 4973 dominicis,
1150 4886 1273 4957 diebus
1298 4885 1499 4959 solennibus
1524 4896 1559 4959 et
1583 4887 1722 4961 festivis
1747 4898 1787 4963 et

230 5005 467 5095 rogationum.
491 5016 527 5075 et
555 5007 692 5095 quoties
717 5008 955 5095 puncessioues
973 5006 1017 5076 de
1035 5008 1111 5077 iure
1127 5019 1163 5078 et
1182 5007 1431 5079 cousuetudine
1446 5020 1609 5099 aguntur,
1624 5010 1701 5081 sire
1717 5032 1787 5103 per

228 5146 294 5197 uos
318 5134 355 5197 et
381 5138 521 5197 aestus
545 5146 763 5197 successores
779 5136 899 5199 esseut
914 5126 1074 5198 indictae.
1101 5128 1190 5199 Item
1213 5130 1308 5199 cirea
1333 5130 1612 5215 turitioetiouem,
1628 5132 1782 5205 mine

229 5248 267 5317 iu
292 5246 415 5317 diebus
431 5246 642 5319 solennibus
657 5256 846 5319 teneantur
860 5268 980 5319 omues
997 5249 1118 5319 sicarii
1135 5250 1365 5339 perennaliter
1381 5250 1514 5339 adesse,
1538 5262 1573 5321 et
1591 5252 1628 5323 ἰιι
1644 5272 1783 5327 mma

229 5367 337 5439 n'm
361 5367 529 5457 praelata
553 5368 721 5439 nuouico
746 5389 808 5439 seu
834 5368 965 5439 sicario
990 5369 1191 5443 celebranti
1214 5370 1285 5441 duo
1310 5371 1356 5443 ad
1382 5373 1497 5443 miuus
1521 5372 1557 5443 iu
1582 5371 1783 5447 dalmaticis
