4050 6054
1413 374 1721 471 Malo.

189 617 343 691 Hormus
360 582 471 688 'extra
496 635 614 688 muros
640 611 937 687 Sandomirienses
963 610 1001 683 in
1026 607 1137 682 veteri
1161 606 1303 680 civitate
1321 604 1435 679 eundo
1453 604 1499 678 ad
1514 624 1634 678 mona·

86 739 232 813 sterium
259 737 292 809 S.
318 738 440 809 Jacobi
476 737 513 808 in
538 742 639 828 parte
666 735 791 808 dextra
817 735 929 822 situs,
955 731 1088 803 babens
1115 749 1230 802 aream
1256 748 1362 818 penes
1390 747 1427 799 se
1455 730 1491 798 et
1517 725 1635 797 aedifi-

87 861 266 950 rationem,
294 879 371 930 cum
398 860 490 930 omni
517 858 729 949 proprietate
757 860 793 926 et
819 853 971 925 dominio
996 851 1151 941 pertinet
1177 849 1221 921 ad
1247 849 1411 920 vicariam
1436 846 1636 938 praefatam,

88 986 124 1053 et
151 980 339 1052 arendatus
367 978 472 1051 solvit
498 999 562 1068 pro
590 998 703 1048 annuo
730 996 834 1047 censu
860 974 1010 1046 vicariae
1037 993 1140 1044 unam
1166 991 1327 1058 marcam,
1353 965 1490 1040 libera
1514 989 1637 1059 grosso

87 1100 123 1174 S.
149 1099 305 1189 Martini,
332 1105 368 1171 et
394 1121 415 1171 a
441 1098 596 1203 qualibet
623 1097 802 1168 exactione
830 1102 866 1166 et
891 1094 1011 1166 labore
1037 1098 1109 1163 tam
1135 1091 1263 1181 regali,
1292 1110 1393 1181 quam
1420 1089 1521 1161 civili.
1547 1081 1635 1164 Item

88 1220 247 1293 custodia
274 1219 563 1292 Sandomiriensis
590 1218 696 1290 babet
722 1236 838 1288 aream
865 1223 901 1287 et
927 1216 1065 1287 domum
1092 1214 1127 1284 in
1146 1212 1344 1284 cimenterio
1363 1210 1528 1282 ecclesiae
1545 1210 1638 1321 inter

87 1341 270 1414 canonicos
297 1339 449 1430 acialem,
476 1339 588 1411 eundo
616 1360 658 1409 ex
686 1337 812 1430 oppido
839 1337 875 1408 in
902 1337 976 1408 acie
1003 1335 1114 1424 sitam,
1141 1333 1257 1406 domui
1282 1331 1510 1405 vicecustodis
1529 1330 1638 1404 conti·

87 1482 202 1555 guam,
228 1461 265 1534 in
291 1468 392 1551 parte
419 1459 691 1551 septentrionali.

99 1576 103 1587 '
190 1581 280 1655 Item
316 1581 474 1653 custodia
510 1579 667 1671 praefata
704 1578 993 1664 Sandomiriensis
1028 1576 1127 1649 iuxta
1162 1575 1277 1647 omnia
1303 1579 1461 1673 regestra
1487 1591 1577 1647 nova
1602 1577 1639 1650 et

89 1706 212 1776 vetera
237 1706 360 1775 taxata
387 1707 441 1775 est
468 1699 512 1772 ad
537 1701 661 1805 viginti
687 1719 829 1781 marcas,

600 1974 844 2058 Praebenda
877 1966 1139 2053 Tburebska.

195 2197 404 2273 Pnaebenda
439 2197 728 2271 Sandomiriensis
765 2199 964 2288 Turebska,
992 2218 1034 2268 ex
1061 2197 1286 2288 proventibus
1313 2200 1349 2268 et
1376 2194 1517 2268 decimis
1543 2212 1643 2286 prae·

52 2314 65 2387 ’.
91 2318 226 2393 bendae
254 2318 541 2391 Sandomiriensis
569 2317 601 2389 S.
628 2319 782 2409 Joannis,
810 2318 907 2390 cuius
925 2318 1037 2392 adhuc
1056 2319 1090 2389 in
1117 2316 1322 2407 Antiqua
1349 2314 1640 2388 Sandomiria

90 2439 242 2533 ligneum
278 2446 374 2512 extat
410 2441 618 2531 oratorium,
645 2441 728 2511 item
763 2461 804 2511 ex
842 2440 983 2511 decimis
1010 2439 1175 2512 ecclesiae
1201 2437 1410 2529 parochialis
1436 2437 1473 2507 in
1499 2421 1641 2526 Oppo-

36 2600 40 2605 ·
91 2580 199 2634 czno
234 2559 378 2631 fundata
413 2568 448 2631 et
484 2560 604 2632 dotata
636 2564 706 2650 est,
734 2581 822 2651 quae
857 2560 1024 2651 primaria
1051 2566 1087 2631 et
1113 2565 1277 2631 ventrosa
1303 2560 1397 2631 inter
1422 2553 1641 2648 praebendas

93 2678 388 2755 Sandomirienses
415 2687 557 2771 propter
584 2683 797 2772 theloneum,
825 2682 917 2772 quod
944 2681 994 2752 illi
1022 2702 1064 2752 ex
1091 2681 1175 2751 villa
1202 2680 1321 2752 Turb
1334 2699 1396 2771 ya,
1423 2677 1504 2750 dum
1531 2680 1644 2749 strata

33 2865 36 2869 ,
92 2800 231 2893 publiea
248 2823 290 2873 ex
310 2801 479 2873 Russia
505 2821 568 2892 per
587 2799 850 2874 Sandomiri
861 2821 925 2873 am
952 2802 1060 2893 fieret,
1077 2800 1312 2893 proveniebat,
1330 2797 1536 2890 habebatur,
1554 2818 1644 2893 quaa

93 2942 186 2995 nunc
211 2923 377 3013 neglecta,
404 2928 440 2993 et
466 2944 530 3013 per
556 2923 822 3016 Ropczycze
849 2944 1015 2995 conversa
1041 2930 1106 3014 est,
1124 2943 1227 3014 quam
1244 2942 1336 2994 nunc
1352 2928 1449 2995 tenet
1466 2920 1643 2995 Jobannas

92 3040 450 3135 Sczyekoczsky,
478 3043 603 3115 nobilis
631 3044 673 3115 de
701 3044 802 3116 domo
826 3051 863 3116 et
888 3042 1644 3133 familiaOdrovanscb,habensvillam

90 3160 308 3256 Thurbya
334 3163 531 3255 profundo,
558 3185 580 3235 a
608 3185 675 3255 qua
702 3165 883 3237 Turebska
910 3165 1224 3237 denominationem
1251 3164 1403 3257 accepit,
1430 3169 1464 3237 et
1493 3162 1644 3237 decimas

87 3283 320 3375 manipulares
345 3283 489 3355 inferius
516 3284 718 3374 singillatim
747 3283 1006 3356 describendas.

195 3403 386 3495 Tmraarn,
413 3404 497 3476 villa
524 3405 587 3476 sub
615 3405 781 3495 parochia
806 3404 1041 3514 ecclesiaede
1068 3404 1395 3478 Charaeviczc
1423 3405 1501 3496 sita,
1518 3403 1644 3480 fundus

86 3524 205 3598 unitus
240 3525 458 3616 praebendae
494 3524 780 3598 Sandomiriensis
817 3525 1015 3616 Turebska,
1041 3527 1078 3597 in
1115 3546 1183 3617 qua
1219 3531 1273 3599 cst
1308 3526 1405 3598 curia
1430 3527 1519 3600 bene
1546 3526 1641 3600 aedi·

90 3646 195 3719 licata
229 3647 453 3737 canonicalis,
480 3647 612 3718 babens
639 3645 820 3736 praedium
846 3646 973 3717 bonum
1003 3667 1080 3718 cum
1106 3647 1237 3738 pratis,
1264 3648 1301 3717 in
1328 3653 1478 3738 quatuor
1505 3666 1645 3741 campos

90 3766 258 3858 divisum,
285 3767 328 3838 de
364 3789 431 3858 quo
466 3768 714 3859 manipularem
751 3767 918 3839 decimam
954 3768 1104 3860 percipit
1138 3767 1270 3840 vicaria
1295 3771 1465 3859 perpetua
1491 3769 1645 3842 eiusdem

91 3887 310 3979 praebendae
353 3887 533 3959 Turebska
573 3886 878 3979 Sandomiriensis,
915 3894 951 3960 et
985 3889 1084 3960 valor
1123 3889 1197 3961 eius
1234 3890 1438 3961 aestimatur
1471 3889 1517 3963 ad
1558 3890 1645 3963 duas

89 4028 237 4081 marcas.
276 4008 365 4080 Item
403 4008 439 4079 in
475 4008 594 4080 eadem
621 4008 704 4079 villa
730 4014 811 4080 sunt
837 4014 910 4081 tres
936 4009 1113 4101 tabernae,
1140 4010 1311 4082 babentes
1338 4031 1441 4102 agros
1469 4017 1505 4086 et
1531 4018 1645 4104 prata,

91 4150 239 4222 quarum
266 4130 441 4220 quaelibet
467 4151 530 4220 pro
558 4151 672 4201 annuo
700 4151 805 4201 censu
832 4131 937 4202 solvit
963 4137 1037 4203 tres
1064 4152 1207 4223 marcas,
1234 4133 1318 4205 item
1345 4136 1427 4205 snnt
1443 4133 1541 4207 lanei
1558 4154 1648 4206 cme·

90 4250 269 4342 thonales,
297 4251 380 4322 item
417 4256 498 4322 sunt
533 4251 569 4322 in
605 4251 723 4322 eadem
760 4251 843 4323 villa
880 4258 1029 4342 quatuor
1063 4254 1301 4343 hortulaniac,
1328 4253 1389 4326 sed
1416 4276 1485 4327 non
1512 4255 1648 4329 habent
1788 4354 1791 4360 ‚

90 4392 204 4463 agros,
231 4378 268 4445 et
294 4393 434 4445 censum
460 4393 529 4443 non
557 4372 712 4463 solvunt,
740 4373 850 4445 solum
877 4394 996 4447 earum
1022 4374 1201 4447 hortulani
1226 4375 1389 4448 laborant
1417 4396 1524 4448 unum
1552 4376 1645 4450 diem

59 4490 271 4583 pedestres
297 4493 334 4563 in
362 4492 563 4582 septimana.
590 4493 680 4564 Item
706 4498 785 4584 post
811 4514 929 4566 omnes
956 4516 1059 4585 agros
1085 4492 1348 4568 tabernatornm
1375 4501 1411 4568 et
1437 4496 1541 4571 villae
1568 4518 1647 4590 per·

92 4614 177 4705 cipit
204 4614 371 4686 decimam
397 4614 648 4705 manipularem
680 4616 825 4687 ecclesia
851 4618 1060 4708 parochialis
1087 4618 1124 4690 in
1150 4616 1350 4711 Byelini.
1385 4617 1472 4690 Item
1499 4619 1536 4689 in
1563 4618 1647 4691 villa

91 4733 248 4826 praefata
284 4734 502 4826 Thnrbya
538 4740 592 4845 est
626 4736 826 4809 theloneum
862 4739 906 4810 ab
944 4739 1095 4830 antiquis
1122 4739 1337 4831 temporibus
1363 4739 1582 4830 institutum,
1609 4741 1646 4812 in

93 4877 161 4948 quo
189 4856 233 4927 ab
261 4863 324 4927 ove
352 4855 534 4929 solvuntur
569 4860 733 4931 canonico
761 4865 913 4949 quatuor
940 4858 1093 4951 denarii,
1118 4861 1203 4932 item
1230 4856 1275 4933 ab
1302 4881 1390 4951 equo
1417 4867 1454 4934 et
1472 4860 1523 4937 ab
1550 4881 1648 4952 equa,

93 4976 136 5049 de
172 4977 327 5068 quolibet
361 4976 496 5049 medius
531 5000 692 5071 grossus,
720 4986 756 5052 et
789 4980 990 5085 buiusmodi
1024 4981 1225 5056 theloneum
1259 4982 1394 5076 integre
1420 4981 1575 5078 pertinet
1600 4982 1647 5058 ad

93 5096 327 5189 praebendam
353 5097 543 5174 Turebska.
936 5101 940 5108 “
