4050 6054
231 442 305 511 526

228 648 384 719 mannici
410 646 623 717 aedificanda
650 666 757 735 penes
783 646 913 715 curiam
942 644 1200 735 Ppwkonis,
1226 644 1286 732 qui
1304 656 1450 712 vocatur
1466 642 1799 712 Poschwiath-

230 792 303 859 n53
329 769 413 837 item
440 767 626 837 residuitas
653 766 853 856 praedictae
870 766 974 836 ullae
990 762 1209 835 Glnchow
1235 764 1385 852 pertinet
1403 762 1449 832 ad
1467 762 1650 833 Nicolaum
1669 762 1798 853 Pyrr-

230 891 293 975 ho,
319 889 470 959 nobilem
496 889 540 957 de
566 890 672 958 armis
699 887 942 975 Habdanlr.
969 889 1004 956 in
1031 908 1100 975 qua
1128 898 1208 955 sunt
1235 886 1388 975 quinque
1415 885 1506 953 lanei
1533 884 1798 955 cmethonalea

230 1010 402 1079 solventes
437 1010 658 1078 universitati
684 1010 926 1079 canonicorum
953 1007 1288 1077 Scarbimiriensium
1314 1005 1484 1074 decimam
1508 1005 1798 1095 manipularem

229 1132 313 1200 item
340 1130 466 1200 ibidem
495 1132 632 1200 unicum
659 1130 838 1219 praedium
865 1130 1027 1217 militare,
1053 1128 1097 1197 de
1124 1149 1193 1217 quo
1220 1127 1369 1197 solvitur
1394 1126 1527 1195 decima
1554 1126 1799 1217 manipularis

229 1253 394 1322 ecclesiae
421 1254 457 1321 in
485 1251 837 1340 Nyekraschow.

341 1373 429 1442 ltem
465 1372 621 1462 praelata
657 1386 782 1462 quarta
818 1372 1016 1461 praebenda
1049 1371 1344 1440 Scarbimiriensis
1374 1371 1479 1439 habet
1507 1369 1655 1459 singulis
1684 1371 1799 1439 annis

229 1515 342 1581 unam
370 1493 424 1564 rel
450 1494 537 1564 duas
563 1515 606 1564 ex
632 1495 775 1564 decimis
802 1494 1075 1582 manipularibus
1091 1493 1258 1562 ecclesiae
1275 1492 1580 1579 Scarbimiriensis„
1597 1512 1641 1562 eu
1660 1491 1800 1563 ordine

229 1636 305 1686 eam
332 1616 599 1704 contingentem
626 1636 715 1705 quae
742 1630 814 1684 tam
841 1616 907 1685 sibi
935 1636 1037 1704 quam
1064 1614 1143 1682 aliis
1170 1615 1205 1682 in
1223 1614 1446 1702 perceptione
1464 1622 1544 1683 sunt
1562 1632 1801 1701 commuues3

230 1738 314 1805 item
350 1750 475 1825 quarta
512 1736 709 1825 praebenda
744 1736 849 1806 babet
875 1756 1011 1821 aream
1038 1736 1073 1804 in
1100 1755 1169 1824 qua
1195 1746 1311 1823 potest
1337 1734 1460 1804 domus
1486 1754 1550 1822 per
1575 1735 1801 1805 canonicum

230 1856 406 1926 aedificari
431 1868 466 1925 et
493 1857 683 1945 pomerium
711 1857 863 1945 plantari
889 1878 954 1945 pro
980 1856 1137 1925 canonici
1165 1856 1382 1925 habitatione
1408 1871 1443 1924 et
1471 1876 1547 1925 usu.

333 1977 421 2046 Item
447 1977 606 2067 praelata
631 1977 830 2067 praebenda
856 1990 976 2048 taxata
1001 1990 1054 2047 est
1083 1977 1128 2047 ad
1155 2032 1164 2045 .
1190 2032 1198 2046 .
1225 2032 1233 2045 .

496 2243 662 2323 lllearla
694 2246 873 2345 quartae
906 2241 1177 2347 praebendae
1210 2240 1511 2322 Glucltowalta.

333 2467 465 2556 Quarta
502 2464 700 2555 praebenda
730 2463 1027 2535 Scarbimiriensis
1053 2466 1158 2535 habet
1186 2464 1384 2553 habereque
1410 2464 1588 2534 tumuerit
1616 2465 1800 2537 vicariam

231 2596 433 2679 perpetuam
469 2590 504 2657 in
531 2587 676 2656 ecclesia
702 2586 997 2663 Scarbimiriensi.
1023 2588 1121 2656 cuitus
1148 2586 1270 2655 unicus
1297 2585 1444 2655 collator
1469 2600 1504 2655 et
1532 2600 1709 2674 patronus
1737 2594 1802 2659 est

229 2711 413 2780 canonicus
449 2722 595 2798 quartae
630 2707 849 2797 praebendae
883 2729 948 2796 pro
982 2721 1157 2797 tempore.
1184 2728 1288 2796 quam
1324 2728 1415 2776 uunc
1441 2707 1576 2777 obtinet
1600 2704 1800 2780 Johanncs

229 2830 432 2920 Zabaglo
458 2830 652 2919 presbiter.
679 2848 769 2917 quae
795 2828 933 2917 quidem
959 2828 1089 2897 vicaria
1115 2849 1180 2917 pro
1207 2850 1270 2898 suo
1287 2828 1394 2897 fundo
1411 2844 1448 2897 et
1466 2827 1548 2897 dote
1565 2827 1674 2899 habet
1694 2828 1803 2901 deci-

230 2970 321 3020 mam
355 2950 604 3039 manipularem
639 2960 718 3039 post
754 2949 843 3019 duos
877 2949 996 3019 laneos
1031 2949 1285 3035 cmethonales.
1312 2951 1386 3019 sire
1412 2948 1607 3038 praediales
1633 2949 1672 3018 in
1702 2948 1796 3021 villa

231 3069 460 3159 Gluchow,
486 3072 531 3141 ad
557 3072 758 3141 canonicum
785 3082 931 3160 quartae
956 3071 1176 3160 praebendae
1203 3071 1429 3159 pertinentes.
1455 3090 1558 3159 quam
1582 3068 1800 3143 cmethones

230 3202 395 3263 tenentur
420 3192 548 3262 ducere
572 3192 725 3283 propriis
750 3193 912 3262 curribus
937 3192 983 3261 ad
1009 3193 1171 3262 horreum
1194 3192 1326 3277 ricarli,
1344 3192 1442 3262 cuius
1459 3190 1559 3260 valor
1575 3190 1800 3264 aestimatur

232 3314 278 3383 ad
304 3313 392 3383 duas
419 3333 562 3383 marcas
590 3313 678 3384 ltem
704 3313 808 3383 habet
835 3312 1029 3402 portionem
1055 3313 1235 3403 aequalem
1262 3334 1339 3383 cum
1364 3313 1506 3382 vicariis
1532 3311 1648 3381 dictae
1672 3314 1798 3384 eucle-

232 3436 305 3505 siae
331 3435 376 3505 de
402 3436 573 3505 uniuersis
599 3435 836 3524 proventibus,
863 3433 1022 3504 videlicet
1059 3435 1221 3521 decimis.
1247 3434 1517 3517 columbatione‚
1543 3432 1728 3504 ollettorio
1755 3446 1796 3507 et

231 3557 380 3627 caeteris
406 3558 617 3646 quaestibus.

332 3678 422 3749 ltem
448 3679 553 3749 habet
581 3678 721 3750 domum
746 3676 924 3768 propriam
949 3698 1014 3768 pro
1041 3699 1104 3748 sua
1130 3678 1358 3749 habitatione.

594 3941 747 4044 Quinta
780 3942 1023 4046 praebenda
1055 3942 1430 4023 Scarblmlrlenala

334 4163 462 4251 Qttinta
486 4175 522 4235 et
550 4165 670 4235 ultima
697 4165 897 4254 praebenda
923 4167 1219 4237 Scarbimirieusis
1245 4188 1314 4236 non
1340 4165 1447 4235 habet
1465 4165 1790 4239 denominationem

230 4287 275 4356 ab
310 4286 427 4375 aliquo
462 4285 557 4371 loco.
584 4287 645 4357 sed
680 4308 756 4356 eam
792 4286 982 4356 mseribere
1016 4300 1155 4377 oportet
1189 4308 1401 4373 enumero:
1427 4307 1503 4357 eam
1530 4306 1622 4356 nunc
1647 4287 1793 4360 obtinet

229 4406 359 4478 Paulus
385 4406 429 4476 de
456 4405 705 4495 Palczouq
731 4428 820 4496 quae
845 4430 910 4497 pro
937 4409 991 4478 sni
1018 4408 1124 4479 tundo
1151 4409 1255 4478 habet
1281 4429 1386 4498 agrm
1412 4407 1606 4497 praediales
1631 4406 1679 4478 ad
1694 4408 1791 4481 duos

230 4529 349 4599 laneos
375 4529 576 4599 aestimatos
603 4540 639 4598 et
666 4529 907 4600 cmethonibus
933 4529 1077 4617 locatos,
1104 4540 1139 4600 et
1167 4530 1312 4619 quilibet
1340 4530 1385 4600 de
1410 4529 1512 4599 laneo
1538 4548 1603 4619 pro
1621 4548 1732 4601 censu
1749 4532 1790 4603 in

230 4649 320 4720 testo
354 4648 388 4718 S.
418 4647 567 4719 Martini
601 4649 705 4720 soluit
741 4652 907 4722 canonico
942 4651 1142 4740 praedictae
1168 4651 1389 4740 praebendae
1415 4650 1504 4720 duas
1529 4670 1685 4737 marcas3
1710 4672 1787 4723 non

230 4770 392 4841 laborant
417 4782 534 4841 autem
559 4770 731 4860 praedicti
757 4772 956 4843 cmethones
982 4794 1026 4842 ex
1046 4772 1172 4843 'debito
1189 4771 1325 4861 aliquos
1342 4771 1428 4859 dies,
1446 4790 1558 4861 neque
1575 4770 1660 4842 daut
1677 4790 1789 4863 capo-

230 4912 303 4980 nes¹
328 4912 441 4981 neque
467 4912 544 4979 ora
570 4912 683 4982 neque
708 4913 864 4981 arenam,
890 4914 1003 4985 neque
1029 4914 1159 4964 caseos.
1185 4893 1272 4964 ltem
1299 4892 1448 4982 praefati
1474 4893 1543 4962 duo
1569 4892 1663 4962 lanei
1688 4912 1788 4967 me-

232 5012 408 5101 thonales,
435 5014 510 5085 sire
535 5014 730 5104 praediales
755 5014 800 5084 ad
827 5016 1076 5105 proprietatem
1095 5015 1237 5105 quintae
1254 5015 1473 5106 praebendae
1489 5012 1797 5089 &arpinum

231 5134 464 5224 pertinentem
490 5136 630 5207 solvunt
655 5136 824 5207 decimam
850 5136 1098 5227 manipularem
1125 5137 1257 5208 vicario
1282 5137 1474 5208 canonicali
1499 5135 1615 5206 dictae
1640 5135 1793 5226 quintae

229 5255 457 5345 praebendae,
482 5268 521 5329 et
545 5268 710 5329 tenentur
730 5278 808 5331 eam
833 5257 962 5333 ducere
988 5259 1139 5349 propriis
1165 5259 1325 5331 curribus
1350 5257 1397 5331 ad
1421 5258 1587 5333 horreum
1611 5258 1790 5335 ariano

231 5371 423 5447 beandum
