4080 6068
253 531 391 603 ,ao

333 739 369 808 in
395 739 516 810 eadem
543 738 627 810 villa
653 738 806 828 taberna,
834 737 965 809 habens
984 758 1096 829 agros
1123 739 1362 848 speciales'de
1381 741 1505 833 quibus
1524 741 1776 833 manipularem
1795 742 1887 814 deci-

331 880 422 930 mam
449 861 597 951 percipit
623 858 821 950 praebenda
849 858 1088 931 Gracoviensis
1112 858 1364 952 *Gosczyczslra
1392 862 1479 934 Item
1499 869 1582 934 sunt
1599 864 1688 934 certi
1705 863 1782 956 agri
1799 864 1887 936 alias

324 978 577 1076 prayratynrly,
605 982 647 1052 de
675 972 799 1071 qulbus¹
837 980 1004 1068 decimam
1032 982 1179 1073 percipit
1205 983 1403 1072 praebenda
1430 983 1669 1057 Oracoviensis
1696 968 1886 1056 dinta‘Go-

330 1102 481 1172 nowslra.
508 1102 595 1172 Item
614 1109 668 1172 est
696 1103 801 1172 etiam
829 1103 864 1171 in
892 1103 1012 1173 eadem
1039 1103 1122 1174 villa
1147 1104 1245 1174 curin
1271 1104 1490 1194 coenobialis,
1509 1105 1641 1178 habens
1660 1124 1763 1195 agros
1781 1126 1884 1195 prae

331 1221 459 1312 diales,
496 1223 579 1294 item
615 1229 687 1294 tres
722 1222 941 1294 hortulaniae
978 1223 1146 1295 babentes
1183 1245 1286 1315 agros
1322 1225 1509 1316 speciales,
1539 1230 1577 1297 et
1611 1224 1685 1297 tam
1721 1226 1764 1298 de
1791 1226 1885 1317 agris

253 1429 257 1439 s
329 1343 564 1433 praedIalibus
583 1364 684 1434 quam
703 1343 989 1433 hortulaniarum,
1008 1345 1156 1434 percipit
1174 1344 1342 1416 decimam
1360 1344 1612 1439 manipularem
1629 1351 1764 1437 partem
1783 1366 1884 1437 prae·

333 1484 412 1535 sens
448 1463 647 1554 praebenda
673 1462 913 1535 Cracoviensis
940 1463 1219 1554 Lanthkowska,
1246 1470 1381 1554 partem
1408 1471 1523 1538 autem
1551 1466 1762 1539 coenobium.
1797 1466 1884 1539 Item

331 1584 367 1655 in
395 1585 515 1656 eadem
542 1584 625 1657 villa
651 1584 968 1676 Glymanthow
995 1591 1077 1657 sunt
1103 1586 1191 1657 certi
1208 1588 1284 1677 agri
1301 1592 1339 1658 et
1356 1588 1469 1678 campi
1487 1587 1731 1677 cmethonales,
1749 1588 1792 1660 de
1810 1587 1885 1678 qui-

330 1707 395 1778 bus
422 1706 670 1797 manipularem
698 1707 865 1777 decimam
883 1705 1031 1797 percipit
1048 1708 1266 1798 episcopatus
1285 1707 1534 1780 Oraeoviensis.
1561 1709 1649 1781 Item
1666 1709 1766 1780 iuxta
1784 1730 1884 1800 prae-

330 1827 437 1898 fatam
465 1828 580 1899 villam
608 1826 925 1917 Clymanthow
951 1833 1006 1898 est
1033 1826 1102 1898 alia
1127 1826 1212 1899 villa
1237 1813 1438 1919 Ostro'w,
1465 1830 1571 1901 etiam
1598 1829 1641 1901 de
1668 1831 1883 1921 proprietate

330 1950 532 2020 monasterii
559 1949 601 2021 de
629 1948 969 2041 Stanyanthlry,
988 1954 1024 2020 et
1042 1947 1106 2021 sub
1124 1949 1292 2039 parocbia
1310 1950 1475 2022 ecclesiae
1493 1950 1536 2021 de
1555 1942 1883 2042 Pressowicz‘e,

330 2070 366 2141 in
394 2092 469 2161 qua,
496 2072 564 2142 etsi
591 2072 810 2161 episcopatus
838 2068 1081 2155 Gracoviensis
1091 2070 1243 2161 percipit
1260 2070 1428 2149 decimam
1445 2072 1694 2161 manipularem
1713 2078 1793 2162 post
1811 2092 1884 2144 om·

331 2213 392 2263 nes
418 2191 491 2264 fore
518 2192 657 2282 incolas,
685 2193 791 2262 babet
817 2196 934 2261 tamen
961 2191 1141 2280 praedicta
1158 2190 1242 2262 villa
1259 2190 1440 2264 Ostrow
1468 2199 1581 2264 certas
1599 2199 1729 2283 partes,
1746 2194 1782 2265 in
1802 2212 1883 2287 sup-

330 2314 539 2403 plementum
567 2313 677 2384 solum
703 2313 883 2383 laneorum
911 2312 977 2383 sibi
1004 2313 1202 2402 attributas,
1226 2322 1318 2403 'quae
1338 2310 1574 2408 parayaaynrlcy
1592 2314 1821 2405 appellantur,
1838 2313 1884 2387 de

330 2435 454 2524 quibus
482 2435 614 2506 decima
641 2433 867 2522 manipularis
904 2432 1050 2503 solvitur
1085 2433 1304 2523 praebendae
1330 2434 1506 2525 praesenti
1539 2434 1821 2525 Lanthlrowska,
1848 2438 1884 2506 ct

331 2555 470 2626 ducitur
496 2576 559 2645 per
585 2555 784 2626 cmetlmnes
802 2552 1044 2626 Ostrouienses
1062 2555 1214 2646 propriis
1233 2556 1392 2627 curribus
1405 2555 1447 2626 in
1464 2553 1513 2626 Gl
1523 2557 1819 2647 ymyantbow,
1838 2557 1883 2628 ad

330 2677 492 2748 horreum
520 2697 582 2767 per
609 2677 811 2747 canonicum
839 2675 1030 2747 locandum.
1058 2676 1147 2748 Item
1165 2696 1272 2766 supra
1288 2676 1430 2748 flurium
1448 2674 1757 2768 Srzyenyawa
1774 2698 1882 2768 prope

330 2798 646 2870 Prossowicze
673 2803 727 2869 est
753 2797 996 2895 molendinum,
1023 2798 1149 2868 multos
1177 2802 1212 2867 et
1240 2798 1390 2888 optimos
1412 2797 1546 2871 habens
1564 2819 1677 2889 agros,
1696 2798 1739 2869 de
1758 2801 1881 2889 quibus

333 2918 466 2991 decima
501 2919 728 3010 manipularis
763 2919 908 2991 solvitur
935 2918 1153 3010 praebendae
1180 2917 1459 3009 Lanthlrowslca,
1486 2912 1523 2990 et
1549 2907 1766 2991 aestimatur
1782 2920 1881 2992 valor

330 3038 482 3112 decimae
509 3039 694 3131 praelatae,
721 3060 894 3112 unacum
921 3039 1054 3111 decima
1080 3059 1122 3110 en
1150 3039 1253 3110 dictis
1280 3039 1439 3130 partibus
1467 3039 1568 3111 villae
1594 3037 1774 3113 Ostrow
1799 3061 1880 3131 pro-

254 3144 262 3154 *
331 3161 500 3252 veniente,
528 3162 573 3233 ad
599 3161 745 3253 triginta
771 3181 914 3232 marcas.
941 3161 1028 3232 Item
1056 3160 1099 3231 de
1126 3159 1299 3251 aliquIbus
1325 3160 1435 3232 laneis
1461 3161 1564 3233 villae
1582 3161 1768 3252 praefatae,
1788 3161 1880 3233 cedit

331 3279 464 3355 decima
490 3284 593 3355 alteri
619 3282 837 3374 praebendae
865 3281 1094 3372 Gracoviensi,
1122 3281 1235 3353 dictae
1262 3282 1593 3354 Rzemiadzieezska.

269 3490 275 3497 ¹
432 3405 520 3476 Item
546 3405 653 3477 habet
680 3404 846 3476 decimam
873 3404 1013 3475 tertiam
1032 3403 1068 3474 in
1086 3402 1230 3473 Skotn
1241 3403 1327 3494 ilry,
1345 3404 1428 3475 villa
1445 3404 1544 3494 regia
1562 3404 1625 3476 sub
1642 3403 1808 3494 parochia
1826 3422 1880 3474 ec-

329 3525 435 3598 lesiae
462 3527 671 3617 parochialis
698 3525 817 3597 Sancti
844 3524 1017 3596 Andreae'
1033 3524 1077 3596 de
1105 3523 1328 3616 Thynyecz.
1355 3525 1395 3595 In
1423 3546 1490 3615 qua
1517 3531 1599 3596 sunt
1625 3526 1772 3616 trigInta
1788 3525 1880 3595 lauei

329 3649 569 3738 cmethonales,
597 3669 667 3719 una
693 3649 841 3718 taberna
859 3647 991 3719 habens
1009 3666 1121 3736 agros,
1140 3667 1246 3717 unum
1264 3646 1498 3718 molendInum
1517 3645 1649 3718 babens
1668 3667 1781 3737 agroS,
1799 3648 1880 3718 hor-

238 3836 241 3840 .
328 3770 478 3843 tulaniae
497 3771 621 3861 nullae,
639 3789 703 3842 nec
721 3770 817 3840 curia
835 3774 896 3839 aut
913 3767 1103 3859 praedium,
1118 3767 1161 3838 de
1180 3768 1303 3858 quibus
1322 3768 1480 3840 omnibus
1500 3767 1603 3839 datur
1620 3768 1754 3840 decima
1771 3768 1880 3839 mani-

329 3893 460 3983 pularIs
495 3892 714 3983 praebendae
750 3889 945 3981 praelatae,
974 3895 1009 3960 et
1045 3889 1184 3961 ducitur
1210 3909 1273 3979 per
1305 3889 1436 3961 incolas
1467 3891 1618 3981 propriis
1654 3891 1813 3962 curribus
1844 3889 1880 3959 in

194 4065 201 4076 .
328 4014 491 4084 borreum
518 4034 539 4084 a
567 4014 731 4084 canonIco
758 4012 958 4102 locandum,
986 4016 1021 4081 et
1047 4011 1251 4082 aestimatur
1278 4011 1376 4083 valor
1402 4012 1476 4082 eius
1504 4010 1549 4082 ad
1579 4012 1702 4100 viginti
1730 4032 1880 4098 marcas3
1947 4092 1950 4097 ⁵

329 4133 461 4204 decima
497 4134 618 4223 canapi
655 4134 801 4205 solvitur
826 4155 900 4225 ,per
927 4132 1013 4204 duas
1041 4133 1238 4205 iuncturas:
1274 4134 1365 4205 iuter
1391 4131 1567 4223 praefatos
1594 4137 1709 4203 autem
1734 4133 1881 4223 triginta

327 4254 445 4325 lancos
473 4256 715 4344 cmethonales,
737 4242 796 4326 'est
822 4277 911 4327 unus
938 4254 1057 4325 laneus
1084 4255 1206 4326 altarIs
1234 4254 1381 4326 Sanctae
1407 4253 1542 4324 Mariae
1560 4252 1660 4324 NivIs
1680 4254 1714 4323 in
1733 4254 1879 4325 ecclesIa

328 4375 559 4466 Cracchensi,
587 4378 645 4468 qui
673 4377 779 4448 etlam
801 4377 910 4477 soluit
937 4375 1104 4448 decimam
1130 4372 1379 4468 manipularem
1406 4395 1469 4465 pro
1495 4375 1696 4465 praebenda
1712 4375 1879 4466 praelata,

329 4519 467 4572 censum
495 4519 587 4589 vero,
615 4498 776 4570 videlicet
795 4498 881 4570 duas
900 4518 1044 4588 marcas,
1064 4497 1150 4569 duos
1168 4517 1317 4589 capones
1336 4503 1372 4569 et
1390 4497 1571 4588 sexaginta
1590 4517 1663 4587 ova,
1682 4509 1746 4588 pro
1764 4498 1878 4568 altari.

431 4622 519 4693 Item
540 4620 652 4694 -habet
680 4626 840 4712 quartam
867 4619 1116 4710 manipularem
1136 4620 1303 4691 decimam
1320 4620 1357 4691 in
1375 4617 1660 4711 Pycbowycze,
1678 4618 1762 4715 villa
1779 4638 1878 4710 prae-

328 4743 516 4815 stimoniali
543 4741 685 4834 capituli
712 4741 962 4832 cracoviensis
989 4762 1096 4833 prope
1123 4740 1235 4831 ripam
1262 4740 1412 4812 fluminis
1438 4739 1602 4833 Wysla,
1630 4739 1694 4811 sub
1712 4739 1878 4831 parochia

329 4865 493 4937 ecclesiae
521 4864 563 4936 de
591 4863 833 4953 Rumpella
858 4863 937 4935 sita.
964 4862 1004 4932 In
1032 4884 1101 4952 qua
1126 4868 1207 4940 sunt
1226 4882 1287 4934 sen
1304 4862 1397 4935 lanei
1416 4861 1660 4950 cmethonales,
1678 4862 1761 4945 item
1777 4860 1877 4950 quin·

328 5007 394 5077 que
421 4986 648 5075 hortulaniac,
675 4985 844 5056 babentes
872 5006 975 5075 agros
1003 4984 1179 5074 speciales
1199 4984 1242 5054 de
1261 4982 1384 5072 quibus
1403 4984 1562 5056 omnibus
1581 4984 1711 5074 absque
1730 4981 1878 5053 diminu-

327 5107 430 5196 tione,
457 5107 604 5178 solvitur
622 5106 754 5178 decima
772 5106 997 5196 manipularis
1015 5102 1234 5194 praebendae
1251 5100 1494 5193 praelereant
1513 5105 1651 5175 ducitur
1669 5125 1732 5193 per
1749 5103 1878 5175 incolas
1965 5081 1980 5096 ⁵

223 5310 231 5316 .
329 5227 363 5298 in
391 5229 551 5299 borreum
579 5229 729 5319 propriIs
756 5229 917 5300 curribus
944 5248 1007 5318 pro
1035 5225 1208 5315 canonico,
1237 5230 1273 5296 et
1300 5226 1439 5297 solvunt
1457 5224 1500 5296 de
1518 5226 1618 5304 laneo
1637 5226 1804 5296 decimam
1823 5246 1878 5295 ca-
2016 5236 2020 5241 “

328 5351 409 5439 napi
436 5370 498 5439 per
526 5355 673 5440 quatuor
700 5351 888 5439 iuncturas,
916 5355 951 5420 et
977 5348 1182 5431 aestimatur
1201 5346 1298 5417 valor
1316 5345 1469 5419 decimae
1487 5345 1663 5436 praefatae
1682 5346 1726 5417 ad
1745 5353 1878 5437 septem

328 5490 471 5549 mareas.
498 5470 577 5546 Non
604 5454 659 5545 est
686 5470 734 5544 ibi
762 5471 859 5546 curia
885 5469 1102 5562 canonicalis,
1118 5488 1241 5559 ‚neque
1267 5468 1344 5558 agri
1369 5467 1574 5560 praedices,
1592 5487 1704 5557 neque
1722 5467 1877 5540 taberna.
