4050 6054
237 484 311 557 406

339 691 611 779 Snonoczrczn,
638 692 719 762 rilla
737 691 802 762 sub
819 692 984 781 parochia
1001 693 1165 763 ecclesiae
1182 686 1391 781 parochialis
1409 692 1452 763 de
1469 693 1678 783 Zagoszcz
1705 694 1783 784 sita,

236 812 333 882 cuius
359 812 482 882 haeres
508 810 661 883 loannes
687 811 730 882 de
757 810 991 882 Thancziu
1017 813 1104 883 alias
1130 812 1173 883 de
1200 811 1439 902 Grasznik,
1465 813 1592 884 nobilis
1619 813 1783 885 dedomo

235 931 553 1021 Bippenuium,
579 934 616 1003 in
652 954 719 1023 qua
755 936 836 1005 suot
871 954 995 1004 noram
1028 912 1119 1004 lanei
1151 933 1403 1021 cmethonales,
1430 933 1513 1003 item
1539 954 1610 1005 una
1634 934 1784 1005 taberna
1840 928 1847 939 “

234 1050 365 1122 habeus
392 1072 504 1141 agros,
522 1053 605 1123 item
623 1059 696 1123 tres
713 1054 933 1125 hortulaniae
950 1053 1119 1124 habentes
1137 1073 1251 1143 agros,
1269 1053 1312 1123 do
1330 1053 1456 1144 quibus
1474 1054 1634 1124 omuibus
1651 1055 1784 1145 absque

234 1169 461 1242 diminutione
496 1173 644 1243 solvitur
679 1172 811 1244 decima
845 1174 1071 1263 manipularis
1107 1179 1143 1244 et
1177 1194 1241 1263 per
1266 1179 1415 1264 quatuor
1442 1173 1581 1263 ierugas
1606 1174 1784 1264 canapalis

235 1278 501 1381 praepositurae
527 1292 736 1382 Visliciensi,
762 1299 799 1365 et
825 1294 956 1365 ducunt
982 1314 1058 1365 eam
1084 1296 1283 1366 cmethones
1309 1295 1344 1365 in
1362 1295 1526 1365 horreum
1544 1314 1565 1364 a
1582 1295 1790 1384 praepom'to'.
1924 1392 1935 1403 ι

234 1410 415 1483 locandum
450 1419 486 1485 et
520 1414 619 1485 valor
649 1414 724 1486 eius
752 1416 957 1486 aestimatur
983 1415 1027 1485 ad
1054 1415 1235 1486 duodecim
1260 1435 1403 1485 marcas.
1442 1415 1530 1486 Item
1557 1415 1672 1487 estin
1698 1414 1784 1486 villa

234 1531 352 1602 eadem
388 1555 457 1604 una
491 1535 730 1607 tantummodo
762 1536 858 1606 curia
883 1535 1045 1607 militaris
1072 1543 1107 1607 et
1133 1535 1313 1625 praedium
1339 1556 1466 1624 unum,
1493 1535 1537 1606 de
1564 1537 1662 1607 cuius
1688 1537 1784 1627 agris

234 1652 382 1723 solvitur
407 1653 539 1725 decima
566 1657 789 1746 manipularis
815 1657 1033 1747 praebendae
1060 1657 1096 1726 in
1123 1655 1286 1728 Castro
1312 1655 1558 1727 Thanczin.

336 1753 538 1865 Kosmou,
565 1777 647 1846 silla
674 1779 738 1849 sub
766 1777 930 1867 parochia
957 1778 1121 1849 ecclesiae
1147 1777 1191 1848 de
1217 1774 1552 1865 Gramboszow,
1578 1776 1676 1847 cuius
1702 1796 1784 1867 pro

235 1894 366 1983 prietas
393 1895 438 1965 ad
464 1896 735 1968 illustrissimum
762 1897 927 1969 Poloniae
953 1918 1069 1988 regem
1096 1899 1259 1988 pertinet,
1285 1898 1321 1967 iu
1348 1917 1418 1986 qua
1442 1896 1601 1968 feruntur
1627 1916 1704 1967 esse
1721 1917 1783 1968 ser

232 2014 324 2084 lanei
360 2015 612 2105 cmethonales,
639 2019 693 2089 vel
730 2002 845 2108 potius
871 2040 932 2089 scx
960 2019 1159 2090 cmethones
1187 2039 1247 2089 sex
1275 2017 1389 2108 pecies
1415 2037 1579 2107 agrorum
1604 2016 1784 2106 habentes,

233 2132 276 2204 dc
303 2136 428 2226 quibus
464 2137 621 2209 omnibns
648 2139 796 2210 solvitur
822 2139 955 2210 decima
980 2140 1206 2229 manipularis
1232 2139 1495 2229 praepositurae
1520 2137 1721 2208 Visliciensi
1747 2144 1785 2209 et

234 2276 297 2346 por
323 2258 523 2329 cmethones
550 2257 690 2330 ducitur
715 2259 868 2350 propriis
890 2259 1054 2330 'curribus
1081 2261 1117 2330 in
1144 2259 1307 2330 horreum
1334 2258 1574 2349 apraeposito
1591 2257 1784 2346 locandum,

232 2383 269 2448 et
294 2378 434 2448 solvunt
459 2378 628 2449 decimam
655 2381 778 2469 canapi
804 2400 868 2470 per
895 2386 1044 2470 quatuor
1070 2381 1210 2470 ierugas
1238 2386 1275 2451 et
1292 2378 1390 2450 valor
1406 2380 1482 2450 eius
1508 2379 1713 2450 aestimatur
1737 2377 1783 2449 ad

233 2518 335 2568 unam
363 2519 534 2588 marcam3
560 2500 689 2571 allusio
716 2501 808 2571 enim
833 2500 1206 2572 fluviorum·l⁷islae
1233 2505 1269 2571 et
1286 2499 1542 2591 Dunayeca
1560 2519 1664 2590 agros
1682 2499 1784 2569 sillae

233 2617 408 2707 praefatae
444 2619 481 2690 in
515 2621 619 2693 basso
655 2622 760 2711 sitos,
786 2620 987 2712 frequenter
1025 2622 1199 2693 absorbet.
1246 2621 1335 2692 ltem
1362 2625 1417 2691 est
1441 2620 1491 2691 ibi
1525 2641 1596 2691 uua
1628 2620 1786 2709 taberna,

232 2758 321 2827 quae
347 2737 391 2809 de
417 2738 512 2829 agris
543 2742 616 2811 suis
643 2741 747 2812 solvit
772 2741 939 2813 decimam
966 2743 1216 2832 manipularem
1241 2761 1381 2812 mensae
1408 2740 1560 2830 episcopi
1578 2737 1785 2811 Graoomen-

232 2858 300 2944 sis3
326 2858 408 2928 item
436 2880 505 2930 non
531 2866 585 2931 cst
611 2861 660 2932 ibi
687 2862 876 2953 praedium,
903 2884 971 2933 non
998 2868 1080 2934 suut
1105 2862 1334 2934 hortulaniae.

337 2975 611 3071 Gummoszow,
638 2982 721 3053 uilla
747 2983 879 3054 habens
906 2984 941 3053 in
969 3005 1007 3054 se
1034 2983 1266 3073 parochialem
1293 2981 1473 3052 ecclesiam
1499 2981 1660 3071 ligneam,
1685 2982 1784 3052 cuius

232 3101 357 3170 haeres
391 3099 568 3172 Johannes
596 3101 638 3173 de
666 3099 889 3194 Oziszow,
916 3104 1043 3175 nobilis
1069 3102 1113 3174 de
1140 3103 1241 3174 domo
1267 3101 1514 3189 Polulroza,
1541 3101 1578 3171 in
1605 3121 1676 3191 qua
1699 3108 1784 3173 sunt

231 3220 412 3292 duodecim
439 3223 530 3293 lanei
557 3224 799 3314 cmethonales,
826 3224 868 3295 de
896 3225 1020 3315 quibus
1048 3224 1206 3295 omnibus
1233 3222 1381 3294 solvitur
1407 3221 1540 3292 decima
1557 3221 1785 3311 manipularis

231 3343 494 3433 praepositurae
520 3343 720 3416 l'isliciensi
746 3352 783 3415 et
813 3365 876 3435 per
903 3346 1103 3416 cmethones
1129 3342 1268 3415 ducitur
1293 3341 1446 3433 propriis
1472 3342 1632 3413 curribus
1648 3342 1685 3413 in
1703 3342 1785 3413 hor·

231 3485 328 3535 reum
355 3485 377 3535 a
402 3467 601 3556 praeposito
626 3466 821 3554 locandum,
848 3472 885 3536 et
911 3467 1051 3536 solvunt
1069 3466 1237 3537 decimam
1256 3464 1379 3554 canapi
1397 3484 1461 3554 per
1480 3469 1630 3554 quatuor
1645 3465 1786 3554 ierugas

231 3590 267 3655 et
294 3586 393 3657 valor
418 3587 494 3658 eius
521 3588 725 3659 aestimatur
751 3587 796 3658 ad
823 3588 1005 3660 duodecim
1031 3607 1176 3658 marcas.
1203 3586 1291 3657 Item
1319 3591 1401 3656 sunt
1428 3585 1477 3656 ibi
1500 3584 1590 3656 dnae
1606 3585 1785 3674 tabernae,

230 3727 300 3777 una
333 3707 513 3797 haeredis,
540 3709 652 3780 altera
686 3709 824 3800 plebani
860 3710 1031 3780 habentes
1067 3727 1190 3797 agros,
1216 3709 1301 3778 item
1328 3705 1397 3777 duo
1424 3706 1515 3776 lanei
1541 3705 1786 3796 cmethonales,

230 3828 324 3898 inter
348 3827 529 3900 duodecim
557 3831 739 3920 numerati,
766 3831 809 3902 dc
836 3831 960 3921 quibus
986 3829 1180 3900 decimatur
1205 3826 1371 3899 ecclesiae
1387 3827 1424 3897 in
1442 3818 1786 3915 Gramboazo'w3

231 3948 315 4018 item
341 3954 397 4019 est
422 3950 471 4020 ibi
497 3971 567 4020 una
593 3952 690 4022 curia
716 3951 887 4037 militaris,
914 3951 1046 4022 habens
1074 3970 1177 4039 agros
1204 3948 1408 4040 praedialeS,
1434 3946 1478 4018 de
1505 3947 1631 4038 quibus
1649 3946 1786 4018 decima

231 4069 457 4158 manipularis
484 4069 589 4142 datur
614 4071 781 4143 ecclesiae
807 4072 935 4144 ibidem
961 4073 997 4142 in
1025 4069 1363 4142 Gramboszou.

336 4189 558 4281 Gznnmrow,
584 4193 667 4262 silla
693 4193 759 4264 sub
784 4194 953 4284 parochia
968 4192 1132 4263 ecclcsiae
1150 4190 1195 4261 de
1212 4189 1424 4281 Korczyn
1451 4189 1529 4278 sita
1546 4189 1644 4259 cuins
1660 4188 1785 4261 haeres

230 4312 358 4383 Petrus
392 4311 549 4403 Kanya
584 4314 716 4403 minor,
742 4314 870 4385 nobilis
905 4315 948 4384 de
980 4313 1081 4385 domo
1108 4311 1396 4403 Streparum,
1423 4311 1458 4379 in
1486 4330 1556 4400 qua
1581 4313 1664 4382 sunt
1689 4309 1782 4380 lanei

230 4433 481 4523 cmethonales,
507 4432 551 4505 de
577 4435 703 4524 quibus
728 4435 877 4507 soluitur
902 4441 938 4505 et
965 4434 1169 4505 conducitur
1194 4432 1328 4503 decima
1353 4430 1579 4522 manipularis
1604 4430 1784 4522 praeposi-

230 4559 331 4626 turae
358 4553 567 4644 Visliciensi,
594 4562 629 4627 ct
655 4555 755 4627 valor
780 4558 856 4628 eius
882 4556 1088 4627 aestimatur
1113 4555 1159 4625 ad
1185 4609 1193 4624 .
1220 4609 1228 4622 .
1256 4609 1264 4623 .
1290 4554 1379 4625 Item
1397 4553 1598 4642 canapalem
1615 4552 1783 4624 dammam

231 4698 301 4748 non
327 4676 487 4765 solvunt3
514 4679 598 4749 item
624 4677 767 4768 praedia
793 4678 844 4748 ibi
869 4677 938 4749 duo
963 4677 1148 4765 militaria,
1174 4674 1218 4747 de
1244 4675 1371 4766 quibus
1397 4672 1591 4746 decimatur
1615 4673 1783 4746 ecclesiae

85 4866 88 4871 .
230 4795 422 4887 parochiali
456 4798 493 4869 in
528 4798 817 4889 Dambrowa,
843 4803 880 4869 et
916 4798 1015 4869 valor
1050 4795 1197 4869 eiusad
1223 4802 1298 4868 tres
1323 4813 1479 4884 marcas3
1505 4796 1590 4867 item
1615 4795 1784 4867 tabernae

230 4938 300 4991 nou
327 4925 419 5010 sunt,
443 4920 665 4993 hortulaniae
691 4940 760 4992 uon
788 4926 878 4993 suut

333 5038 525 5132 KoczrsA,
551 5040 636 5112 uilla
660 5040 794 5113 habens
819 5040 856 5112 in
883 5060 921 5111 se
947 5039 1127 5111 ecclesiam
1152 5038 1387 5130 parochialem
1404 5038 1567 5130 ligneam,
1584 5039 1684 5110 cuius
1701 5058 1782 5130 pro

229 5162 363 5252 prietas
388 5168 425 5233 et
450 5162 639 5235 dominium
664 5161 789 5234 bifarie
815 5161 1001 5252 dividitur,
1026 5161 1249 5233 medietatem
1275 5161 1368 5232 eninr
1394 5160 1489 5232 illius
1516 5159 1654 5232 obtinet
1678 5158 1782 5231 Nico-

228 5280 307 5354 laus
334 5288 370 5353 et
395 5282 575 5355 lohannes
601 5282 892 5376 Szinowyecz
916 5284 1092 5375 geruum,
1119 5282 1253 5355 nobiles
1278 5282 1322 5355 de
1349 5282 1451 5355 domo
1477 5282 1782 5373 Antiquarum

91 5502 97 5509 ἰ
229 5400 478 5497 Equorum,
503 5405 649 5476 alteram
684 5405 906 5481 medietatem
940 5404 1094 5481 lacobus
1129 5403 1416 5501 Koczinsky,
1440 5404 1569 5476 nobilis
1602 5403 1647 5478 de
1682 5402 1783 5476 domo
