4050 6054
232 464 308 535 stc

230 676 267 741 et
293 669 540 759 resignatione,
575 676 611 741 et
644 665 821 759 praelatus
855 668 1033 740 Jobannes
1068 667 1301 759 Dlugosch
1336 688 1379 758 111
1407 645 1590 761 tempore,
1610 688 1680 761 quo
1716 668 1782 741 sibi

230 789 408 881 resignata
433 797 498 882 est,
524 790 631 864 habet
657 790 750 863 illius
776 788 953 885 pacificam
979 781 1241 886 possessionem.

830 1059 1179 1150 Psaltaclstarum.

336 1280 446 1351 Varia
472 1286 508 1352 et
532 1279 728 1371 frequentia
745 1280 836 1351 dona
854 1280 920 1352 Dei
936 1281 1098 1370 gratuita,
1116 1279 1402 1352 Wladislaus
1419 1278 1598 1353 Secundus
1615 1280 1783 1355 Poloniae

231 1422 312 1490 rex,
338 1401 524 1472 multifarie
551 1406 587 1472 et
613 1402 751 1473 assidue
778 1423 841 1491 per
861 1402 1020 1472 *favorem
1047 1401 1201 1472 divinum
1227 1402 1348 1474 videns
1374 1402 1411 1473 in
1438 1422 1477 1473 se
1503 1402 1721 1492 profluxisse,
1747 1406 1785 1477 et

130 1517 136 1522 ’
231 1542 295 1610 pro
322 1521 460 1591 illorum
486 1522 751 1612 multiplicitate,
778 1520 1203 1612 aliqualem'gratitudinis
1230 1529 1348 1595 notam
1375 1523 1411 1592 in
1438 1522 1659 1611 divinitatem
1684 1544 1784 1595 mon·

232 1647 426 1729 straturus,
452 1642 640 1731 instigante
675 1642 771 1712 illum
806 1642 851 1713 ad
877 1642 913 1713 id
940 1663 1003 1731 per
1030 1648 1149 1713 sancta
1174 1647 1210 1712 ot
1236 1641 1421 1713 familiaria
1444 1642 1610 1732 consilia,
1636 1642 1784 1717 celebris

145 1798 153 1816 ·
234 1763 419 1833 memoriae
444 1762 571 1833 feurina
597 1762 823 1853 Hedvigis
849 1763 1014 1834 Poloniae
1039 1762 1161 1853 regina
1178 1768 1339 1834 consorte
1356 1783 1429 1853 sua,
1447 1763 1531 1854 quin
1548 1763 1617 1837 imo
1635 1764 1785 1855 ipsemet

232 1902 307 1953 rem
331 1882 422 1955 hanc
446 1884 690 1972 auctorisante,
717 1890 951 1974 promovente,
979 1884 1150 1974 dirigente
1177 1890 1214 1954 et
1231 1883 1411 1973 efficiente,
1430 1884 1614 1974 collegium
1630 1885 1784 1959 sedecim

231 2003 513 2093 presbyterorum
539 2005 573 2074 in
601 2004 746 2076 11111111
772 2004 993 2079 cracoviensi
1019 2005 1239 2094 manualium,
1265 2011 1301 2076 et
1328 2005 1388 2094 qui
1414 2005 1546 2077 nullum
1563 2004 1783 2079 1111111111-

233 2124 347 2195 ticium
372 2092 644 2205 ecfflesiastioum
670 2126 846 2216 habentes,
869 2125 1024 2198 11111111
1042 2124 1330 2197 111111111111111
1348 2124 1542 2216 praelatam
1559 2125 1784 2199 residentiam

232 2245 458 2334 personalem,
485 2268 630 2337 quorum
656 2247 808 2319 decimus
836 2248 1002 2336 septimus
1029 2245 1219 2319 clericatus·
1240 2245 1445 2336 iungeretur
1470 2245 1593 2336 efficio,
1618 2246 1666 2319 ad
1691 2246 1785 2337 psal·

233 2365 374 2436 lendum
400 2366 528 2456 iugiter
553 2367 610 2438 die
637 2389 678 2438 ac
704 2374 805 2440 nocte
833 2368 963 2458 absque
990 2367 1182 2439 cessatione
1207 2366 1409 2457 psalterium
1437 2373 1475 2438 11
1499 2366 1785 2461 psalmos-Davi·

233 2485 348 2575 dicos,
375 2494 598 2577 caeterasque
624 2489 744 2560 laudes
771 2488 906 2559 divinas
933 2509 1017 2561 voce
1045 2509 1171 2561 sonora
1197 2494 1234 2561 et
1258 2488 1446 2578 concinna,
1471 2492 1518 2561 11·
1534 2488 1601 2561 sub
1627 2467 1785 2579 tempor'c

233 2607 449 2698 praesertim,
474 2629 543 2699 quo
570 2631 627 2681 res
654 2610 791 2681 divinae
817 2615 853 2680 et
880 2608 992 2680 officia
1018 2610 1182 2680 horarum
1209 2609 1452 2681 canonicarum
1477 2628 1547 2681 non
1573 2614 1740 2700 aguntur,
1756 2630 1785 2683 a

232 2727 274 2797 D.
305 2728 414 2801 1393.
447 2729 484 2800 in
520 2731 639 2821 vigilia
671 2730 704 2801 S.
731 2730 927 2820 Laurentii,
955 2731 1020 2801 sub
1054 2730 1260 2819 pontificatu
1294 2729 1393 2804 Petri
1419 2728 1604 2820 Wyaoh,
1629 2730 1785 2822 episcopi

233 2847 484 2942 Gracoviensia,
508 2850 669 2923 fundavit
693 2858 730 2923 11
755 2851 917 2941 instituit,
944 2852 1029 2921 dans
1057 2851 1125 2924 illis
1152 2872 1216 2940 pro
1243 2850 1325 2922 dote
1351 2851 1387 2920 in
1414 2850 1536 2941 zuppis
1562 2850 1648 2923 salis
1665 2849 1786 2923 Wieli·

233 2968 408 3045 aiensibus
441 2978 478 3044 ct
495 2972 774 3045 ‘Bocbnensibus
809 2971 852 3043 de
887 2992 991 3043 censu
1025 2994 1113 3060 puro
1148 2978 1184 3043 ct
1219 2992 1333 3043 annuo
1371 2971 1537 3043 ducentas
1563 2992 1700 3045 marcas
1725 2992 1787 3064 per

202 3186 205 3197 ⁸
234 3091 409 3182 quoslibet
435 3093 619 3183 zupparios
646 3093 871 3165 arendatores
897 3100 933 3164 et
959 3093 1153 3163 tenutarios
1180 3113 1369 3182 zupparum
1396 3091 1599 3181 solvendas;
1635 3098 1675 3165 et
1701 3092 1785 3165 sub·

235 3212 356 3284 iiciens
385 3213 464 3286 illos
491 3215 645 3286 censuris
676 3212 918 3287 ecclesiasticis
954 3235 1017 3303 per
1043 3214 1111 3285 loci
1137 3213 1350 3284 ordinarium
1386 3218 1422 3285 et
1448 3213 1523 3284 eius
1549 3213 1719 3287 vicarium
1751 3218 1789 3287 et

235 3332 424 3424 officialem,
450 3355 491 3406 ac
518 3336 707 3425 capitulum
733 3334 969 3424 Grscoviense,
997 3335 1133 3424 quoties
1159 3335 1373 3424 negligentes
1400 3334 1524 3423 forent,
1550 3334 1587 3405 in
1612 3334 1788 3407 solutione

233 3453 413 3546 terendae,
439 3457 490 3527 ita
526 3457 703 3545 videlicet,
731 3456 824 3546 quod
858 3457 895 3526 11
931 3455 1144 3545 quibuslibet
1170 3462 1320 3545 quatuor
1355 3455 1570 3544 temporibus
1606 3438 1791 3529 solvantur

235 3576 379 3649 cuilibet
406 3599 447 3649 ex
479 3578 529 3650 eis
556 3584 629 3650 tres
655 3598 809 3665 marcae,
836 3577 961 3647 clerico
995 3598 1076 3648 vero
1105 3577 1193 3647 duae
1219 3596 1356 3647 marcae
1383 3575 1550 3666 pecuniae
1574 3577 1789 3667 ,commum

235 3698 417 3788 ordinans,
444 3706 483 3772 ut
510 3700 681 3789 praedicti
712 3699 860 3771 sedecim
887 3698 1107 3787 psalteristae
1133 3698 1197 3768 sub
1225 3718 1294 3768 uno
1320 3703 1414 3768 tecto
1450 3703 1486 3769 et
1512 3697 1549 3768 in
1574 3716 1647 3771 una
1742 3788 1754 3795 .

179 3900 186 3907 .
236 3841 299 3910 per
325 3821 434 3910 ipsam
470 3814 708 3911 Hedvigim
744 3822 794 3891 eis
821 3819 1003 3890 aedificata
1047 3825 1082 3889 11
1109 3819 1275 3890 libertate
1300 3822 1483 3908 1111111111,
1518 3823 1557 3891 ct
1580 3694 1793 4057 ἦ

236 3948 336 4012 nocte
362 3948 467 4031 atque
494 3942 647 4014 interdiu
673 3943 710 4014 in
735 3962 830 4030 voce,
848 3940 1017 4030 explendo
1037 3941 1141 4011 111111
1159 3941 1281 4012 missas
1299 3940 1421 4011 diebus
1439 3932 1594 4031 singulfi*
1618 4014 1621 4019 ,
1713 4028 1722 4043 .

236 4082 339 4132 unam
366 4083 430 4152 pro
457 4063 636 4151 defunctis,
663 4063 765 4133 aliam
792 4084 855 4153 pro
883 4062 1033 4152 peccatis
1051 4067 1086 4131 et
1104 4063 1253 4132 sanitate
1271 4061 1413 4151 reginae
1431 4058 1610 4151 praelatae
1625 4046 1789 4155 ciffis

237 4189 274 4254 et
300 4203 418 4254 eorum
445 4188 702 4255 antecessorum
728 4190 765 4255 11
792 4204 1028 4255 successorum
1055 4204 1175 4273 rogum
1201 4182 1376 4275 Poloniae,
1403 4182 1526 4254 diebus
1552 4182 1738 4259 dominicis
1754 4190 1796 4259 et

235 4303 371 4377 festivis
407 4304 578 4377 duntaxat
612 4305 785 4395 exceptis3
813 4304 905 4376 dicto
932 4325 1015 4376 vero
1042 4325 1125 4394 rege
1152 4311 1188 4376 11
1215 4304 1336 4395 regina
1362 4305 1406 4375 ab
1433 4304 1500 4377 hac
1525 4304 1602 4377 luca
1629 4304 1794 4398 sublatis,

147 4430 155 4437 ”
235 4427 360 4499 missae
387 4426 628 4499 defunctorum
655 4427 799 4516 singulis
825 4426 947 4498 diebus
975 4432 1010 4497 ct
1037 4426 1239 4515 septimanis
1257 4447 1278 4496 1
1296 4425 1387 4497 binis
1406 4425 1552 4497 etbinis
1568 4425 1796 4520 psalteristis,

236 4569 300 4639 per
326 4555 588 4639 praeceptorem
615 4548 713 4619 iuxta
740 4548 895 4620 ordinem
923 4546 1142 4636 ordinandiS,
1169 4547 1350 4618 dominicis
1377 4552 1413 4616 et
1440 4546 1641 4621 solennibus
1666 4545 1798 4623 diebus

235 4672 405 4761 exceptis3
432 4672 516 4742 item
542 4672 578 4742 in
601 4669 852 4742 anniversariis
880 4670 1071 4760 utriusque,
1099 4669 1236 4759 vigiliae
1264 4673 1300 4740 11
1325 4668 1432 4738 missa
1459 4668 1494 4739 in
1521 4687 1608 4740 voce
1630 4673 1667 4740 et
1684 4676 1798 4745 cantu

235 4793 439 4883 expleantur
473 4799 510 4864 et
545 4798 701 4884 agantur.
742 4790 916 4863 Ordinans
944 4792 1066 4881 etiam,
1094 4797 1133 4862 ut
1159 4790 1313 4880 provisio
1341 4798 1376 4860 et
1403 4790 1578 4880 quaelibet
1604 4790 1797 4881 dispositio

235 4914 405 4985 dictorum
432 4916 722 5004 psalteristarum,
750 4913 886 5005 quoties
914 4913 1051 4983 illarum
1079 4913 1215 4985 vacatio
1242 4911 1392 4983 civiliter
1410 4912 1465 4982 vel
1483 4911 1692 4985 naturaliter
1710 4932 1829 5015 cou-¹

235 5036 365 5126 tigerit,
392 5037 484 5126 apud
511 5037 710 5126 episeopmn
736 5042 773 5106 11
800 5035 989 5124 capitulum
1016 5033 1245 5107 Craceviense
1272 5055 1336 5123 pro
1363 5040 1520 5123 tempore
1548 5033 1730 5124 consistat,
1757 5042 1801 5109 et

236 5157 328 5248 qued
364 5156 447 5228 dicti
482 5158 704 5247 psalteristae
740 5156 776 5226 11
813 5154 1033 5227 cracoviensi
1069 5155 1214 5227 ecclesia
1250 5154 1509 5246 superpeliciati
1540 5153 1633 5226 infra
1667 5153 1799 5230 divina

236 5278 409 5366 incedant,
428 5285 464 5349 11
482 5278 761 5368 processionibus
780 5278 991 5367 quibuslibet
1009 5283 1046 5348 et
1063 5276 1391 5377 thurificationibus,
1411 5276 1626 5366 eaeterisque
1643 5277 1799 5367 publicis

237 5405 273 5482 et
300 5398 487 5471 ordinariis
523 5404 559 5469 et
592 5399 880 5493 entraordinariis
915 5399 1080 5473 eeclesiae
1107 5378 1329 5475 cracoviensi
1355 5399 1519 5472 intersint
1546 5399 1699 5492 actibus,
1728 5420 1798 5497 pro
