4050 6054
234 501 309 571 630

233 707 398 779 Poloniae
433 726 577 799 regnum
612 709 649 778 in
685 709 778 778 omni
804 709 987 780 honestate
1014 716 1049 780 et
1077 710 1207 780 virtute
1234 708 1341 778 vitam
1368 708 1573 798 traducens,
1599 708 1786 797 exegisset,

235 829 413 919 indignum
440 833 538 899 ratus
565 829 646 917 iugo
674 828 847 919 corriugali
874 850 912 900 se
939 829 1104 919 subicere,
1132 831 1175 900 ad
1203 835 1405 919 perpetuam
1432 826 1681 899 continentiam
1708 828 1787 899 ani·

232 968 324 1020 mum
351 947 527 1037 adiiciens,
555 950 660 1020 orbus
687 954 723 1019 ct
748 950 879 1040 absque
906 949 1025 1021 liberis
1053 950 1143 1021 diem
1171 951 1267 1020 obiit.
1295 948 1448 1020 Cernens
1476 949 1595 1038 itaque
1626 948 1693 1019 sibi
1725 968 1787 1018 su·

234 1090 389 1158 promum
416 1069 596 1139 imminere
623 1069 722 1160 diem,
740 1070 832 1140 bona
858 1091 921 1140 sua
943 1070 1107 1161 praelata,
1126 1070 1333 1141 Koczsko
1359 1068 1520 1139 videlicet
1546 1068 1722 1159 oppidum,
1748 1072 1787 1138 et

233 1190 384 1281 quinque
410 1189 512 1261 villas
538 1190 713 1280 praelatas
741 1191 931 1261 cathedrali
958 1190 1135 1261 Ploczcnsi
1153 1191 1328 1279 ecclesiae,
1347 1166 1445 1279 apud
1457 1210 1559 1279 quam
1577 1188 1644 1261 sibi
1661 1190 1786 1260 vivens

233 1311 387 1401 elegerat
413 1311 637 1401 seprdturam,
664 1318 833 1402 perpetua
859 1312 1045 1383 donatione
1071 1312 1107 1382 in
1134 1312 1367 1401 elemosynam
1394 1309 1550 1399 contulit,
1578 1309 1722 1382 donarit
1748 1314 1787 1381 et

232 1430 428 1520 inscripsit,
454 1430 660 1521 functusque
695 1433 786 1522 vita,
812 1432 849 1503 in
876 1432 997 1503 cadem
1023 1432 1202 1503 Ploczensi
1228 1430 1419 1502 cathedrali
1446 1430 1590 1502 ecclesia
1615 1430 1787 1521 soprdtus,

232 1572 309 1623 cum
334 1552 465 1642 pietate
493 1553 688 1642 requiescit.
728 1552 784 1623 Ab
811 1572 921 1643 eoque
948 1555 1065 1643 itaque
1092 1559 1248 1642 tempore
1274 1550 1474 1622 Ploczensis
1501 1550 1648 1622 ccclesia
1664 1548 1787 1621 'dicto-

232 1693 308 1743 rum
340 1674 509 1743 bonorum
544 1672 756 1744 Koczslro
784 1678 819 1744 ct
846 1675 997 1764 quinque
1023 1674 1182 1744 villarum
1210 1673 1503 1763 praescriptarum
1530 1672 1787 1762 possessionem

231 1795 268 1864 et
294 1794 541 1882 proprietatem
569 1793 758 1883 plenariam
784 1799 887 1864 nacta
913 1801 968 1865 est
994 1799 1030 1865 et
1056 1815 1166 1883 usum,
1194 1814 1296 1885 quam
1323 1799 1359 1863 ct
1385 1792 1599 1865 continuarit
1625 1792 1787 1863 continu·

231 1919 338 2004 atquc
374 1914 503 2005 absque
536 1915 627 1984 omni
663 1914 909 2004 impedimento
945 1915 980 1984 in
1007 1916 1096 1984 hanc
1123 1914 1224 1984 diem.
1264 1913 1417 2003 Quorum
1444 1910 1583 2004 quidem
1609 1913 1784 1984 bonorum

232 2034 374 2124 iustior,
403 2056 502 2125 quam
539 2035 673 2107 fidelius
709 2036 833 2106 elicere
869 2037 1063 2125 potuimus,
1091 2035 1172 2106 talis
1209 2040 1306 2106 extat
1343 2040 1378 2106 et
1405 2035 1531 2125 positio
1558 2039 1595 2104 et
1620 2032 1788 2122 conditio,

228 2156 367 2226 anobis
381 2157 417 2225 in
430 2162 636 2247 perpetuum
650 2155 849 2227 memoriale
871 2155 1035 2227 ecclesiae
1052 2155 1230 2226 Ploczensi
1241 2160 1276 2226 et
1294 2157 1367 2226 eius
1386 2155 1577 2226 donatariis
1597 2153 1786 2244 descripta

335 2275 498 2366 Kourna,
526 2274 699 2366 oppidum,
725 2276 857 2347 habens
876 2277 911 2347 in
930 2298 967 2347 se
985 2277 1166 2348 ecclesiam
1184 2276 1417 2366 parochialem
1434 2276 1594 2366 ligneam,
1613 2274 1787 2365 Assump-

233 2397 320 2467 tioni
357 2397 487 2468 Bootae
523 2397 657 2466 Mariae
693 2396 850 2486 Virginis
886 2397 1053 2487 dicatam,
1081 2399 1178 2469 cuius
1214 2397 1410 2488 proprietas
1446 2402 1482 2467 et
1517 2395 1706 2467 dominium
1739 2392 1789 2467 ad

232 2519 429 2608 episcopum
456 2518 657 2588 Plocensem
683 2517 785 2607 pleno
813 2521 887 2590 iure
914 2520 1075 2609 pertinet,
1103 2520 1138 2589 in
1166 2540 1232 2609 quo
1261 2518 1399 2610 quidem
1426 2522 1508 2588 sunt
1534 2515 1790 2606 quinquaginta

233 2644 382 2728 quatuor
418 2639 510 2709 lanei
546 2638 813 2731 oppidanorum,
841 2640 946 2711 etde
974 2640 1130 2731 quolibet
1165 2640 1264 2710 laneo
1293 2639 1427 2710 solvere
1454 2642 1593 2709 tenetur
1620 2637 1787 2728 episcopo

232 2759 411 2830 Ploczensi
437 2759 596 2831 undecim
622 2781 772 2851 grossos.
798 2762 887 2832 Item
915 2761 1061 2851 quilibet
1087 2762 1218 2832 habens
1245 2760 1393 2850 domum,
1420 2764 1483 2831 aut
1500 2758 1682 2831 cervisiam
1699 2758 1785 2829 bra·

232 2902 329 2971 nans,
358 2881 492 2952 solvere
520 2887 659 2952 tenetur
686 2882 728 2952 de
755 2881 857 2954 domo
885 2888 963 2953 octo
989 2903 1146 2973 grossos;
1172 2884 1255 2953 item
1283 2883 1429 2973 quilibet
1447 2880 1574 2952 artifex
1593 2885 1629 2950 ct
1645 2879 1788 2950 mecha·

233 3003 351 3091 nicus,
378 3001 540 3072 uidelicet
566 3001 718 3089 salicida,
745 3007 806 3073 aut
831 3003 961 3092 pistor,
989 3009 1049 3075 aut
1075 3003 1267 3092 pannicida,
1294 3008 1355 3073 ant
1381 3002 1551 3091 carnifex,
1579 3005 1640 3072 aut
1665 3004 1788 3072 textor

236 3121 406 3212 lanariae,
433 3128 494 3194 aut
529 3123 692 3213 linarias,
721 3130 783 3194 ant
817 3129 934 3213 sutor,
961 3131 1022 3195 aut
1055 3130 1190 3213 sartor,
1217 3127 1277 3193 aut
1311 3122 1428 3211 faber,
1456 3129 1492 3194 ct
1518 3122 1666 3212 quilibet
1692 3122 1787 3193 alius

233 3244 360 3318 artifex
394 3245 437 3316 de
472 3264 535 3314 sua
569 3250 645 3316 arte
677 3250 714 3315 et
748 3245 960 3317 mechanicio
996 3251 1136 3317 tenetur
1173 3244 1307 3315 solvere
1334 3250 1483 3334 quatuor
1510 3263 1670 3334 grossos;
1696 3242 1784 3314 item

233 3367 381 3457 quilibet
408 3365 559 3437 carnifex
585 3371 725 3437 tenetur
752 3387 815 3456 pro
842 3366 1004 3456 episcopo
1030 3365 1209 3436 Ploczensi
1236 3364 1371 3436 solvere
1397 3387 1502 3436 unum
1529 3363 1679 3454 lapidem
1698 3364 1787 3454 sepi.

232 3488 319 3557 ltem
347 3487 382 3556 in
410 3487 532 3559 codem
553 3486 679 3577 oppido
707 3492 761 3558 cst
786 3486 1019 3557 molendinum
1046 3487 1083 3556 in
1108 3486 1247 3556 flumine
1274 3484 1470 3574 Gzarna,
1498 3484 1589 3576 quod
1615 3504 1681 3575 pro
1706 3484 1784 3574 epi·

231 3628 335 3697 scopo
365 3629 428 3697 pro
455 3628 559 3678 censu
586 3608 691 3679 solvit
718 3607 760 3678 de
788 3608 881 3678 omni
898 3627 1025 3698 genere
1052 3610 1226 3696 metretas,
1246 3607 1345 3678 cuius
1363 3606 1461 3677 valor
1479 3606 1656 3677 annuatim
1674 3606 1784 3677 aesti-

232 3734 347 3799 matur
381 3727 425 3798 ad
462 3728 585 3817 viginti
620 3748 772 3818 marcas,
808 3728 992 3818 aliquando
1029 3728 1185 3817 amplius.
1229 3728 1318 3798 Item
1352 3729 1388 3797 in
1426 3727 1546 3798 eodem
1574 3725 1702 3817 oppido
1731 3734 1790 3799 cst

232 3848 424 3938 advocatia,
450 3850 583 3919 habens
611 3854 758 3938 quatuor
785 3849 902 3920 laneos
928 3849 1059 3919 liberos
1085 3869 1162 3918 cum
1188 3849 1317 3937 pratis;
1343 3849 1427 3919 item
1446 3848 1480 3918 in
1509 3846 1629 3919 eodem
1656 3848 1787 3939 oppido

233 3975 287 4041 est
315 3970 411 4040 curia
437 3970 642 4061 episcopalis
668 3971 770 4060 bona,
797 3990 900 4060 agros
927 3970 1060 4041 habens
1087 3970 1282 4060 praedialcs
1306 3968 1427 4060 largos
1444 3976 1480 4040 et
1498 3970 1533 4039 in
1551 3974 1625 4041 tres
1643 3989 1788 4061 campos

232 4091 371 4180 divisos,
398 4091 442 4162 de
469 4092 593 4182 quibus
620 4091 766 4163 solvitur
792 4091 926 4162 decima
951 4090 1178 4181 manipularis
1204 4091 1352 4181 plebano
1380 4092 1415 4161 in
1441 4090 1669 4163 Koczslro.
1695 4090 1788 4162 Item

233 4233 351 4284 omnes
378 4212 470 4283 lanei
496 4218 567 4284 tam
595 4213 847 4303 oppidanorum
874 4233 977 4303 qnam
1004 4212 1165 4283 advocati
1191 4211 1331 4283 solvunt
1348 4211 1517 4283 dechuam
1532 4210 1789 4301 manipularem

234 4332 398 4404 ecclesiae
425 4334 616 4424 parochiali
652 4334 688 4404 in
714 4332 776 4405 Ko
789 4335 945 4424 czsko,
973 4337 1009 4405 et
1038 4338 1204 4405 tenentur
1230 4353 1307 4404 eam
1334 4332 1498 4423 oppidani
1524 4337 1561 4404 et
1586 4324 1788 4407 incolaehn

232 4453 396 4525 horreum
423 4454 616 4546 aplebano
643 4454 826 4534 locandum
852 4455 1004 4546 propriis
1032 4456 1192 4526 curribus
1218 4454 1402 4545 inducere,
1429 4454 1526 4524 cuius
1553 4453 1652 4525 valor
1677 4454 1786 4525 aesti-

233 4580 348 4646 matur
375 4575 419 4646 ad
447 4576 572 4664 viginti
598 4597 741 4648 marcas.
782 4577 869 4648 Item
896 4575 1065 4666 plebanus
1092 4582 1129 4646 et
1155 4574 1300 4646 ecclesia
1324 4573 1538 4646 Koczsko
1564 4575 1672 4645 habet
1698 4574 1789 4647 dnos

232 4695 351 4767 laneos
376 4694 506 4766 liberos
532 4713 608 4765 cum
635 4698 756 4788 pratia,
784 4697 827 4768 de
854 4696 979 4787 quibus
1005 4695 1092 4765 nulli
1119 4694 1225 4766 solvit
1250 4694 1417 4766 decimam
1444 4693 1705 4785 manipularem,
1724 4694 1790 4767 sed

233 4836 307 4887 eam
343 4836 408 4905 pro
435 4835 473 4887 se
500 4814 594 4888 tollit
620 4822 655 4887 et
681 4816 718 4889 in
744 4817 907 4888 horreum
935 4837 1034 4888 suum
1061 4816 1203 4888 inducit.
1242 4815 1332 4887 Item
1358 4821 1440 4888 sunt
1467 4816 1584 4906 plnres
1611 4814 1802 4907 oppidani,

234 4937 294 5028 qui
329 4936 461 5009 habent
495 4936 668 5008 mellificis
694 4937 730 5007 in
756 4938 861 5029 sylvis
888 4944 924 5009 et
949 4938 1048 5010 boris
1076 4937 1195 5028 oppidi
1221 4934 1389 5028 praefati,
1416 4937 1459 5008 de
1486 4937 1611 5027 quibus
1637 4935 1790 5008 solvitur

232 5077 297 5149 pro
323 5058 487 5149 episcopo
512 5056 693 5131 Ploczcnsi
717 5057 786 5129 mel
813 5059 966 5148 crudum,
993 5059 1181 5130 secundum
1209 5058 1411 5149 qualitatem
1430 5058 1671 5130 alveariorum.
1697 5040 1793 5129 Item

234 5178 397 5270 oppidum
433 5177 629 5269 praefatum
665 5176 815 5250 continat
849 5198 925 5249 cum
962 5178 1054 5251 villis
1089 5177 1398 5270 Osczepalyn,
1438 5176 1792 5270 Skromowicze,

234 5296 419 5389 Oopcze,
445 5304 483 5369 et
507 5298 631 5370 fluvius
657 5297 780 5389 Aper
806 5298 969 5389 oppidum
987 5321 1064 5372 cum
1082 5298 1419 5371 Skromo'wicze
1446 5297 1675 5393 disterminat,
1701 5296 1792 5372 item

234 5418 311 5493 cnm
338 5418 568 5513 Thorzow,
595 5419 832 5513 Thalczin,
858 5416 1014 5494 (iorlra
1039 5426 1076 5496 et
1102 5420 1423 5515 Tarkanycza.
