4050 6054
735 666 1057 777 Altaro’Sanctl
1090 666 1306 748 Matthaei

344 911 468 985 Altera
495 909 528 980 S.
555 907 727 979 Matthaei
754 906 1000 997 Evangelistae
1027 907 1063 977 in
1091 905 1234 978 ecclesia
1269 904 1490 977 cracoviensi
1530 906 1651 995 situm,
1685 905 1795 978 habet

241 1030 418 1125 propriam
445 1029 610 1119 capellam
638 1048 759 1100 versus
787 1027 1077 1118 septentrionem,
1110 1031 1283 1100 muratam
1310 1048 1373 1117 per
1392 1025 1719 1099 ·Bodzantbam
1748 1025 1794 1096 dc

240 1152 450 1239 Jankow,
478 1150 677 1240 episcopum
694 1148 969 1236 cracoviensem,
996 1147 1146 1219 nobilem
1176 1147 1339 1220 dedomo
1366 1147 1562 1238 Rosaae,
1589 1140 1634 1217 ad
1660 1146 1794 1236 suppli-

241 1275 411 1345 cationem
430 1277 466 1342 et
483 1271 686 1342 instantiam
713 1248 838 1341 Jacobi
859 1267 1077 1339 Schirzik
1104 1270 1147 1339 de
1173 1267 1367 1357 Falkow,
1394 1266 1549 1340 custodis
1572 1263 1791 1338 cuezuensis

240 1400 277 1467 et
303 1389 732 1478 canonicicracoviensis,
763 1396 801 1461 et
831 1390 866 1461 in
897 1388 1087 1460 remedium
1118 1389 1242 1460 salutis
1270 1389 1404 1461 ammae
1431 1384 1578 1478 praelati
1607 1386 1792 1459 Bodzan-

241 1515 350 1587 tbae
382 1512 545 1603 episcopi,
581 1531 623 1582 ac
647 1510 745 1581 Petri
781 1510 1000 1582 Schirzik
1035 1510 1078 1581 de
1113 1482 1318 1599 Falkow,
1353 1509 1505 1600 episcopi
1532 1508 1794 1598 Cracovieusis,

245 1633 371 1737 nobilis
398 1633 441 1705 de
468 1632 570 1703 domo
604 1631 810 1722 Dolywa,
844 1630 952 1721 ipsius
987 1628 1289 1703 Bodzantbae
1324 1630 1515 1702 immediati
1542 1628 1793 1718 antecessoris,

240 1738 361 1847 quiin
388 1752 560 1827 Avinmne
587 1773 671 1825 suae
688 1752 876 1829 ,electionis
904 1728 1164 1824 confirmatione
1187 1758 1223 1824 et
1241 1752 1499 1825 consecratione
1526 1751 1563 1821 in
1589 1750 1792 1841 episcopum

240 1877 392 1966 obtenta,
419 1875 523 1966 paulo
550 1879 706 1965 tempore
733 1874 968 1964 supervivens,
1005 1873 1076 1944 illic
1103 1879 1260 1946 mortuus
1287 1878 1323 1944 et
1349 1873 1506 1963 sepultus
1532 1876 1598 1960 est;
1617 1876 1663 1953 ‚et
1687 1891 1803 1971 praes

239 1997 330 2069 fatus
353 1997 626 2068 Bodzantha
653 1995 695 2068 de
713 1996 736 2068 J
746 1997 953 2084 ankovvo,
981 2002 1064 2066 tunc
1083 1954 1233 2068 coenus
1252 1993 1500 2082 cracoviensis,
1519 2013 1633 2064 comes
1651 1991 1792 2065 itineris

238 2120 309 2209 sui,
335 2140 399 2219 per
424 2137 551 2209 papam
578 2117 705 2189 ibidem
724 2117 758 2188 in
778 2116 950 2188 Avinioue
977 2117 1146 2206 provisus,
1172 2115 1354 2187 fundatum
1380 2120 1444 2203 est,
1472 2118 1509 2185 et
1534 2112 1669 2187 duabus
1695 2112 1791 2185 deci-

237 2241 302 2314 mis
327 2239 602 2331 manipularibus
629 2258 768 2311 mensae
795 2237 1019 2327 episcopalis,
1055 2234 1197 2325 capituli
1225 2234 1464 2307 Gracoviensis
1491 2255 1660 2307 consensu
1685 2254 1786 2305 acce-
1908 2288 1916 2295 -

237 2361 361 2454 dente,
398 2363 432 2434 in
460 2361 553 2434 villis
589 2357 964 2450 Opathkowicze,
1001 2352 1156 2424 Vislai
1192 2360 1228 2424 et
1261 2354 1645 2446 Zegartboivicze
1677 2373 1792 2446 prope

236 2482 514 2559 Grodaiuam
550 2481 585 2551 in
622 2479 785 2551 districtu
822 2475 1094 2547 Audrzeoviensi
1122 2475 1219 2574 ³³01)-
1251 2477 1358 2548 1355.
1395 2477 1553 2549 dotatum
1579 2482 1654 2564 est3
1689 2476 1791 2549 cuius

233 2604 448 2683 lbndationis
475 2610 511 2675 ct
537 2599 728 2673 dotationis
746 2598 783 2668 in
802 2596 947 2668 ecclesia
970 2593 1188 2667 cracoviensi
1216 2597 1364 2687 speciale
1391 2597 1541 2669 habetur
1566 2595 1792 2688 privilegium

235 2729 410 2821 «ardincus,
439 2723 531 2819 quod
558 2718 708 2813 praefati
736 2717 859 2789 altaris
885 2716 1025 2789 collatio
1052 2723 1087 2788 et
1115 2719 1267 2807 provisio
1295 2718 1338 2788 ad
1366 2718 1564 2809 episcopum
1582 2716 1791 2792 cracovien-

235 2872 306 2926 aom
335 2872 399 2947 pro
427 2852 585 2935 tempore
613 2840 739 2911 debeat
765 2843 936 2928 perpetuo
962 2838 1146 2927 pertinere.

335 2970 643 3047 crmrsrrovvrcua
671 2957 821 3055 anap,
857 2957 940 3028 villa
967 2959 1030 3029 sub
1061 2959 1226 3048 parochia
1261 2958 1426 3030 ecclesiae
1462 2960 1505 3031 de
1532 2959 1789 3051 crowd-aina,

232 3091 330 3171 parvius
356 3084 528 3167 amodes
553 3080 724 3151 Petrus
751 3084 789 3150 ot
814 3077 1053 3182 lohannes
1087 3078 1214 3151 fratres
1238 3081 1414 3170 germani,
1450 3081 1583 3153 nobiles
1614 3082 1657 3154 de
1683 3082 1789 3155 domo

237 3208 531 3301 tvevrlpltruru
567 3206 605 3270 et
639 3197 971 3288 Kuropatwae,
1007 3199 1050 3269 de
1076 3221 1203 3289 genere
1229 3200 1511 3291 Srzeniawa3
1545 3203 1582 3273 in
1608 3210 1789 3294 possunt

230 3330 306 3405 arvad
336 3319 578 3408 ‹atarothonales
606 3319 690 3389 item
716 3319 865 3390 taberna
891 3321 1126 3392 tantummodo
1153 3343 1231 3411 una,
1257 3323 1342 3394 item
1368 3323 1546 3395 hortulani
1573 3378 1713 3395 ......
1740 3326 1787 3400 de

232 3447 393 3525 errantibus
420 3440 568 3512 solvitur
595 3438 730 3509 decima
756 3440 981 3529 manipularis
1009 3442 1112 3513 altari
1139 3442 1305 3533 praefato,
1332 3450 1368 3515 et
1393 3465 1456 3535 per
1474 3445 1604 3516 incolas
1631 3448 1784 3536 propriis

232 3566 393 3643 rarrrrlbus
420 3560 560 3632 ducitur
585 3559 622 3629 in
648 3559 812 3631 horreum
830 3560 874 3631 ab
893 3561 1052 3634 altarista
1079 3564 1363 3654 constituendum,
1391 3570 1427 3636 et
1453 3565 1591 3638 solvunt
1617 3567 1785 3640 decimam

229 3683 354 3776 canapi
380 3700 442 3772 per
470 3684 619 3770 quatuor
646 3681 802 3771 ierugas3
828 3681 911 3752 item
930 3681 1018 3754 duae
1040 3685 1276 3757 tantummodo
1303 3689 1384 3757 sunt
1400 3684 1450 3758 ibi
1468 3687 1584 3759 curiae
1610 3688 1779 3765 nobilium

232 3813 269 3879 at
296 3802 364 3874 duo
392 3799 544 3890 praedia.

337 3921 662 4013 Zrcaaruowmza,
688 3923 771 3994 villa
790 3925 853 3996 sub
872 3926 1038 4015 parochia
1064 3927 1228 3998 ecclesiae
1255 3928 1298 4000 de
1325 3925 1562 4002 crodziua
1587 3932 1666 4020 sita,
1684 3931 1783 4006 cuius

233 4047 358 4118 haeres
385 4041 514 4113 Paulus
542 4041 896 4136 coluchowslry,
924 4047 1051 4119 nobilis
1077 4048 1249 4120 dedomo
1277 4055 1313 4122 et
1338 4070 1467 4141 genere
1493 4050 1719 4143 Vulpium,
1746 4055 1782 4126 in

234 4184 304 4256 qua
330 4167 412 4233 sunt
438 4161 528 4233 lanei
555 4163 803 4254 cmetbonales,
830 4166 915 4238 item
940 4168 1105 4259 taberna,
1119 4169 1216 4240 item
1242 4170 1432 4262 hortulani,
1460 4171 1503 4242 de
1530 4174 1689 4247 omnibus
1714 4174 1783 4246 sol·

232 4283 328 4355 vitm
363 4281 496 4353 decima
521 4284 749 4373 manipularis
785 4285 888 4357 altari
920 4287 1093 4377 praefato,
1121 4296 1157 4360 et
1183 4311 1246 4380 per
1273 4291 1401 4364 incolas
1437 4293 1589 4382 propriis
1624 4294 1783 4368 curribus

231 4394 372 4474 ducitur
397 4403 434 4473 in
460 4405 624 4475 horreum
649 4407 694 4476 ab
722 4407 882 4479 altarista
918 4409 1109 4499 locandum,
1137 4417 1173 4483 et
1201 4412 1340 4483 solvunt
1376 4412 1543 4484 decimam
1570 4415 1693 4506 canapi
1719 4437 1782 4506 per

235 4529 385 4614 quatuor
411 4523 570 4614 ierugas3
596 4526 680 4598 item
706 4549 775 4599 non
804 4535 859 4601 est
884 4531 933 4602 ibi
961 4531 1058 4601 curia
1083 4532 1243 4604 militaris
1270 4553 1381 4624 neque
1408 4535 1596 4623 praedium.

337 4645 424 4715 Item
451 4645 572 4718 domus
599 4647 733 4720 decima
759 4652 803 4722 ab
830 4652 912 4742 acie,
940 4654 976 4723 in
1003 4657 1103 4742 parte
1130 4654 1274 4726 sinistra
1301 4655 1503 4746 capitularis
1530 4676 1593 4747 per
1610 4656 1782 4731 loannem
1892 4722 1899 4729 .

232 4765 492 4847 Suchiwilk
520 4769 562 4838 de
589 4768 849 4861 Stra-eleae,
886 4774 1104 4845 decretorum
1132 4775 1317 4866 doctorem,
1352 4784 1436 4849 tunc
1463 4776 1631 4850 decanum
1657 4777 1783 4851 Gracu-

232 4888 395 4976 vieusem,
422 4889 572 4960 nobilem
591 4889 634 4960 de
653 4891 754 4962 domo
783 4890 1193 4986 crzymalitarum,
1221 4902 1257 4968 et
1274 4896 1467 4988 praelatum
1485 4897 1654 4971 Jacobum
1672 4900 1783 4973 Schi-

233 4996 335 5079 rzik
362 5008 406 5079 de
433 5008 629 5100 Falkow,
656 5013 692 5082 iu
711 5032 795 5085 area
811 5017 994 5106 capitulari
1012 5023 1157 5108 murata,
1185 5019 1319 5091 solvere
1337 5020 1522 5092 tenebatur
1538 5041 1581 5092 ex
1599 5021 1782 5116 privilegio
1896 5008 1899 5013 ¹

232 5129 387 5202 eiusdem
413 5129 715 5205 Bodzantbae
743 5135 904 5227 episcopi,
931 5139 1035 5211 altari
1061 5139 1217 5230 praefato
1244 5160 1307 5231 pro
1334 5141 1391 5213 die
1417 5140 1451 5212 S.
1468 5140 1651 5217 Michaelis
1677 5165 1782 5216 unam

231 5271 382 5323 marcam
401 5249 552 5324 latorum
567 5274 782 5346 grossorum
809 5258 870 5330 sed
888 5261 1008 5349 pensio
1035 5261 1112 5352 ipsa
1129 5266 1273 5357 propter
1290 5262 1449 5339 incendia
1467 5270 1504 5336 et
1520 5264 1641 5337 ruinas
1659 5264 1781 5345 domus

233 5370 278 5453 ad
302 5375 377 5445 tres
402 5369 554 5448 fertones
580 5376 743 5454 restricta
769 5383 833 5456 est
1673 5410 1680 5418 ’
