4050 6054
836 394 848 433 ἱ

232 467 308 539 604

231 671 330 744 valor
364 670 570 742 aestimatur
595 669 641 740 ad
667 666 927 758 quatuordecim
959 684 1103 737 marcas.
1146 664 1234 736 Item
1269 668 1323 737 est
1349 664 1385 735 in
1411 663 1532 735 eadem
1566 664 1651 735 villa
1686 665 1791 737 curia

230 791 329 882 regia
354 794 391 862 et
424 789 623 882 praedium,
654 788 699 859 de
733 789 831 859 cuius
865 788 960 877 agris
995 786 1141 857 solvitur
1176 785 1308 857 decima
1343 785 1567 875 manipularis
1601 784 1789 875 praefatae

229 904 355 982 tertiae
380 908 598 1000 praebendae
624 908 657 980 S.
683 908 840 999 Aegidii,
875 909 956 979 item
982 908 1129 978 taberna
1154 928 1224 976 uua
1248 906 1382 977 habens
1415 926 1537 996 agrum
1571 900 1609 976 et
1633 912 1789 997 pratum,

230 1030 274 1102 de
301 1051 369 1121 quo
396 1029 530 1101 decima
565 1027 791 1118 manipularis
826 1027 1003 1117 praefatae
1030 1026 1154 1096 tertiae
1179 1025 1415 1117 praebendae,
1442 1025 1525 1097 item
1551 1025 1790 1097 hortulaniae.

334 1150 422 1221 Item
448 1147 608 1239 praefata
634 1149 740 1220 tertia
764 1147 964 1238 praebenda
989 1150 1109 1217 taxata
1136 1155 1191 1217 est
1216 1147 1339 1217 ad...
1359 1200 1367 1214 .

342 1268 560 1358 Notandum,
595 1268 687 1359 quod
715 1269 861 1359 quilibet
889 1267 1073 1339 canonicus
1111 1265 1229 1337 Sancti
1264 1266 1403 1357 Aegidii
1438 1266 1568 1338 officiat
1602 1267 1788 1339 ecclesiam
1901 1352 1905 1359 ι

229 1386 421 1482 praefatam
446 1388 565 1461 Sancti
595 1388 734 1480 Aegidii
770 1388 914 1478 siugulis
949 1387 1152 1477 septimanis
1184 1388 1317 1459 duabus
1343 1388 1477 1479 missis,
1512 1394 1630 1460 custos
1664 1393 1804 1501 autem

231 1514 368 1582 tantum
393 1528 471 1580 una

774 2033 1240 2148 TARNOVIENSIS.

276 2286 468 2370 Ecclesia
500 2285 803 2366 'l'arnovlensls
835 2284 913 2364 sub
946 2306 1055 2365 aero
1087 2289 1131 2364 et
1162 2285 1364 2387 regimine
1396 2283 1592 2365 vladislal
1626 2284 1755 2365 Prfnrl

278 2426 476 2506 Poloniae
509 2426 635 2528 regis,
658 2426 727 2526 qul
761 2423 869 2526 apud
894 2422 1077 2523 l’olonoa
1099 2421 1221 2502 Anno
1246 2421 1408 2502 Domini
1433 2422 1652 2503 millesimo
1676 2422 1754 2503 du·

685 2562 920 2641 centesimo
952 2582 1133 2664 rapuere
1165 2562 1330 2664 eoepit,

232 2722 270 2787 et
296 2714 356 2804 qui
382 2714 427 2786 ob
452 2711 664 2784 brevitatem
688 2707 853 2782 ‘statuae
879 2710 1044 2782 Polonica
1070 2711 1188 2801 lingva
1213 2711 1412 2801 Loktelr,
1441 2711 1532 2801 quod
1559 2717 1662 2782 sonat
1688 2713 1787 2785 cubi-

235 2833 327 2924 talis,
352 2832 399 2904 ad
424 2835 593 2903 staturam
621 2831 711 2902 euim
737 2831 935 2902 Zachaei
962 2830 1167 2920 accedebat,
1194 2831 1445 2920 appellabatur,
1474 2831 1641 2903 nobilitas
1667 2830 1786 2904 Leli-

236 2954 424 3042 ritarum,
451 2972 538 3043 quae
563 2972 673 3042 genus
700 2972 743 3023 ex
768 2951 891 3024 Reno
916 2959 953 3023 et
978 2952 1144 3042 sangvine
1162 2949 1342 3024 Almanico
1369 2952 1473 3040 ducit,
1502 2961 1538 3024 et
1564 2973 1629 3041 pro
1654 2953 1786 3044 insigni

236 3073 371 3145 stellam
398 3093 459 3144 sen
486 3072 648 3143 cornibus
674 3071 844 3143 radiatam
870 3072 985 3143 lunari
1010 3072 1113 3162 globo
1141 3093 1217 3142 eam
1244 3072 1288 3143 ad
1307 3073 1484 3144 semissem
1501 3071 1785 3164 circumdantem,

234 3215 304 3265 non
339 3199 422 3265 tuuc
457 3213 534 3264 cum
568 3192 670 3282 pleno
697 3192 790 3264 lucet
815 3193 917 3282 luna,
944 3192 1006 3264 sed
1031 3193 1113 3264 dum
1140 3199 1321 3264 cornutam
1347 3193 1478 3264 habeus
1504 3192 1668 3283 formam,
1696 3214 1785 3267 caro

235 3321 296 3386 aut
321 3334 411 3386 novo
439 3317 502 3384 aut
528 3312 716 3402 semipleno
744 3312 903 3403 splendet
930 3312 1063 3403 sydera,
1090 3313 1125 3382 in
1153 3332 1272 3402 campo
1300 3312 1487 3384 coelestino
1504 3313 1606 3403 gerit,
1623 3315 1786 3405 proprias

235 3439 272 3506 et
297 3433 505 3524 originarias
523 3453 649 3522 perosa
666 3432 774 3523 sedes,
794 3440 830 3505 et
848 3433 884 3523 iu
902 3433 1053 3504 externis
1071 3432 1205 3504 felicius
1222 3432 1434 3521 habitatura,
1452 3432 1618 3505 Poloniae
1636 3454 1782 3524 regnum

236 3554 392 3643 intravit,
419 3554 456 3625 in
481 3552 614 3643 aliquot
638 3552 788 3625 familias
806 3553 981 3641 distincta,
998 3554 1035 3623 in
1054 3552 1178 3642 quibus
1199 3551 1276 3642 Spi
1287 3572 1491 3625 czmerus
1517 3553 1679 3643 princeps
1706 3554 1784 3627 sivo

235 3674 375 3765 regulus
402 3678 480 3746 erat
506 3694 619 3745 comes
646 3672 901 3765 Oraeovieusis,
929 3694 1017 3764 quae
1044 3673 1196 3745 naturali
1222 3678 1258 3744 et
1284 3673 1434 3762 aquisito
1460 3674 1618 3764 ingenio,
1643 3674 1787 3764 pollicia

234 3800 273 3867 et
298 3793 472 3866 industria
497 3793 627 3885 rigens,
653 3794 839 3884 sylvestria
864 3794 1027 3884 dumosa,
1053 3815 1122 3864 nou
1148 3793 1250 3884 louge
1276 3815 1298 3865 a
1323 3793 1427 3865 fluvio
1455 3794 1635 3884 Byalya
1660 3813 1785 3867 versus

233 3913 377 4005 Alpes
402 3913 641 3985 Poloniam
668 3919 705 3985 et
729 3913 1012 4003 Hungariam
1039 3911 1329 4003 disterminantes,
1355 3918 1516 4004 porrecta
1532 3914 1782 3987 incoleroooe·

233 4035 296 4127 pit,
322 4032 622 4124 etfrequentibus
648 4033 734 4104 vicis
760 4033 796 4104 in
824 4033 910 4105 solio
938 4034 1037 4105 uberi
1058 4034 1256 4124 populatis,
1284 4034 1390 4131 etiam
1408 4033 1572 4124 oppidum
1590 4033 1784 4108 Taruow

233 4153 411 4227 afruteto
446 4153 661 4244 frequentius
699 4153 770 4224 illic
803 4156 1039 4244 germinante,
1066 4153 1207 4225 dumeta
1242 4155 1333 4225 enim
1364 4154 1488 4226 Poloui
1514 4162 1594 4225 trau
1619 4155 1786 4245 vocitant,

232 4274 395 4347 condidit.
432 4272 532 4363 Quod
558 4295 636 4346 cum
661 4274 762 4347 brevi
789 4281 891 4347 coetu
917 4275 1067 4347 humano
1094 4275 1140 4347 ob
1166 4274 1656 4366 administratamoppidauis
1683 4275 1785 4349 iusti·

232 4394 319 4468 dam
346 4394 538 4484 coaluisset,
565 4394 602 4466 iu
627 4393 839 4486 formamque
865 4396 963 4467 urbis
989 4395 1142 4466 munitae
1161 4395 1337 4467 redactum
1355 4400 1457 4485 esset,
1474 4394 1600 4467 Petrus
1617 4393 1786 4488 Wysch

234 4512 473 4587 cracoviensis
500 4515 692 4605 episcopus,
718 4514 844 4588 devota
869 4514 1038 4588 Johaunis
1065 4515 1186 4587 militis
1209 4515 1252 4586 do
1271 4514 1462 4586 Tarnow
1489 4515 1635 4605 palatini
1652 4514 1786 4589 Saudo·

234 4635 429 4725 miriensis,
455 4633 516 4724 qui
541 4633 797 4726 Spiozmeri
831 4656 1005 4726 pronepos
1030 4635 1163 4726 fuerat,
1190 4635 1396 4708 sollicitatus
1421 4642 1633 4727 rogatusque
1651 4637 1787 4709 matan-

232 4756 301 4846 tia,
328 4755 365 4826 iu
391 4754 570 4845 praedicto
598 4755 724 4847 oppido
751 4755 975 4828 Tharuow
1002 4777 1046 4828 ex
1072 4757 1225 4827 eeclesiis
1251 4757 1364 4829 tribus
1391 4756 1647 4848 parochialibus
1673 4756 1716 4831 A.
1740 4756 1785 4829 D.

235 4876 335 4949 1400
361 4875 580 4966 collegiatam
607 4881 722 4967 creat,
748 4881 786 4948 et
811 4881 884 4949 tres
909 4877 1135 4967 praelaturas,
1164 4875 1328 4950 videlicet
1353 4877 1641 4968 praeposituram,
1667 4884 1786 4951 custo-

232 4993 326 5067 diam
360 5000 398 5067 et
431 4994 705 5086 primiceriatum
738 4996 813 5068 sive
848 4996 1058 5086 contonam3
1092 4997 1176 5069 item
1211 4996 1299 5070 duas
1335 4996 1498 5070 canemus
1528 4996 1786 5089 praebendatus

230 5113 444 5206 totidemque
480 5116 628 5188 meamus
663 5116 787 5208 cuique
822 5117 1044 5209 praelaturae
1070 5123 1106 5188 et
1132 5116 1352 5209 praebendae
1377 5102 1633 5209 deservituras,
1659 5136 1785 5209 perpe-

230 5240 292 5308 tuo
326 5233 532 5327 dmaturas,
566 5237 603 5308 in
638 5257 681 5308 ea
714 5236 861 5328 format,
894 5236 1018 5310 fundat
1052 5243 1088 5309 et
1119 5238 1292 5328 instituit,
1326 5258 1400 5309 rem
1427 5237 1579 5310 divinam
1613 5244 1651 5311 et
1676 5239 1783 5311 boras

231 5354 413 5429 canonicas
430 5360 507 5433 tara
522 5362 711 5435 nocturnas
730 5379 834 5453 quam
851 5358 1003 5455 diumas,
1022 5357 1059 5435 iu
1076 5364 1181 5433 cautu
1200 5359 1353 5451 regulari
1372 5358 1594 5454 expletruos3
1619 5358 1786 5463 ordinans
