4050 6054
1556 562 1559 573 ¹
1680 535 1753 607 395

206 737 288 807 item
315 756 385 807 una
411 735 609 807 hortulanis
636 736 768 808 habeus
795 760 906 830 agros
935 739 977 810 de
1005 739 1128 830 quibus
1156 740 1313 811 omnibus
1332 740 1479 811 solvitur
1497 740 1630 813 decima
1647 745 1757 814 mani·
1847 808 1851 815 a

111 866 113 870 ’
206 856 338 947 pularis
375 862 410 927 et
445 877 508 947 per
536 862 684 947 quatuor
716 858 853 949 ierugas
880 860 1054 950 canapalis
1081 861 1323 931 mansionariis
1349 860 1694 953 Sandomiriensibus,
1720 872 1757 956 et

205 979 348 1048 ducunt
371 997 447 1060 eam
483 978 680 1047 cmetbones
716 978 752 1047 iu
778 979 941 1052 borreum
969 1001 991 1050 a
1017 981 1258 1052 mansionariis
1285 981 1467 1073 locandum
1495 987 1531 1053 et
1556 983 1630 1055 eius
1657 984 1773 1074 valor,

206 1097 250 1169 ad
286 1097 371 1168 duas
404 1118 538 1168 marcas
574 1098 788 1170 aestimatur.
828 1101 917 1172 Item
943 1122 1012 1175 non
1038 1106 1093 1173 est
1119 1100 1169 1172 ibi
1195 1103 1361 1199 taberna,
1388 1124 1458 1174 non
1485 1108 1539 1174 est
1565 1104 1614 1174 ibi
1641 1104 1755 1211 aliqua

205 1220 301 1292 curia
327 1219 497 1310 militaris,
525 1240 634 1310 neque
661 1220 849 1310 praedium.
1204 1293 1205 1296 ,

309 1337 586 1430 Knocuwrczn,
614 1341 698 1412 villa
732 1342 796 1413 sub
831 1342 998 1433 parocbia
1033 1342 1196 1414 ecclesiae
1224 1343 1267 1415 de
1295 1343 1651 1416 Szulislawicze
1678 1346 1755 1437 sita,

205 1462 301 1532 cuius
327 1459 523 1551 proprietas
543 1467 578 1531 et
597 1461 785 1532 dominium
805 1468 940 1553 spectat
958 1462 1003 1533 ad
1020 1463 1267 1534 monasterium
1285 1468 1321 1537 et
1339 1465 1617 1539 sanctimoniales
1634 1454 1772 1557 Sancti

206 1581 367 1668 Andreae
403 1581 446 1653 de
473 1576 720 1673 cracovia,
747 1583 782 1657 in
811 1605 878 1675 qua
905 1589 985 1657 sunt
1013 1589 1162 1674 quatuor
1187 1583 1279 1655 lanei
1306 1585 1560 1676 cmetbonales,
1588 1586 1647 1676 qui
1671 1586 1754 1658 bor-

203 1702 357 1774 tulaniae
384 1701 611 1793 appellantur,
639 1703 681 1775 de
709 1703 832 1794 quibus
858 1704 1035 1795 perceptio
1063 1702 1215 1775 decimae
1242 1705 1467 1796 manipularis
1486 1706 1754 1803 diversificatum
1799 1728 1803 1745 ·

205 1844 284 1893 nam
310 1843 353 1893 ex
381 1823 475 1912 agris
502 1822 579 1894 sitis
606 1824 700 1895 ultra
725 1823 865 1896 fluvium
891 1824 1276 1915 Koprzywyanka
1302 1845 1422 1898 versus
1450 1823 1754 1900 Gieraszowi-

204 1964 279 2014 eze
315 1949 351 2014 et
386 1942 429 2014 de
464 1944 743 2017 extremitatibus
778 1945 972 2046 percipiunt
1007 1944 1102 2031 illam
1132 1945 1359 2015 mansionarii
1384 1945 1691 2039 SandomirienseS,
1719 1951 1754 2019 et

204 2065 333 2135 ducunt
368 2085 443 2136 eam
479 2064 678 2139 cmetbones
715 2066 751 2136 in
778 2066 941 2138 horreum
968 2085 989 2136 a
1015 2065 1256 2159 mansionariis
1283 2065 1465 2138 locandum
1492 2072 1528 2139 et
1555 2066 1653 2137 valor
1680 2067 1753 2139 eius

203 2187 406 2257 aestimatur
442 2186 486 2257 ad
522 2186 608 2257 duas
643 2206 795 2274 marcas3
824 2186 866 2258 de
901 2186 978 2259 aliis
1016 2190 1130 2258 autem
1166 2186 1260 2277 agris
1295 2187 1443 2276 percipit
1478 2187 1573 2257 illam
1609 2188 1759 2272 ecclesia

203 2307 412 2397 parochialis
448 2307 483 2378 in
519 2305 877 2402 Szulislawicze,
916 2305 1004 2376 Item
1039 2311 1093 2376 est
1129 2305 1178 2376 ibi
1211 2307 1358 2376 taberna
1384 2329 1454 2377 una
1479 2307 1611 2378 habens
1638 2329 1752 2399 agros.

207 2427 294 2498 Item
332 2428 464 2499 decima
491 2427 664 2517 canapalis
691 2433 765 2524 tota
792 2422 1075 2498 cedit'ecclesiae
1102 2425 1292 2516 parochiali
1318 2427 1354 2497 in
1380 2426 1754 2517 Szulislawicze3
1782 2481 1784 2485 -

204 2548 286 2618 item
313 2566 381 2617 non
408 2553 462 2619 est
488 2548 537 2619 ibi
563 2547 660 2631 curia
685 2547 802 2637 aliqua
829 2546 1047 2619 coenobialis

308 2666 652 2757 Gunnscuowrczn,
678 2668 760 2739 villa
785 2669 850 2740 sub
868 2665 1278 2757 parocbia'ecclesiaede
1296 2665 1650 2738 Szulislawicze
1677 2668 1754 2757 sita,

205 2790 300 2859 cuius
327 2787 746 2860 haeredesDcrslaus
773 2787 1044 2860 cumfratribus
1070 2787 1113 2859 de
1139 2787 1407 2858 Sborzenna
1433 2792 1499 2858 et.
1526 2841 1533 2857 .
1562 2843 1569 2857 .
1596 2843 1604 2857 .
1630 2788 1753 2863 Dolu-

203 2910 282 2980 szk
292 2911 324 3001 y',
351 2909 387 2980 in
415 2929 483 3001 qua
500 2913 581 2981 sunt
599 2914 747 3000 quatuor
765 2910 856 2980 lanei
875 2908 1117 2998 cmetbonales,
1134 2908 1218 2977 item
1236 2907 1469 2980 molendinum
1486 2909 1619 2979 babens
1637 2918 1753 3000 agros,

203 3030 285 3102 item
321 3029 410 3101 duae
435 3030 655 3108 hortulaniae
683 3030 850 3103 habentes
878 3051 998 3120 agros,
1026 3028 1068 3099 de
1100 3028 1224 3118 quibus
1260 3028 1417 3100 omnibus
1445 3029 1592 3100 solvitur
1619 3029 1753 3100 decima

202 3151 427 3241 manipularis
453 3157 489 3221 et
516 3171 579 3253 per
605 3157 754 3241 quatuor
781 3151 919 3240 ierugas
946 3149 1121 3241 canapalis
1144 3149 1387 3220 mansionariis
1405 3149 1752 3240 Sandomiriensibus,
1874 3154 1878 3167 '

202 3276 237 3342 et
263 3271 393 3343 ducunt
419 3292 495 3342 cam
523 3272 722 3342 cmetbones
749 3271 785 3346 in
811 3271 974 3344 borreum
992 3291 1014 3340 a
1031 3268 1273 3348 mansionariis
1292 3269 1474 3341 locandum
1495 3275 1531 3340 et
1549 3270 1753 3369 aestimatur

202 3391 299 3465 valor
326 3392 400 3463 eius
427 3391 472 3462 ad
500 3396 649 3487 quatuor
675 3410 828 3479 marcas3
857 3389 1113 3480 diversificatur
1139 3395 1265 3478 tamen,
1292 3411 1371 3487 nam
1399 3390 1441 3479 dc
1468 3389 1562 3481 agris
1581 3390 1657 3462 sitis
1675 3412 1753 3462 vcr-

202 3535 260 3584 sus
287 3512 638 3584 Sznlislawicze
665 3510 757 3582 cedit
782 3511 953 3603 episcopo,
981 3510 1059 3591 sitis
1086 3530 1169 3581 vero
1188 3531 1309 3587 versus
1328 3509 1642 3599 Nawodziczo,
1661 3506 1753 3599 pedit

202 3634 453 3722 mansionariis
481 3633 558 3703 sitis
585 3653 668 3704 vero
696 3652 816 3702 versus
843 3631 970 3701 allodia
988 3631 1215 3718 cmethonum,
1235 3631 1326 3702 cedit
1344 3630 1508 3701 ecclesiae
1526 3631 1569 3700 de
1587 3630 1752 3721 Konye-

200 3755 386 3845 mlothy‚
414 3755 469 3825 cui
496 3754 561 3824 soli
588 3753 680 3824 cedit
707 3751 841 3823 decima
868 3729 1059 3842 canapalis,
1086 3752 1252 3823 tabernae
1280 3772 1348 3821 nou
1368 3756 1449 3820 sunt
1468 3771 1579 3839 neque
1599 3749 1752 3839 praedia.

304 3875 437 3947 Hortus
474 3875 567 3945 circa
602 3873 817 3945 ecclesiolam
852 3873 1002 3964 ligneam
1029 3872 1062 3944 S.
1089 3871 1273 3943 Adalberti
1301 3876 1403 3942 extra
1430 3892 1547 3942 muros
1575 3869 1753 3942 Sandomi-

202 3998 335 4069 rienses
371 3998 459 4068 situs
478 4018 572 4066 -cum
608 4015 691 4065 area
726 3998 761 4064 et
796 3992 916 4082 domo,
943 3993 978 4087 in
1007 4013 1074 4083 qua
1101 3991 1183 4064 olim
1209 3990 1479 4081 praebendarius
1507 3988 1539 4061 S.
1568 3989 1753 4061 adalberti

202 4120 378 4192 habitasse
404 4117 590 4207 ferebatur,
618 4115 699 4206 quia
726 4114 967 4186 mansionariis
993 4113 1029 4183 in
1055 4117 1258 4204 perpetuam
1285 4111 1535 4183 haereditatem
1561 4130 1753 4201 concessus,

202 4239 305 4310 solvit
330 4238 571 4310 mansionariis
598 4257 661 4326 pro
689 4256 803 4307 annuo
831 4255 936 4306 censu
963 4255 1065 4305 unam
1091 4253 1251 4305 marcam.

303 4358 410 4430 Kmu.
445 4359 532 4431 item
567 4359 603 4447 in
638 4357 804 4429 suburbio
840 4354 1111 4427 Sandomiriensi
1147 4358 1229 4426 sunt
1263 4354 1340 4444 agri
1366 4352 1474 4453 aliqui
1501 4351 1752 4444 oppidanorum

200 4480 547 4569 Sandomirieusium,
575 4478 634 4570 qui
660 4474 746 4548 Klio
782 4477 1019 4567 appellantur,
1047 4476 1106 4567 qui
1142 4474 1313 4566 quondam
1339 4457 1558 4575 praebendae
1585 4471 1618 4543 S.
1644 4469 1752 4542 Adai-

199 4602 292 4674 berti
318 4601 507 4691 solvebant,
534 4620 625 4671 nunc
651 4619 734 4671 vero
762 4597 900 4670 solvunt
927 4596 1168 4670 mansionariis
1196 4594 1363 4689 decimam
1385 4592 1644 4685 manipularem,
1663 4611 1751 4683 quae

201 4705 404 4795 aestimatur
431 4722 605 4793 adunam
632 4739 793 4791 marcam.
1415 4704 1419 4711 ’
1517 4712 1521 4719 '

256 4967 401 5051 Altero
433 4968 531 5049 olim
564 4967 748 5048 Sanctae
783 4964 995 5070 liedvipis,
1028 4966 1261 5047 extinctum
1295 4968 1340 5044 et
1371 4932 1687 5075 incorporatum

828 5103 1134 5185 Mancinum-iis.

302 5326 525 5399 Fundaverat
560 5324 733 5416 quondam
769 5324 952 5400 Florianus
980 5322 1217 5397 cracoviensis
1244 5320 1444 5412 episcopus,
1472 5318 1632 5392 videlicet
1658 5339 1748 5391 anno

200 5449 340 5530 Domini
379 5450 486 5526 1375.
513 5448 620 5529 tertia
654 5447 855 5542 Februarii,
883 5446 994 5522 altare
1030 5443 1094 5526 sub
1129 5443 1231 5525 titulo
1268 5441 1301 5524 S.
1328 5440 1495 5542 Hedvigis
1530 5442 1566 5523 iu
1602 5438 1748 5524 ecclesia
