4050 6054
1682 511 1728 580 91

178 714 273 783 sorte
300 716 337 780 et
362 709 576 800 proprietate
605 708 691 779 duas
718 708 867 779 decimas
895 709 1140 799 manipulares,
1169 710 1253 799 ipsis
1281 712 1482 802 errantique
1510 736 1573 804 per
1599 719 1731 806 episco-

178 851 258 935 pum
287 836 323 900 et
340 829 528 919 capitulum
546 826 775 930 Cracoviense
793 829 1000 917 attributas,
1028 828 1135 899 uuam
1149 829 1184 898 in
1203 829 1287 900 villa
1312 829 1570 939 Kokotbow
1588 839 1651 910 sub
1670 862 1731 931 pa·
1789 822 1796 832 ’
1841 802 1848 820 ἱ

177 950 487 1037 rochiaecclesiae
515 950 557 1020 de
576 948 621 1017 W
629 949 845 1040 yeliczka
872 949 956 1038 sita,
984 949 1081 1020 cuius
1099 951 1223 1021 haeres
1251 950 1414 1022 Nicolaus
1441 953 1487 1023 W
1496 953 1605 1046 yerz
1614 963 1729 1052 ynek

177 1071 220 1142 de
248 1070 640 1162 Sledzcyowycze,
669 1069 795 1141 nobilis
822 1069 865 1139 de
893 1069 993 1140 domo
1022 1123 1173 1139 .........
1200 1070 1240 1140 Ι1
1259 1093 1328 1161 qua
1350 1080 1431 1144 sunt
1450 1095 1511 1145 sex
1528 1076 1619 1149 lanei
1638 1101 1728 1153 cme-

15 1187 18 1197 '
58 1284 66 1300 ι
177 1191 354 1281 11111111,
386 1191 470 1262 item
497 1212 566 1263 una
593 1191 739 1262 taberna
766 1190 897 1262 habens
924 1211 1045 1280 agros,
1077 1191 1160 1262 item
1188 1191 1292 1262 etiam
1320 1214 1407 1264 unus
1435 1194 1640 1271 hortulanus
1667 1203 1728 1273 ba-

175 1312 260 1384 bens
288 1333 408 1402 agros,
436 1305 519 1383 item
539 1311 685 1382 alteram
709 1310 875 1382 decimam
897 1312 1029 1382 habens
1053 1311 1089 1381 in
1107 1305 1268 1382 Sledz'e
1278 1335 1300 1402 y
1315 1315 1496 1406 owiczc,
1516 1318 1611 1409 villa,
1630 1312 1727 1394 cuius

175 1433 265 1506 idom
284 1432 572 1524 Wyerzynek
591 1438 646 1503 cst
658 1433 799 1521 haeres,
819 1433 882 1503 sub
901 1430 1067 1521 parochia
1084 1432 1189 1502 etiam
1212 1433 1377 1504 ecclesiae
1396 1434 1438 1506 dc
1457 1436 1726 1528 Wyeliczka

175 1555 256 1643 sita,
285 1554 320 1625 in
345 1574 414 1644 qua
431 1575 519 1625 unus
547 1554 667 1623 laneus
695 1552 921 1624 cmetboualis
953 1558 989 1623 et
1012 1573 1081 1623 una
1099 1554 1246 1623 taberna
1272 1555 1403 1626 babens
1432 1577 1549 1647 agros,
1577 1566 1614 1632 et
1636 1562 1724 1636 duae
1789 1635 1794 1644 ,

175 1676 394 1746 hortulauiae
421 1675 526 1747 etiam
545 1675 713 1745 habentes
740 1694 860 1763 agros,
888 1672 1073 1763 dequibus
1101 1674 1259 1745 omnibus
1286 1674 1433 1746 solvitur
1460 1676 1592 1750 decima
1617 1685 1727 1754 mani·

124 1789 128 1795 ’
176 1796 307 1884 pulania
333 1815 397 1885 pro
417 1794 624 1866 sanctuariis
651 1792 848 1882 praedietis,
877 1798 912 1864 et
930 1798 1094 1864 tenentur
1116 1814 1192 1864 eam
1210 1794 1342 1864 incolae
1369 1795 1538 1868 dictarum
1566 1801 1725 1875 villarum

175 1915 326 2004 propriis
353 1915 511 1986 curribus
539 1913 665 1983 ducere
696 1913 731 1982 iu
758 1912 922 1984 borreum
948 1934 969 1983 a
996 1913 1203 1985 sanctuariis
1235 1915 1489 1992 restituendum
1525 1925 1561 1990 et
1587 1922 1727 1996 solvunt

176 2034 343 2106 decimam
370 2035 494 2124 canapi
515 2054 578 2123 per
602 2039 752 2123 quatuor
773 2033 952 2104 iuncturas
980 2038 1016 2103 et
1034 2033 1239 2106 aestimatur
1262 2034 1360 2106 valor
1384 2035 1555 2108 dictarum
1578 2040 1724 2115 duarum

175 2155 384 2227 decimarum
412 2153 456 2229 ad
475 2161 552 2224 octo
580 2174 724 2242 marcas,
751 2159 788 2224 et
805 2175 874 2224 uon
899 2154 1087 2244 participat
1109 2154 1152 2225 de
1170 2154 1368 2225 huiusmodi
1394 2157 1535 2230 decimis
1554 2161 1589 2230 in
1608 2163 1724 2255 aliquo

177 2280 306 2364 custos,
326 2275 387 2346 sed
406 2275 595 2346 sanctuarii
613 2274 784 2345 dictarum
802 2273 948 2345 duarum
966 2274 1125 2345 villarum
1144 2274 1419 2367 Swyathnyky
1438 2283 1474 2348 et
1492 2277 1724 2376 Sczytnyky

173 2397 372 2486 partiuntur
398 2395 476 2466 illas
512 2400 560 2466 et*
573 2395 737 2485 pecunias
768 2395 887 2465 exeis
914 2395 1159 2484 provenientes
1195 2395 1287 2466 inter
1323 2417 1360 2466 sc
1387 2397 1527 2469 viritim.
1571 2401 1657 2473 Item
1686 2405 1721 2474 in

173 2518 255 2588 villa
280 2515 532 2593 Kokothou
560 2516 691 2587 nullum
718 2521 773 2586 est
789 2514 979 2604 praedium,
1005 2535 1117 2604 neque
1136 2515 1241 2605 curia,
1269 2515 1304 2585 in
1324 2517 1406 2586 villa
1424 2539 1506 2590 vero
1534 2520 1721 2615 Slodzyo·

173 2639 308 2708 wloze
337 2643 391 2709 est
409 2637 505 2708 curia
522 2636 684 2708 militaris
702 2636 834 2706 babens
853 2656 956 2726 agros
973 2634 1182 2725 praediales,
1210 2635 1252 2705 de
1271 2636 1395 2725 quibus
1415 2640 1561 2710 solvitur
1580 2641 1722 2718 decima.

170 2758 258 2829 Item
286 2759 320 2828 iu
347 2758 526 2848 praedicta
553 2757 636 2829 villa
663 2755 961 2848 Sczythnyky
988 2763 1069 2828 sunt
1097 2758 1247 2845 quatuor
1274 2759 1481 2855 sanctuarii,
1510 2761 1569 2849 qui
1596 2784 1721 2835 vocan-

170 2886 228 2950 tur
255 2873 510 2969 Krzeczk'y,
539 2884 576 2949 et
592 2877 629 2949 hi
646 2898 715 2951 non
734 2877 946 2967 participant
964 2897 1041 2948 cum
1059 2876 1136 2949 aliis
1155 2877 1362 2959 sanctuariis
1390 2877 1432 2949 de
1452 2879 1593 2953 decimis
1620 2905 1721 2973 prae·

169 2999 264 3089 fatis,
292 2999 353 3071 sed
380 2997 423 3071 de
450 2998 583 3070 decima
610 2999 645 3069 iu
672 2997 893 3070 Gzcrzow.
988 3074 992 3082 ,

272 3118 418 3209 Goarr,
436 3120 543 3192 tertia
560 3118 643 3190 villa
657 3119 932 3191 sanctuariorum
950 3118 1014 3191 sub
1032 3118 1199 3208 parocbia
1216 3118 1381 3191 ecclesiae
1399 3119 1441 3191 de
1459 3120 1677 3214 Mogylan
1686 3149 1720 3217 y,

169 3262 278 3331 prope
301 3239 464 3331 oppidum
490 3239 715 3332 Skauyna
743 3241 819 3311 sita.
863 3239 903 3312 In
922 3261 991 3330 qua
1013 3238 1193 3311 duodecim
1220 3239 1418 3312 cmetboucs
1442 3262 1503 3313 seu
1522 3248 1719 3337 sanctuarii,

64 3461 66 3464 y
168 3370 205 3434 et
223 3362 403 3447 duodecim
429 3360 550 3435 domus
576 3367 614 3434 et
631 3360 847 3450 habitacula,
875 3360 961 3431 alias
987 3355 1191 3449 azedliszlca,
1219 3381 1366 3451 quorum
1392 3368 1470 3433 octo
1489 3364 1628 3435 solvunt
1655 3388 1718 3455 pro

168 3504 282 3556 annuo
309 3504 415 3555 censu
439 3483 584 3574 singulis
611 3483 711 3553 annis
739 3482 885 3572 quilibet
911 3502 973 3571 per
1000 3480 1148 3552 mediam
1175 3501 1334 3570 marcam,
1362 3487 1511 3572 quatuor
1539 3506 1621 3579 vpro
1653 3509 1716 3577 per

168 3626 274 3677 uuum
300 3604 559 3695 fertonem-pro
578 3625 692 3675 annuo
720 3623 839 3691 censu,
866 3623 936 3672 nou
959 3602 1088 3673 babent
1116 3623 1219 3691 agros
1246 3601 1281 3671 in
1299 3601 1417 3672 laneos
1445 3602 1627 3675 distinctos
1654 3608 1715 3678 sed
1777 3689 1779 3693 Α

60 3750 69 3757 ·
168 3727 204 3799 in
222 3727 352 3817 pecias,
375 3732 410 3799 et
429 3746 561 3798 summa
579 3745 711 3812 causus,
731 3745 833 3815 quam
857 3723 995 3795 solvunt
1013 3722 1190 3794 custodiae
1209 3721 1438 3812 Gracovieusi,
1465 3722 1548 3815 facit
1567 3725 1717 3815 quinque

168 3868 311 3921 marcas.
356 3847 434 3918 Non
466 3845 551 3919 dant
582 3845 731 3936 praelati
762 3845 961 3915 cmetbones
991 3843 1127 3914 custodi
1158 3864 1271 3935 accep,
1303 3863 1414 3932 neque
1442 3864 1573 3933 caseos,
1606 3867 1717 3937 neque

167 3969 295 4059 gallos,
323 3989 433 4058 neque
461 3989 544 4056 ova,
572 3967 615 4038 ab
635 3965 792 4038 omnibus
819 3965 925 4036 ctiam
951 3963 1129 4035 laboribus
1156 3962 1342 4039 ordinariis
1370 3970 1405 4034 et
1430 3965 1717 4040 extraordinariis

168 4095 203 4161 et
230 4090 274 4160 ab
302 4089 459 4160 omnibus
491 4087 595 4161 datiis
626 4093 662 4158 et
674 4137 678 4140 -
680 4081 853 4181 paradino
882 4085 1047 4156 libertati.
1092 4083 1179 4154 Item
1213 4104 1331 4157 omnes
1361 4083 1510 4174 praefati
1537 4086 1716 4160 duodecim

167 4211 366 4283 cmetboucs
393 4230 455 4280 seu
479 4209 667 4281 sanctuarii
694 4208 737 4278 de
761 4207 917 4279 omnibus
945 4206 1038 4296 agris
1061 4222 1180 4277 eorum
1206 4205 1293 4276 nulli
1311 4205 1396 4276 daut
1414 4205 1579 4278 decimam
1607 4192 1716 4280 maui—
1781 4300 1782 4303 Ἴ

166 4332 322 4422 pularem
349 4338 411 4402 aut
436 4331 667 4421 pecunialem,
696 4329 756 4400 sed
784 4328 931 4418 quilibet
960 4327 1002 4397 de
1030 4327 1124 4415 agris
1151 4326 1302 4416 propriis
1333 4327 1429 4397 illam
1455 4349 1518 4417 pro
1547 4349 1584 4399 sc
1611 4330 1713 4419 tollit,

166 4452 313 4542 plebano
340 4450 577 4524 tantummodo
605 4451 647 4522 de
674 4449 924 4540 Mogylauy
956 4447 1090 4519 solvere
1117 4452 1255 4518 tenetur
1289 4447 1434 4538 quilibet
1461 4470 1580 4520 eorum
1608 4448 1713 4521 unum

112 4652 117 4659 ¹
166 4593 297 4646 avenae
324 4573 484 4662 chorum,
515 4594 584 4642 non
611 4578 665 4643 est
691 4572 741 4643 ibi
767 4569 966 4644 hortularia
993 4569 1125 4659 aliqua,
1157 4588 1267 4658 neque
1293 4568 1491 4658 praedium,
1523 4590 1633 4659 neque
1660 4578 1713 4641 ta-

166 4694 292 4784 berna,
321 4714 433 4785 beque
463 4692 714 4782 molendinum,
745 4692 851 4765 habet
884 4691 989 4762 etiam
1019 4689 1199 4781 praedicta
1230 4689 1313 4761 villa
1346 4690 1437 4762 bona
1467 4690 1620 4779 vngulta
1649 4711 1713 4781 pro

166 4816 441 4888 sanctuariorum
467 4814 683 4886 necessitate.
727 4813 816 4884 Item
846 4811 998 4885 confluat
1023 4811 1117 4883 dicta
1148 4811 1334 4883 villacum
1366 4810 1456 4881 villis
1483 4809 1715 4883 Wrzosso-

127 4987 130 4991 -
167 4957 314 5028 wycze
332 4943 368 5009 et
385 4935 435 5007 ibi
453 4935 576 5007 fluvius
603 4934 716 5008 dictus
743 4934 1025 5026 Woszn.ycza
1051 4932 1192 5022 dividit,
1221 4932 1305 5004 Item
1328 4951 1405 5002 cum
1431 4914 1714 5031 It'zepohotary

165 5065 202 5129 at
227 5058 277 5130 ibi
303 5057 435 5148 scopuli
460 5078 525 5148 pro
552 5057 757 5146 medietate,
791 5076 855 5147 pro
882 5054 1069 5129 medietate
1095 5060 1212 5127 autem
1237 5052 1386 5125 iniuriae
1412 5051 1493 5145 binc
1519 5049 1599 5125 iude
1625 5038 1714 5126 irro-

164 5183 312 5270 gantur,
345 5178 430 5267 item
464 5199 541 5251 cum
577 5177 861 5289 Szeprapfflt
885 5176 935 5250 ibi
962 5175 1111 5266 scopuli,
1147 5172 1209 5247 scd
1242 5173 1280 5244 iu
1315 5192 1384 5244 uuo
1418 5172 1494 5243 loco
1530 5160 1715 5247 violati‘et

160 5298 352 5391 destructi,
390 5300 428 5376 in
461 5299 633 5395 aliquibus
666 5296 904 5376 autcmlloois
939 5296 1065 5377 1111111
1084 5294 1308 5386 ,8111111
1339 5290 1482 5385 dividit,
1516 5292 1601 5367 item
1637 5316 1713 5369 cum
1770 5278 1774 5286 ’
