4050 6054
1736 470 1811 543 425

149 757 153 765 ,
263 677 478 767 Pleszovv‚
505 675 675 767 saccrdor,
703 697 791 767 quae
817 697 882 767 pro
909 676 963 748 sui
990 676 1071 748 dote
1097 674 1204 748 babet
1223 673 1389 747 decimam
1407 673 1654 766 manipularem
1675 676 1709 746 in
1727 675 1813 748 Ma-

264 798 513 890 drzecbow‚
542 799 639 869 cuius
666 799 851 870 canonicus
878 802 946 888 pro'
968 802 1124 888 tempore
1151 797 1273 869 unicus
1300 803 1353 868 cst
1378 802 1555 887 patronus.

368 919 677 1008 Mannnzncnow,
703 918 787 991 villa
813 919 877 990 sub
904 918 1071 1008 parocbia
1097 918 1262 989 eeclesiae
1292 917 1335 988 de
1361 916 1594 990 Boleslaw
1621 919 1697 1008 sita,
1716 919 1813 991 cuius

263 1041 387 1110 haeres
413 1039 590 1112 Johannes
616 1039 913 1129 Lipniczsky,
940 1038 1066 1110 nobilis
1093 1039 1136 1110 de
1163 1038 1263 1110 domo
1290 1037 1568 1129 Polukozya
1595 1039 1630 1109 in
1657 1060 1814 1129 quanon

264 1167 346 1232 sunt
380 1160 472 1231 lanei
507 1161 736 1249 emensurati,
763 1181 874 1250 neque
910 1159 1085 1249 distincti,
1113 1158 1175 1230 scd
1199 1165 1291 1251 *sunt
1322 1159 1358 1229 in
1384 1159 1445 1229 illa
1471 1158 1588 1230 decem
1615 1161 1814 1231 cmetbones

264 1281 435 1352 habentes
470 1301 592 1370 agros,
619 1280 806 1352 secundnm
832 1280 952 1370 magis
979 1285 1040 1351 ant
1065 1280 1197 1370 minus,
1223 1299 1334 1370 neque
1361 1278 1520 1350 ordinate
1547 1279 1625 1350 illos
1652 1279 1815 1371 colentes,

266 1400 327 1472 sed
361 1422 431 1491 pro·
460 1401 603 1491 proprio
630 1402 777 1473 arbitrio
805 1407 841 1472 et
866 1401 1062 1491 voluntate,
1090 1400 1285 1491 dequibus
1313 1400 1471 1471 omnibns
1499 1399 1638 1471 solvunt
1664 1401 1815 1473 solvere-

265 1543 332 1612 que
358 1527 521 1593 tenentur
548 1522 713 1594 decimam
742 1522 991 1612 manipularem
1019 1522 1169 1594 vicariae
1196 1521 1394 1593 Visliciensi
1420 1519 1607 1611 praefatae,
1625 1523 1715 1592 etin
1733 1523 1815 1593 bor·
1898 1589 1903 1607 ,

265 1663 363 1712 reum
390 1643 582 1714 conducere
608 1663 631 1714 a
656 1642 786 1714 vicario
813 1642 1005 1714 locandum.
1031 1643 1162 1716 Verum
1191 1643 1272 1733 quia
1290 1643 1372 1714 villa
1389 1641 1547 1732 praefata
1564 1643 1599 1713 in
1615 1643 1691 1714 loco
1710 1645 1813 1715 basso
1942 1626 1945 1630 ⁵

266 1763 343 1852 sita
370 1769 407 1834 et
431 1763 557 1835 fluvius
584 1762 848 1835 Visla'undis
875 1770 912 1834 et
938 1750 1169 1836 alluvionibus
1196 1742 1333 1834 inflatus
1358 1760 1559 1854 frequenter
1585 1763 1659 1835 eins
1678 1771 1814 1855 segetes

267 1883 429 1974 devorat,
454 1884 589 1985 incolae
624 1884 728 1955 villae
764 1884 958 1974 praefatae,
986 1905 1028 1956 en
1055 1890 1158 1975 pacto
1185 1904 1262 1957 cum
1289 1883 1418 1956 vicario
1445 1904 1509 1974 pro
1536 1891 1691 1974 tempore
1717 1885 1816 1974 inito,

262 1994 406 2076 'solvunt
433 2005 500 2077 sibi
527 2026 590 2095 pro
618 2004 691 2093 illa
705 2009 742 2075 et
767 2005 842 2076 eius
869 2005 944 2077 inre
971 2005 1070 2076 annis
1095 2005 1240 2095 singulis
1259 2004 1346 2077 duas
1364 2025 1507 2100 marcas.
1533 2007 1620 2077 Item
1639 2006 1675 2076 in
1694 2005 1813 2077 eadem
1894 2083 1899 2091 ,

267 2125 350 2197 villa
377 2146 444 2195 non
472 2131 526 2196 est
551 2126 731 2216 praedium
758 2127 918 2216 militare,
944 2146 1056 2217 neque
1073 2127 1228 2215 taberna,
1246 2146 1357 2216 neque
1374 2126 1587 2215 hortulania3
1614 2126 1696 2198 item
1714 2146 1815 2217 prae·

267 2245 380 2316 benda
405 2238 563 2335 praefata
589 2268 657 2318 non
685 2249 791 2319 habet
818 2247 1027 2318 domicilium
1054 2248 1090 2318 in
1117 2246 1243 2338 oppido
1271 2246 1479 2319 Visliciensi.

218 2447 223 2455 ¹
259 2413 260 2417 η
378 2368 466 2438 Item
501 2369 699 2457 praebenda
734 2367 891 2458 praefata
926 2369 1023 2440 iuxta
1058 2368 1202 2458 antiqua
1238 2372 1274 2439 et
1308 2389 1399 2438 nova
1430 2375 1589 2458 regestra
1614 2373 1735 2439 taxata
1760 2372 1817 2438 est

270 2486 314 2556 ad
342 2541 350 2556 .
377 2541 385 2556 .
412 2541 420 2556 .
448 2542 456 2557 .
1606 2487 1612 2502 “

608 2746 610 2751 ’
725 2751 969 2833 Praebenda
1005 2752 1370 2858 Wyducbowslm.

332 3014 336 3020 -
372 2969 491 3044 Tertia
517 2973 715 3076 praebenda
741 2973 968 3047 Wisliciensis
994 2973 1263 3047 Widucbowska
1288 2980 1442 3066 vocatur,
1467 2974 1669 3067 principalis
1688 2975 1816 3047 etenim

269 3082 401 3164 decima
419 3114 482 3165 sua
499 3095 535 3165 in
554 3095 637 3166 villa
653 3093 719 3165 Wi
730 3094 931 3167 duchowa
958 3096 1127 3186 consistit,
1158 3117 1179 3166 a
1197 3117 1265 3187 qna
1283 3101 1318 3168 et
1335 3096 1534 3186 praebenda
1551 3096 1817 3187 appellationem

270 3214 436 3304 sumpsit;
462 3236 539 3286 carn
574 3235 665 3286 nunc
691 3221 787 3287 tenet
812 3216 977 3288 Nicolaus
1004 3214 1234 3308 Obulyecz
1261 3217 1304 3287 de
1331 3217 1665 3307 Brnnoezicze‚
1692 3217 1818 3288 nobilis

270 3333 312 3405 de
340 3334 441 3406 domo
467 3333 788 3427 Odrowansch,
815 3357 903 3427 quae
929 3357 1002 3427 pro.
1020 3357 1084 3408 sua
1110 3336 1192 3408 dote
1218 3341 1255 3408 et
1280 3337 1496 3427 proprietate
1523 3359 1592 3408 non
1619 3337 1727 3408 babet
1754 3337 1816 3407 ali·
1944 3392 1948 3398 .

270 3476 372 3545 quam
399 3457 525 3547 villam,
554 3458 615 3530 sed
641 3456 878 3529 tantummodo
907 3457 1057 3530 decimas
1083 3456 1316 3547 manipulares
1339 3457 1522 3530 cuiuslibet
1551 3459 1652 3547 grani
1670 3457 1706 3529 in
1724 3457 1817 3530 villis

271 3573 362 3646 infra
387 3575 581 3668 descriptis.

373 3696 643 3788 Wrnucrrovvn,
669 3698 753 3770 villa
780 3700 844 3771 sub
870 3699 1037 3789 parocbia
1062 3698 1229 3771 eeclesiae
1258 3698 1301 3771 de
1327 3697 1350 3771 J
1360 3700 1499 3771 anina
1525 3698 1603 3789 sita,
1622 3699 1719 3770 cuius
1737 3698 1819 3770 hae-

271 3817 404 3890 reditas
437 3824 473 3891 et
500 3818 687 3891 dominium
715 3841 778 3909 pro
806 3841 875 3891 nna
901 3819 1087 3892 medietate
1114 3820 1266 3909 pertinet
1292 3819 1337 3891 ad
1362 3816 1557 3891 Johannem
1584 3818 1819 3891 Naschian
1930 3802 1931 3807 ¹

272 3938 315 4010 de
340 3937 614 4030 Ostrowcze,
640 3940 791 4012 nobilem
818 3940 860 4011 de
878 3941 984 4012 armis
1002 3940 1321 4030 Bippennium;
1347 3960 1411 4030 pro
1429 3939 1541 4012 altera
1559 3945 1673 4012 autem
1692 3940 1819 4012 medie-

270 4064 344 4130 tato
369 4061 522 4151 pertinet
549 4061 593 4132 ad
619 4060 761 4132 Petmm
787 4059 1160 4151 Myedzigorsky‚
1187 4058 1517 4132 nobilemdedomo
1544 4059 1818 4151 Kopaszina,

271 4181 307 4249 in
334 4201 403 4270 qua
429 4187 511 4252 sunt
537 4182 685 4253 sedecim
699 4182 803 4254 ‚lanei
830 4181 1072 4271 cmetbonales',
1100 4182 1184 4252 item
1210 4181 1299 4264 duae
1325 4181 1493 4254 tabernae
1519 4182 1687 4253 babentes
1705 4202 1819 4272 agros,

270 4301 354 4374 item
379 4301 598 4373 hortulaniae
625 4303 730 4374 etiam
756 4303 925 4374 habentes
951 4323 1064 4393 agros,
1090 4309 1126 4374 et
1153 4301 1196 4373 dc
1222 4322 1264 4373 aa
1282 4301 1420 4392 quidem
1437 4302 1635 4393 medietate,
1654 4323 1742 4392 quae
1761 4307 1819 4372 est

270 4420 440 4505 lobannis
466 4422 720 4512 Naschian,
747 4423 886 4494 solvunt
914 4423 1112 4493 cmetbones
1139 4422 1305 4493 decimam
1332 4422 1583 4513 manipularem
1609 4428 1646 4493 ct
1672 4441 1820 4511 canapa-

270 4541 338 4610 lem
372 4562 436 4632 per
471 4551 620 4633 quatuor
646 4544 785 4634 ierugas
811 4543 1029 4634 praebendae
1055 4541 1251 4632 praelatae,
1278 4542 1434 4615 ducendo
1461 4543 1555 4615 illam
1582 4543 1618 4614 in
1645 4543 1818 4633 horreum,

272 4669 308 4733 et
338 4662 436 4734 valor
472 4663 546 4735 eius
573 4665 776 4736 aestimatur
803 4663 848 4735 ad
875 4669 952 4735 octo
978 4683 1131 4752 marcas;
1158 4663 1194 4734 in
1221 4663 1333 4735 altera
1357 4670 1473 4736 autem
1499 4664 1714 4755 medietate„
1732 4684 1820 4754 quae

272 4789 326 4853 cst
360 4782 530 4855 Johannis
556 4783 930 4876 Myedzigorsky‚
957 4784 1097 4856 solvunt
1122 4804 1198 4856 eam
1224 4784 1375 4855 vicariae
1403 4784 1621 4874 Visliciensi,
1648 4785 1692 4855 ad
1719 4804 1820 4874 prae-

271 4903 419 4976 bendam
445 4904 636 4994 praefatam
662 4905 860 4995 pertinenti.
894 4904 982 4976 Item
1008 4905 1044 4975 in
1071 4904 1191 4977 eadem
1217 4904 1301 4977 villa
1327 4910 1409 4976 sant
1435 4903 1523 4976 dnae
1550 4904 1666 4975 curiae
1692 4904 1820 4976 milita-

272 5044 328 5093 res
363 5025 618 5115 tantummodo‚
647 5026 814 5096 babentes
850 5025 918 5097 duo
945 5023 1107 5116 praedia,
1134 5024 1296 5096 videlicet
1330 5023 1500 5096 Jobannis
1525 5023 1560 5099 N
1569 5025 1757 5096 ascbian
1784 5031 1821 5096 et

271 5142 368 5215 Petri
403 5145 443 5215 M
451 5146 776 5237 yedzigorsby,
803 5152 839 5219 et
865 5146 942 5237 agri
976 5147 1156 5237 utriusque
1192 5145 1326 5234 praedii
1354 5145 1493 5217 solvunt
1519 5146 1685 5217 decimam
1712 5148 1822 5218 mani·

270 5265 424 5352 pularem
451 5267 614 5337 ecclesiae
641 5267 832 5356 parochiali
859 5267 995 5338 eteius
1023 5267 1170 5357 plebano
1197 5266 1233 5336 in
1252 5265 1275 5337 J
1281 5266 1429 5358 anina,
1448 5270 1484 5339 et
1503 5265 1601 5338 valor
1618 5268 1693 5338 eins
1713 5267 1818 5339 aesti-
1883 5255 1888 5264 ’

273 5392 388 5457 matur
414 5386 459 5458 ad
486 5442 493 5456 .
521 5442 528 5456 .
557 5442 564 5456 .

375 5552 535 5597 himiltrude.
858 5563 861 5568 ·
1553 5563 1557 5567 ·
1612 5524 1654 5585 54
