4050 6054
1633 528 1702 602 641

155 738 262 810 habet
287 758 411 810 nonem
438 758 577 811 mansos
604 744 641 811 et
667 742 721 810 tot
748 737 956 828 emethones,
984 737 1042 828 qui
1070 735 1209 808 solvunt.
1235 757 1299 827 per
1325 724 1584 829 quatirardeeirrr
1612 744 1703 809 seot-

154 867 220 933 tos.
255 858 341 930 Item
378 861 465 930 dirae
502 861 739 950 hortulauiae,
767 882 837 931 uua
873 860 976 932 solvit
1003 880 1063 930 sex
1091 864 1240 949 scottos,
1268 859 1380 929 altera
1407 836 1486 930 oeta
1513 864 1643 931 seattas
1670 864 1706 929 et

155 981 375 1053 medietatem
403 981 553 1052 omnium
582 1002 734 1070 onerum,
762 988 927 1070 quantum
954 971 1043 1052 uuus
1071 981 1220 1070 emeth03
1256 980 1337 1051 item
1366 985 1446 1070 post
1471 1000 1589 1051 omnes
1616 998 1706 1051 eme-

154 1103 298 1192 thanes,
325 1109 360 1172 ct
394 1122 497 1191 agros
532 1103 767 1174 tabernataris
795 1108 830 1173 et
856 1101 1138 1192 hortulanarum,
1165 1102 1249 1172 item
1275 1105 1356 1192 past
1382 1120 1484 1191 agros
1511 1101 1705 1191 praediales

156 1223 287 1294 decima
321 1223 474 1312 pertinet
505 1223 549 1293 ad
577 1223 811 1313 episcopatum
837 1223 1116 1313 Lubnezensem,
1144 1228 1180 1293 et
1207 1223 1305 1293 valor
1331 1223 1535 1293 aestimatur
1561 1221 1635 1293 eius
1662 1221 1706 1292 ad

155 1365 216 1414 sex
243 1363 386 1413 mareas.
413 1342 460 1413 Et
488 1344 587 1432 scias,
615 1344 707 1433 quod
733 1351 888 1434 tempore
915 1342 1082 1434 Stephani
1109 1343 1261 1433 episcopi
1288 1342 1429 1414 iuuerunt
1447 1342 1563 1414 decem
1583 1348 1706 1432 sortes,

156 1440 217 1539 sed
252 1464 355 1535 hodie
391 1485 461 1535 una
488 1485 565 1534 sors
592 1465 717 1535 colitur
743 1486 807 1556 per
833 1466 1030 1556 episcopum
1059 1469 1094 1536 et
1120 1485 1221 1534 versa
1247 1469 1302 1536 est
1328 1465 1363 1535 in
1391 1486 1512 1555 agrum
1548 1464 1707 1553 praedia·

155 1585 232 1656 lem.
271 1585 359 1656 Item
395 1586 541 1656 taberna
577 1606 683 1676 penes
718 1586 885 1676 piscinam
913 1587 1019 1657 soluit
1046 1586 1131 1657 duas
1158 1605 1291 1656 mereas
1318 1593 1354 1657 et
1381 1591 1531 1676 quatuor
1566 1592 1705 1677 scottae,

154 1727 242 1796 quae
268 1707 402 1796 piscina
428 1714 482 1777 est
508 1708 678 1797 episeopi3
706 1708 937 1780 molendinum
964 1709 1091 1779 ibidem
1119 1707 1223 1779 solvit
1249 1729 1353 1779 unam
1379 1729 1549 1797 marcam,
1577 1712 1613 1778 et
1639 1708 1704 1778 ibi-

156 1826 234 1899 dem
269 1810 452 1918 episeapus
488 1828 703 1899 Lubueensis
739 1830 844 1900 habet
881 1836 1058 1900 araturam
1085 1851 1187 1900 unam
1216 1833 1251 1900 et
1278 1834 1388 1920 prata.
1415 1828 1502 1899 Item
1529 1849 1593 1920 pra
1619 1849 1707 1923 rope-

148 1936 289 2043 qd'rzawe
314 1948 459 2040 quilibet
487 1950 622 2020 emetha
650 1950 754 2022 solvit
782 1951 867 2022 duos
893 1971 1045 2041 grossas,
1073 1956 1110 2021 et
1136 1951 1306 2022 terminus
1333 1950 1536 2022 Natiuitatis
1564 1949 1704 2039 Christi,

35 2138 45 2151 ,
154 2070 238 2141 item
264 2090 328 2161 pra
355 2070 466 2142 haedo
493 2070 642 2141 medium
668 2093 836 2163 grassum,
863 2073 1031 2143 terminus
1058 2071 1222 2161 Paschae,
1241 2072 1324 2143 item
1343 2092 1406 2161 pro
1424 2093 1482 2164 sep
1510 2071 1702 2143 autumnali

157 2190 302 2281 quilibet
338 2194 472 2263 emet-ho
509 2192 595 2263 duas
622 2194 745 2265 charas
772 2195 900 2284 tritici,
927 2195 1011 2265 item
1038 2215 1102 2284 pra
1128 2216 1186 2287 sep
1213 2194 1370 2265 aestivali
1398 2192 1544 2282 quilibet
1570 2191 1706 2264 emetha

154 2310 228 2383 tres
256 2311 380 2383 eliaros
407 2334 556 2401 arenae3
592 2315 673 2383 item
700 2315 864 2386 laborant
889 2335 952 2405 per
979 2314 1065 2386 duos
1092 2314 1165 2386 dies
1193 2316 1228 2385 in
1255 2316 1464 2418 septimana,
1492 2314 1575 2385 item
1604 2314 1706 2404 quili-

156 2434 217 2504 bet
242 2435 378 2505 emetho
406 2435 508 2505 solvit
535 2436 570 2504 in
597 2434 686 2506 festa
713 2436 970 2525 assumptionis
997 2437 1083 2507 duos
1110 2436 1237 2526 pullaS,
1264 2436 1348 2507 item
1376 2437 1411 2505 in
1437 2435 1526 2506 festo
1552 2434 1707 2506 Paschae

158 2554 303 2645 triginta
330 2577 404 2646 ara,
432 2557 519 2627 duos
547 2577 674 2628 caseos.
701 2557 789 2628 Item
816 2579 879 2647 pro
907 2558 1058 2629 statione
1084 2559 1187 2648 regiS,
1215 2558 1350 2647 quoties
1377 2578 1439 2628 rex
1466 2557 1602 2627 venerit
1628 2554 1707 2646 Op·

159 2676 446 2767 pa-thaviam,
483 2699 542 2748 sax
578 2700 719 2767 grossos
756 2679 902 2768 quilibet
937 2679 980 2749 de
1016 2699 1153 2769 mansa,
1181 2679 1262 2750 item
1301 2679 1445 2768 quilibet
1472 2678 1607 2749 emetha
1634 2682 1708 2749 tres

158 2797 281 2869 ehoras
308 2818 447 2889 avenae,
474 2799 592 2870 decem
620 2821 693 2890 ora,
721 2800 807 2870 duas
835 2820 953 2873 caseos
981 2807 1017 2871 et
1044 2800 1130 2871 duos
1157 2799 1279 2890 pullas.

261 2918 557 3010 RusznawrneZ,
585 2921 668 2991 villa
700 2923 764 2993 sub
791 2923 957 3013 paroehia
984 2922 1149 2992 eeclesiae
1177 2921 1220 2992 de
1247 2920 1472 2992 Iluszlraw
1498 2921 1583 3010 sita,
1611 2920 1708 2992 euius

157 3041 353 3132 proprietas
389 3048 425 3113 et
461 3042 649 3112 dominium
685 3043 730 3113 ad
757 3044 955 3133 episcopum
983 3042 1241 3114 Lubuezensem
1269 3042 1440 3132 pertinet;
1468 3042 1503 3113 in
1530 3042 1599 3112 ista
1624 3042 1708 3113 villa

157 3167 238 3233 sunt
264 3162 415 3253 quinque
442 3144 567 3252 mansi,
591 3164 633 3234 de
661 3164 785 3254 quibus
811 3165 934 3235 rustici
961 3165 1100 3235 solvunt
1126 3170 1280 3235 tantum:
1307 3164 1419 3253 prima
1447 3162 1579 3233 Petir
1604 3163 1710 3235 solvit

157 3303 260 3355 uuam
287 3304 437 3355 marcam
465 3339 473 3353 .
501 3340 508 3354 .
536 3339 543 3354 .
571 3340 578 3353 .
606 3284 692 3355 duas
719 3306 870 3373 mereas;
897 3286 980 3357 item
1008 3284 1062 3355 Sa
1070 3307 1093 3375 g
1120 3284 1269 3356 sedecim
1297 3290 1427 3355 scottos
1455 3339 1462 3354 .
1490 3339 1497 3354 .
1525 3339 1533 3355 .
1560 3285 1708 3356 mediam

156 3424 327 3494 marcam,
354 3406 436 3477 item
464 3404 647 3476 blaezlre
675 3406 797 3497 viginti
816 3412 946 3477 scottos
964 3405 1112 3476 mediam
1131 3425 1300 3492 meream3
1327 3406 1412 3475 item
1431 3403 1593 3476 Galier
1621 3405 1705 3476 duo·

68 3584 71 3589 .
157 3524 266 3597 deeim
303 3532 432 3597 scottos
468 3527 614 3597 mediam
651 3546 876 3616 sexagenam3
912 3527 995 3598 item
1024 3525 1236 3596 Audrzre
1264 3525 1386 3615 viginti
1414 3531 1564 3613 seattos;
1592 3580 1599 3594 .
1627 3579 1635 3594 .
1663 3580 1706 3595 ..

156 3646 303 3718 mediam
331 3668 499 3737 meream3
526 3649 608 3717 item
636 3649 839 3719 tabernator
866 3648 971 3719 solvit
998 3648 1084 3718 duas
1111 3668 1243 3718 meraas
1271 3653 1307 3717 et
1334 3647 1449 3716 onrnia
1475 3667 1590 3735 onera,
1617 3646 1708 3717 sieut

157 3788 245 3839 unus
281 3769 427 3840 emetha.
462 3768 550 3839 ltem
577 3791 641 3859 pra
667 3791 871 3863 rapqarauae
898 3769 1043 3859 quilibet
1070 3770 1204 3839 emetha
1233 3767 1318 3839 duos
1344 3789 1502 3857 grassm,
1530 3768 1613 3838 item
1640 3787 1707 3857 pro

158 3888 269 3961 haedo
295 3890 444 3961 medium
471 3911 640 3981 grossum,
667 3891 751 3961 item
778 3912 841 3980 pro
869 3913 926 3984 sep
954 3891 1143 3961 aratumuali
1172 3889 1317 3979 quilibet
1344 3890 1480 3960 emetha
1499 3889 1603 3960 solvit
1620 3888 1707 3959 duas

157 4010 280 4082 choros
306 4011 426 4100 tritici,
454 4011 537 4082 item
565 4033 628 4100 pra
655 4033 712 4105 sep
740 4013 897 4083 aestivali
924 4019 996 4083 tres
1025 4013 1148 4083 elroras
1176 4032 1314 4101 avenae,
1341 4011 1424 4082 item
1454 4010 1598 4100 quilibet
1618 4030 1708 4080 erne·

157 4132 219 4202 tha
247 4133 282 4203 in
308 4130 397 4203 sesto
434 4132 692 4222 Assumptionis
729 4133 815 4205 duos
841 4133 973 4235 pullas,
1000 4134 1082 4204 item
1110 4134 1144 4203 in
1172 4132 1260 4203 festa
1288 4132 1442 4203 Paschae
1469 4132 1617 4222 triginta
1643 4151 1709 4202 ova

157 4257 193 4324 et
220 4252 305 4325 duas
333 4274 460 4344 caseoS,
479 4254 564 4325 duos
582 4255 705 4344 pullas.
731 4255 819 4326 Item
839 4277 902 4346 pro
922 4256 1071 4326 statione
1091 4256 1194 4344 regis,
1214 4256 1349 4344 quoties
1368 4252 1708 4343 Oppatlroviam

157 4375 303 4463 venerit,
331 4396 391 4445 sex
417 4396 568 4465 grossas,
596 4384 669 4447 tres
697 4378 821 4447 choras
849 4397 987 4467 avenae,
1014 4376 1132 4446 decem
1160 4396 1226 4446 ova
1253 4380 1288 4444 et
1314 4374 1401 4445 duos
1428 4394 1546 4445 caseos
1570 4380 1606 4444 et
1624 4374 1709 4444 duos

52 4546 59 4555 .
157 4494 280 4584 pullos.
306 4495 498 4585 Episeopus
525 4498 631 4568 habet
658 4497 785 4568 ibidem
812 4496 913 4586 plura
939 4503 1052 4587 prata,
1079 4518 1146 4566 nou
1175 4497 1282 4567 habet
1309 4502 1424 4567 tamen
1452 4495 1591 4585 aliquod
1610 4516 1710 4584 prae-

158 4615 263 4686 dium.
289 4616 378 4686 Item
405 4617 622 4688 hortulaniae
650 4640 717 4689 non
746 4624 826 4689 sunt
852 4619 989 4708 aliquae
1017 4619 1051 4687 in
1070 4616 1153 4688 uilla
1169 4616 1335 4707 praelata.
1362 4617 1597 4707 Searsyna,
1616 4615 1711 4686 istud

157 4735 389 4807 molendinum
417 4737 522 4807 solvit
549 4760 650 4808 unam
679 4759 894 4829 sexagenum,
923 4738 1005 4808 item
1032 4737 1081 4808 ibi
1109 4737 1211 4808 debet
1237 4736 1344 4808 locari
1371 4758 1440 4808 una
1466 4737 1621 4808 taberna

714 4893 854 4964 Summa
880 4914 949 4965 una
976 4913 1157 4983 sexagena.

259 5204 348 5283 item
365 5216 436 5281 tam
455 5204 654 5282 emethones
674 5204 716 5279 de
733 5207 852 5299 lausia,
868 5226 968 5298 quam
988 5206 1194 5278 tabernator
1216 5202 1259 5278 de
1278 5203 1371 5297 agris
1386 5206 1525 5279 solvunt
1539 5206 1706 5278 decimam

157 5332 406 5421 manipularem
434 5331 612 5403 eustadiae
640 5331 923 5420 Oppatboviensi,
951 5336 986 5400 et
1014 5329 1111 5399 valor
1137 5330 1211 5399 eius
1239 5330 1444 5400 aestimatur
1471 5329 1515 5400 ad
1543 5333 1707 5419 quatuor-

158 5452 268 5524 deeim
294 5474 435 5543 mercae,
463 5453 623 5542 quoniam
651 5452 727 5542 agri
755 5457 836 5521 sunt
862 5450 967 5541 ampli
994 5455 1029 5520 et
1045 5449 1223 5538 faeeundi;
1251 5451 1333 5519 item
1352 5470 1415 5538 pra
1435 5450 1568 5525 decima
1585 5451 1708 5540 canapi

287 5621 333 5661 Lib.
349 5620 445 5662 naneae.
1504 5589 1542 5649 81
