4050 6054
1643 444 1717 563 535

168 654 204 722 et
231 646 325 722 illam
351 647 502 741 propriis
529 647 688 721 curribus
715 647 751 721 in
779 651 944 722 horreum
970 647 1162 741 praepositi
1188 649 1225 721 in
1253 646 1528 741 Tampoczol
1554 656 1719 724 tenentur

168 771 341 861 inducere,
368 776 405 842 et
430 770 529 842 valor
556 770 760 843 aestimatur
786 772 860 847 cius
887 771 932 842 ad
949 772 1097 862 triginta
1124 790 1270 862 marcas3
1296 771 1341 844 ad
1367 771 1573 843 solutionem
1600 777 1718 845 autem

169 891 322 963 decimae
349 891 523 982 canapalis
551 912 593 963 ex
621 891 867 965 consuetudine
893 912 963 963 nou
990 891 1207 983 obligantur3
1233 892 1317 964 item
1344 893 1381 963 in
1407 892 1528 964 eadem
1553 892 1638 964 villa
1664 898 1724 974 est„

75 1059 80 1063 -
169 1012 266 1083 cuma
292 1012 422 1100 optima
447 1012 638 1102 praepositi
664 1011 829 1103 pulchras
854 1012 986 1084 habens
1013 1012 1149 1101 domos,
1185 1016 1378 1084 structuras
1406 1017 1442 1086 et
1469 1012 1635 1103 aedificia,
1663 1018 1718 1085 est

169 1133 273 1203 etiam
300 1132 350 1204 ibi
377 1133 544 1223 optimum
571 1133 751 1225 praedium
769 1133 805 1203 in
824 1138 974 1222 quatuor
999 1153 1138 1222 campos
1165 1154 1328 1224 agrorum
1346 1133 1503 1224 divisum,
1531 1133 1718 1225 dequibus

168 1253 254 1323 nulli
281 1252 386 1325 solvit
413 1253 579 1324 decimam
606 1254 874 1344 manipularem,
912 1253 974 1326 sed
1000 1274 1077 1325 eam
1103 1274 1167 1344 pro
1194 1274 1231 1325 se
1258 1254 1352 1327 tollit
1387 1260 1423 1326 et
1449 1256 1485 1325 in
1512 1276 1611 1325 suum
1637 1255 1719 1326 hor-

169 1395 266 1444 reum
292 1373 443 1462 inducit;
478 1375 562 1445 item
589 1368 670 1446 sunt
697 1376 767 1446 tria
793 1380 896 1465 prata
933 1395 997 1465 pro
1024 1375 1165 1464 praedio
1202 1375 1391 1467 praepositi
1416 1375 1452 1445 in
1480 1374 1598 1446 eadem
1625 1375 1720 1465 villa¹

168 1515 275 1566 unum
302 1515 424 1566 versus
450 1495 566 1566 villam
593 1495 885 1587 Roscheyow,
913 1495 1008 1567 aliud
1036 1496 1235 1566 submonte
1254 1495 1347 1567 dicto
1373 1495 1559 1588 Wyloza
1586 1493 1717 1585 Gora,

170 1614 323 1705 tertium,
351 1615 443 1706 quod
460 1621 605 1688 vocatur
631 1620 769 1706 pratum
796 1636 968 1707 magnum,
994 1616 1117 1706 inquo
1140 1614 1324 1687 modernus
1350 1616 1570 1706 praepositus
1588 1615 1720 1688 Johan·
1842 1604 1849 1617 ’

170 1754 231 1805 naa
257 1735 545 1808 Wantrohka
580 1757 704 1828 parare
740 1736 856 1828 coepit
889 1737 1075 1826 piscinam;
1111 1737 1195 1807 item
1222 1737 1258 1806 in
1285 1726 1405 1808 eadem
1432 1737 1516 1808 villa
1548 1742 1631 1809 suut
1656 1757 1727 1827 sex,

131 1949 135 1959 Ι
168 1856 329 1948 piscinae,
358 1856 402 1929 ad
429 1858 665 1948 praepositum
693 1858 916 1949 pertinentes,
944 1858 1028 1930 item
1055 1864 1241 1929 estonum
1265 1881 1397 1953 papam
1423 1858 1609 1950 optimum,
1635 1857 1719 1929 item
1804 1896 1815 1911 a·

85 2044 90 2054 .
170 1981 225 2048 est
242 1998 311 2049 uua
328 1979 438 2069 vinea,
466 1979 549 2051 item
566 1979 730 2070 pomeria.
756 1979 844 2050 Item
862 1979 945 2052 villa
963 1978 1120 2069 praefata
1147 1979 1424 2068 Tampoczol
1450 1979 1486 2050 in
1512 1980 1587 2050 iure
1606 1978 1720 2072 Theu-

68 2170 73 2180 ,
170 2099 287 2170 tonico
314 2099 429 2171 locata
447 2103 509 2189 est,
528 2106 564 2171 et
581 2100 688 2171 habet
706 2105 817 2172 metas
836 2106 872 2172 et
888 2101 1061 2191 granicies
1087 2120 1151 2189 per
1179 2119 1332 2190 aggeres,
1353 2100 1412 2189 qui
1429 2096 1574 2194 aioszdy
1592 2120 1718 2172 vocan-

170 2225 238 2310 tur,
266 2219 468 2309 distinctos3
504 2221 673 2311 imprimis
710 2242 787 2293 cum
814 2222 941 2313 oppido
968 2220 1257 2310 Scarbimiriensi,
1285 2221 1368 2292 item
1395 2241 1473 2292 cum
1499 2220 1609 2292 villis:
1643 2220 1719 2292 Za·

171 2341 340 2430 hrzow,
376 2341 616 2431 Baranow,
656 2341 1002 2433 Pamyaczicze,
1046 2340 1381 2433 Pyelcznyoza,
1417 2341 1717 2433 Nyeszwoyo·

172 2462 326 2552 wione,
353 2461 601 2553 Roszeyow
628 2467 664 2533 et
691 2461 904 2553 Szarbye.
1761 2530 1765 2537 ,

275 2581 471 2672 Toronen,
507 2583 591 2654 villo
618 2584 682 2654 sub
709 2584 874 2673 parochia
909 2582 1074 2655 ecclesiae
1101 2581 1396 2654 Scarbimiriensis
1423 2583 1509 2673 sita,
1548 2583 1718 2655 secundus
1810 2564 1822 2579 ⁶

170 2700 295 2774 fundus
322 2680 585 2793 praepositurae
612 2703 730 2775 Sancti
756 2703 947 2794 Michaelis,
976 2703 1072 2774 ouius
1090 2702 1286 2793 proprietas
1314 2708 1351 2774 et
1377 2701 1565 2774 dominium
1593 2701 1637 2774 ad
1654 2702 1718 2774 Ni-

171 2822 303 2894 colaum
329 2823 422 2914 Ray
449 2825 491 2897 de
518 2823 756 2914 Szumsko,
783 2824 933 2896 nobilem
960 2823 1122 2895 dedomo
1149 2821 1316 2914 Oksza,
1343 2845 1407 2914 pro
1430 2823 1553 2904 maiori
1572 2824 1719 2914 etprin-

171 2943 328 3033 cipaliori
354 2951 455 3035 parte
481 2946 644 3036 pertinet.
672 2944 788 3017 Habet
814 2945 905 3016 enim
932 2945 968 3015 in
988 2965 1029 3016 ea
1056 2944 1197 3034 curiam,
1224 2944 1404 3034 praedium
1430 2944 1574 3035 largum,
1601 2945 1718 3017 docem

169 3064 289 3137 laneos
317 3067 568 3157 cmethonales,
596 3066 682 3138 duas
709 3067 891 3156 tabernas,
928 3071 1061 3156 septem
1095 3065 1312 3147 hortulanias
1347 3066 1517 3139 habentes
1544 3086 1655 3157 agros,
1683 3071 1720 3137 et

171 3184 214 3256 de
240 3186 383 3277 praedio
420 3186 575 3277 quidem,
610 3186 716 3258 etde
743 3208 811 3259 uno
848 3186 949 3258 laneo
985 3186 1090 3258 datur
1125 3186 1258 3257 decima
1292 3186 1517 3276 manipularis
1553 3186 1718 3258 ecclesiae

171 3307 362 3396 parochiali
388 3308 423 3379 in
450 3307 705 3398 Krzydlna,
732 3307 775 3378 de
794 3308 888 3398 agris
906 3327 989 3378 vero
1018 3306 1299 3396 cmethonalibus
1328 3307 1563 3379 tabernatoris
1581 3312 1617 3378 et
1635 3307 1716 3377 hor·

169 3428 367 3500 tulanorum
394 3429 497 3500 datur
523 3450 587 3518 pro
614 3428 812 3520 praebenda
839 3427 1068 3517 Graooviensi,
1096 3445 1182 3518 quae
1209 3427 1405 3517 appellatur
1424 3427 1666 3520 Topolska.

273 3548 522 3640 Praepositum
546 3570 630 3621 vero
658 3547 691 3619 S.
710 3548 892 3620 Michaelis
918 3549 1024 3619 habet
1051 3548 1189 3619 invilla
1216 3548 1335 3620 eadem
1364 3546 1450 3619 duos
1477 3549 1717 3621 tantummodo

71 3701 74 3709 ,
170 3668 289 3741 laneos
317 3671 564 3760 cmethonales,
601 3669 687 3741 nulli
714 3669 815 3741 alteri
843 3669 910 3741 nisi
936 3669 1135 3760 praeposito
1163 3667 1195 3739 S.
1222 3668 1406 3740 Michaelis
1433 3668 1570 3741 deditos
1597 3674 1633 3740 et
1658 3670 1720 3742 ob-

171 3790 310 3880 noxios,
337 3798 373 3863 et
400 3812 476 3863 cum
512 3791 614 3881 pleno
641 3790 735 3881 iure,
771 3795 807 3862 et
833 3790 871 3860 hi
897 3790 989 3860 lanoi
1024 3793 1193 3861 vocantur
1227 3789 1498 3880 Zaduszne,
1527 3790 1586 3880 qui
1613 3795 1650 3862 et
1675 3791 1720 3862 ad

171 3929 310 3982 censum
337 3932 505 4001 annuum,
533 3917 568 3983 et
595 3910 813 4001 adlabores,
842 3916 878 3983 et
904 3910 949 3982 ad
976 3909 1144 3980 decimam
1170 3909 1419 4000 manipularem
1446 3931 1543 3982 more
1570 3890 1718 3983 aliorum

172 4032 391 4104 cmethonum
417 4032 608 4123 praelatam
634 4033 753 4104 villam
780 4031 1017 4120 incolentium,
1044 4030 1244 4121 praeposito
1272 4029 1304 4101 S.
1332 4030 1604 4122 Michaelispro
1631 4038 1720 4105 tam·

171 4172 256 4241 pore
283 4152 489 4244 obligantur.
518 4153 670 4242 Qurilibet
696 4154 813 4244 itaque
840 4153 960 4224 laneus
979 4151 1021 4223 de
1040 4150 1142 4223 dictis
1162 4151 1295 4223 duobus
1322 4152 1432 4224 laneis
1459 4173 1502 4223 ex
1521 4153 1720 4225 conditione

172 4278 208 4344 et
233 4279 337 4363 pacto
364 4275 497 4347 solvere
524 4280 665 4346 tenetur
691 4274 890 4364 praeposito
916 4290 1122 4363 propensu,
1149 4271 1291 4362 decima,
1318 4272 1448 4364 labore,
1476 4273 1575 4345 dacia
1601 4280 1639 4347 et
1655 4274 1720 4345 tri·

170 4393 256 4467 buto
284 4395 435 4487 quinquo
461 4417 604 4486 marcas,
632 4397 676 4467 ab
704 4395 781 4467 aliis
809 4394 966 4466 omnibus
993 4393 1156 4465 oneribus
1183 4393 1346 4465 libertati.
1385 4393 1474 4466 Item
1502 4394 1649 4484 quilibet
1674 4414 1718 4466 ex

173 4514 276 4587 dictis
312 4516 447 4589 duobus
484 4517 723 4589 cmethonibus
760 4516 802 4588 de
830 4515 984 4607 quolibet
1018 4515 1118 4586 laneo
1153 4520 1291 4586 tenetur
1325 4516 1467 4608 proprio
1495 4536 1599 4587 cumn
1632 4514 1718 4586 dnos

172 4636 307 4745 dies‘in
335 4659 426 4709 anno
453 4637 616 4710 inducere
641 4637 781 4710 foenum
815 4641 878 4708 aut
903 4635 1019 4727 fruges
1047 4635 1091 4706 od
1117 4636 1281 4707 horreum
1316 4636 1506 4727 praepositi
1533 4637 1569 4708 in
1596 4636 1719 4707 Tam-

172 4759 354 4850 poczol,
389 4760 610 4849 praepositus
637 4765 753 4830 tamen
780 4759 844 4831 sub
871 4763 1027 4848 tempore
1055 4757 1147 4828 illius
1184 4756 1351 4830 ducturae
1380 4758 1558 4831 consuevit
1583 4758 1635 4829 eis
1661 4777 1720 4829 ex-

171 4901 298 4970 pensas
325 4886 554 4971 congruentes
581 4881 789 4953 ministrare.

125 5026 129 5031 ·
275 5000 542 5092 Szcrrnnmnr,
580 5002 663 5073 villa
690 5001 753 5074 sub
780 5001 948 5093 parochia
982 5000 1147 5072 ecclesiae
1174 5000 1216 5071 de
1248 4997 1605 5086 Rroschowiozo
1641 4997 1720 5091 sita,

171 5122 297 5194 tertius
322 5121 449 5193 fundus
476 5123 738 5213 praepositurae
766 5121 798 5194 S.
825 5121 1007 5194 Michaelis
1034 5121 1069 5192 in
1097 5125 1212 5193 castro
1239 5119 1480 5210 Cracoviensi,
1516 5119 1612 5192 cuius
1639 5142 1720 5212 pro-

172 5244 303 5333 prietas
330 5248 366 5316 et
393 5243 581 5316 dominium
609 5243 653 5314 ad
681 5242 848 5316 Jacobum
875 5243 1025 5335 Kulya
1055 5243 1098 5315 de
1124 5242 1569 5334 Woyczechowicze,
1595 5248 1632 5314 et
1657 5240 1719 5314 Jo-

171 5365 319 5436 hannem
360 5366 579 5459 Nyemsta
627 5366 670 5439 de
709 5365 1068 5457 Grzczanzicze,
1113 5362 1247 5463 nobiles
1289 5362 1334 5437 de
1369 5362 1472 5439 domo
1510 5368 1558 5467 et.
1585 5362 1717 5459 familia
