4050 6054
1667 479 1738 550 141

191 686 416 790 manipular'm
442 688 780 781 vicepraepositurae
806 686 972 758 ecclesiae
990 685 1108 757 Sancti
1126 685 1281 756 Floriani
1308 689 1389 755 ante
1408 683 1627 756 Graeculam.
1652 685 1743 759 Item

193 813 276 880 sunt
300 807 350 878 ibi
376 807 484 897 aliqui
511 809 622 897 campi
650 809 685 878 in
708 808 984 898 supplementum
1003 807 1105 878 villae
1124 806 1207 897 dati,
1235 805 1321 876 alias
1334 801 1647 907 przyrnycrlcypde
1666 806 1742 896 qui·

192 928 257 999 bus
284 928 450 998 decimam
477 929 725 1017 manipularem
752 929 901 1018 percipit
918 949 982 1017 pro
1006 926 1139 998 duobus
1167 925 1267 998 annis
1285 926 1484 1024 praebenda
1502 924 1741 999 Gracoviensis

192 1048 639 1140 Rzemyadzyczska,
667 1048 728 1119 sed
760 1069 803 1120 en
830 1050 923 1138 agris
950 1048 1054 1119 villae
1089 1045 1437 1138 Clymyanthou
1464 1047 1569 1119 etiam
1605 1047 1739 1120 duobus
1775 1061 1778 1069 “
1865 1138 1872 1153 x

193 1169 293 1240 annis
321 1169 413 1240 cedit
440 1168 573 1240 decima
599 1170 817 1260 praebendae
844 1167 1112 1241 Gonowska.

296 1290 384 1361 Item
410 1290 517 1362 habet
543 1291 683 1362 tertiam
710 1291 876 1362 decimam
903 1278 1153 1380 manipularem
1171 1289 1207 1359 in
1225 1288 1309 1359 villa
1336 1288 1522 1378 Belzow,
1549 1291 1614 1362 sub
1640 1311 1742 1380 paro·

195 1411 273 1482 chia
291 1411 456 1482 ecclesiae
476 1411 518 1483 de
536 1411 864 1500 Scarbimiria,
892 1413 989 1482 cuius
1008 1412 1131 1510 haeres
1158 1415 1213 1480 est
1230 1408 1356 1481 nobilis
1375 1409 1418 1480 de
1437 1409 1538 1483 domo
1556 1410 1742 1502 Pilawa,

194 1531 387 1603 Stanislaus
414 1531 545 1604 Koth.
572 1533 612 1603 In
640 1553 708 1622 qua
734 1538 816 1603 sunt
841 1533 910 1603 duo
937 1532 1029 1602 lanei
1056 1530 1290 1602 cmethonales
1317 1548 1401 1605 cum,
1421 1530 1547 1620 medio,
1584 1532 1644 1603 sed
1671 1536 1743 1604 me·'

195 1651 360 1724 dietatem
387 1653 478 1723 lanei
506 1654 686 1743 occupavit
712 1674 775 1742 per
801 1653 870 1723 vim
897 1652 1022 1722 haeres
1049 1657 1085 1722 et
1112 1650 1301 1740 applicavit
1325 1643 1479 1740 praedio,
1507 1650 1550 1721 de
1576 1651 1742 1742 praefatis

196 1773 329 1844 duobus
357 1795 433 1844 cum
461 1773 574 1845 medio
602 1774 710 1844 laneis
738 1773 885 1843 solvitur
912 1772 1045 1842 decima
1071 1771 1296 1860 manipularis
1327 1791 1391 1861 pro
1418 1771 1617 1861 praebenda
1642 1792 1743 1863 prac-

197 1894 270 1964 lata
305 1899 342 1963 et
377 1893 514 1964 ducitur
541 1911 604 1983 per
631 1894 833 1964 cmethones
865 1894 902 1962 in
938 1892 1102 1963 horreum
1129 1892 1304 1980 canonici,
1339 1896 1377 1962 et
1411 1892 1550 1964 solvunt
1577 1892 1742 1966 decimam

197 2015 320 2103 canapi
347 2035 410 2104 per
437 2020 586 2103 quatuor
612 2014 791 2084 iuncturas
826 2013 862 2084 et
897 2013 1101 2084 aestImatur
1127 2012 1226 2083 valor
1253 2013 1327 2084 eius
1354 2013 1399 2083 ad
1426 2008 1577 2102 quatuor
1600 2034 1744 2087 marcas.

197 2135 265 2206 Est
291 2134 396 2206 etiam
423 2134 472 2205 ibi
498 2134 595 2205 curia
621 2134 782 2206 militaris
809 2135 941 2205 habens
968 2155 1072 2224 agros
1099 2133 1314 2224 praediales,
1349 2140 1404 2205 est
1430 2155 1499 2205 una
1525 2136 1673 2207 taberna
1706 2143 1744 2208 et

196 2240 284 2326 duae
311 2254 532 2327 hortulaniae
559 2256 726 2326 habentes
754 2275 871 2344 agros,
898 2256 940 2326 dc
968 2256 1092 2345 quibus
1120 2255 1278 2326 omnibus
1304 2255 1451 2326 solvitur
1477 2256 1610 2327 decima
1635 2257 1744 2329 mani-

196 2376 327 2464 pularis
354 2375 572 2465 praebendae
591 2375 709 2446 Sancti
727 2375 908 2448 Benedicti
934 2381 1014 2446 ante
1042 2374 1330 2464 Cracouiam,
1357 2375 1418 2447 sed
1445 2376 1488 2448 de
1510 2377 1623 2448 medio
1642 2377 1742 2450 laneo

197 2497 324 2568 iniuste
359 2497 454 2568 illam
481 2497 589 2586 tollit,
626 2496 881 2593 diversificatur
913 2502 1030 2567 autem
1062 2495 1239 2585 perceptio
1274 2497 1377 2568 huius
1405 2497 1557 2569 decimae
1593 2498 1743 2569 induas

196 2617 411 2706 praebendas
439 2616 685 2689 Oracovienses
718 2618 786 2706 ita,
814 2617 906 2707 quod
933 2637 1000 2688 uno
1028 2637 1118 2688 anno
1145 2617 1294 2707 percipit
1320 2617 1414 2688 illam
1440 2619 1639 2707 praebenda
1666 2617 1744 2691 Go-

76 2738 78 2743 ’
196 2738 383 2809 nowska
409 2738 520 2809 altero
547 2737 746 2828 praebenda
771 2737 1153 2829 Byeszanowska.

298 2858 386 2929 Item
413 2859 519 2929 habet
545 2863 705 2948 quartam
723 2858 972 2949 manipularem
991 2858 1158 2929 decimam
1176 2858 1216 2956 in
1238 2856 1642 2953 Krzyszkowyoze,
1661 2859 1745 2932 villa

195 2981 259 3051 sub
286 2979 453 3068 parochia
478 2979 642 3051 ecclesiae
669 2979 712 3051 de
739 2979 962 3070 Szeprau,
990 2980 1088 3050 cuius
1114 2979 1311 3068 proprietas
1340 2978 1384 3049 ad
1402 2981 1649 3052 monasterium
1668 3002 1744 3052 cor-

194 3100 291 3189 poris
324 3098 457 3173 Ghristi
490 3101 526 3171 in
559 3099 811 3172 Gasimiria
844 3100 1006 3190 pertinet.
1045 3098 1086 3169 In
1114 3120 1182 3189 qua
1208 3099 1356 3188 triginta
1376 3099 1474 3191 ‘lanei
1500 3101 1744 3192 cmethonales,

196 3222 280 3292 item
305 3220 403 3292 curia
429 3222 561 3294 habens
587 3242 691 3312 agros
718 3221 923 3312 praedulce,
951 3221 1034 3291 item
1049 3218 1209 3291 ¹taberna
1234 3239 1312 3308 una,
1339 3221 1423 3291 ilem
1450 3221 1650 3294 hortularia
1666 3243 1745 3313 una,

197 3342 366 3439 babentes
393 3363 495 3432 agros
522 3342 698 3432 speciales,
726 3342 780 3413 de.
796 3341 1107 3432 quibus'omnibus
1133 3341 1282 3413 solvitur
1308 3336 1465 3431 solvique
1491 3341 1598 3414 debet
1614 3343 1747 3415 decima

195 3463 421 3553 manipularis
439 3483 503 3553 pro
520 3463 720 3553 praebenda
737 3462 904 3553 praefata.
923 3462 1064 3550 Verum,
1079 3462 1160 3551 quia
1173 3460 1331 3550 praefata
1344 3462 1427 3533 villa
1441 3463 1475 3533 in
1490 3465 1664 3535 montanis
1677 3464 1746 3536 sita

195 3590 258 3672 est
286 3585 418 3656 habens
445 3604 548 3685 agros
563 3584 721 3673 steriles,
749 3590 786 3655 et
813 3584 848 3653 in
875 3583 992 3673 plures
1010 3583 1124 3673 pecias
1142 3582 1261 3654 lancos
1280 3582 1540 3672 diversificatos,
1559 3590 1596 3656 et
1614 3585 1746 3657 incolae

182 3705 300 3776 -uillae
327 3705 505 3795 praefatae
532 3705 699 3776 maiorem
726 3726 866 3795 operam
902 3704 988 3776 dant
1015 3704 1202 3774 carbonum
1230 3703 1402 3775 exustioni
1429 3725 1531 3794 quam
1557 3688 1747 3777 frumento·
1835 3725 1837 3729 ⁴

195 3847 272 3896 rum
300 3827 436 3915 sationi,
465 3825 626 3916 quocirca
644 3848 686 3897 ex
703 3801 930 3916 permissione
949 3831 986 3896 et
1003 3824 1143 3896 lieentia
1160 3824 1403 3895 canonicorum
1421 3825 1623 3915 primorum,
1642 3825 1747 3899 solvit

196 3945 354 4042 praefata
389 3947 472 4018 villa
507 3968 571 4037 pro
599 3946 732 4018 decima
758 3947 857 4018 annis
885 3945 1030 4037 singulis
1056 3965 1120 4035 pro
1146 3944 1236 4018 festo
1264 3945 1382 4017 Sancti
1410 3945 1555 4049 MartIni
1583 3948 1746 4019 canonico

123 4136 127 4141 .
196 4088 260 4157 pro
287 4072 443 4159 tempore
476 4089 537 4139 sex
562 4088 697 4140 marcas
725 4088 800 4139 cum
828 4068 958 4157 media,
986 4088 1008 4138 a
1034 4066 1181 4137 caeteris
1209 4067 1367 4138 omnibus
1394 4048 1546 4140 existens
1573 4068 1748 4158 libertato,

197 4189 259 4261 sed
289 4190 320 4260 si
347 4190 512 4261 decimam
547 4189 798 4279 manipularem
834 4189 1004 4276 solveret,
1031 4187 1165 4259 valeret
1192 4188 1328 4260 decima·
1350 4188 1498 4278 triginta
1523 4211 1676 4280 marcas,
1703 4210 1746 4262 ex

197 4309 368 4400 aliquibus
394 4310 489 4400 agris
516 4310 649 4400 praedii
677 4310 825 4381 solvitur
851 4309 1016 4381 ccclesiae
1043 4309 1079 4379 in
1105 4309 1328 4399 Snepraw.

300 4431 387 4502 Item
413 4432 520 4503 habet
547 4431 703 4521 quintam
721 4431 888 4503 decimam
906 4431 942 4502 in
960 4430 1251 4521 OlszoWIcze,
1271 4431 1355 4502 villa
1372 4432 1436 4503 sub
1455 4431 1620 4522 paroehIa
1638 4431 1746 4504 cccle-

50 4575 56 4580 ·
197 4554 269 4625 siae
295 4553 338 4624 de
365 4552 588 4653 Syeprau‚
614 4553 711 4624 cuius
738 4552 906 4625 haeredes
924 4552 1129 4624 Franciscus
1148 4557 1184 4624 et
1201 4551 1453 4642 Stiboriua
1472 4553 1605 4626 nobiles
1623 4553 1666 4625 de
1684 4554 1745 4626 du·
1859 4587 1864 4594 ,

197 4694 252 4744 mo
281 4727 288 4743 .
316 4727 323 4742 .
351 4726 358 4742 .
386 4727 393 4742 .
421 4693 508 4763 quae
535 4681 571 4744 et
598 4674 674 4763 ipsa
700 4673 735 4744 in
763 4673 976 4763 pecunialem
1003 4693 1180 4763 conversa,
1206 4674 1312 4746 solvit
1333 4674 1510 4765 praelatae
1528 4674 1747 4771 praebendae

196 4815 260 4884 pro
292 4793 425 4866 decima
459 4794 667 4884 manipulari
693 4799 730 4866 et
756 4793 889 4866 decima
915 4795 1037 4885 canapi
1064 4800 1137 4867 tres
1163 4794 1326 4868 fertones.
1365 4796 1434 4868 Est
1460 4797 1509 4868 ibi
1536 4795 1632 4868 curia
1658 4795 1748 4867 mili·
1864 4885 1870 4895 Ι

196 4915 292 5004 tanis,
315 4921 408 5005 ‚quae
433 4915 582 5006 plebano
607 4915 644 4987 in
662 4912 905 5006 Szyeprau
931 4915 1098 4988 decimam
1124 4916 1374 5007 manipularem
1401 4916 1566 5008 de'agris
1585 4917 1699 5017 solvit.

299 5035 389 5107 Item
415 5035 521 5108 habet
548 5042 682 5109 sextam
709 5035 958 5126 manipularem
985 5037 1151 5107 decimam
1177 5037 1213 5107 in
1231 5035 1255 5108 J
1264 5038 1480 5127 awoinik‚
1506 5038 1598 5128 villa,
1625 5039 1661 5110 in
1680 5060 1749 5129 qua

198 5156 343 5235 ecclesia
376 5156 604 5246 parochialis,
631 5157 728 5229 cuius
763 5157 887 5228 haeres
913 5155 1092 5229 Iohannes
1118 5154 1527 5248 Nycwyarousky‚
1553 5158 1679 5231 nobilis
1706 5160 1750 5231 de

46 5349 53 5358 ,
198 5275 300 5347 domo
326 5275 573 5349 Polukoza.
613 5277 654 5348 Iu
676 5275 750 5368 'qua
776 5284 858 5348 sunt
883 5277 1030 5366 triginta
1055 5276 1148 5347 lanei
1175 5275 1426 5366 cmethonales,
1454 5277 1536 5350 item
1564 5280 1632 5350 duo
1660 5279 1751 5352 scul-

198 5397 264 5477 teti
299 5403 337 5470 et
357 5397 451 5470 duae
485 5398 671 5489 tabernae,
707 5383 900 5473 sedetiam
926 5398 1002 5494 ipsa
1029 5396 1161 5477 decima
1186 5396 1224 5476 in
1249 5397 1465 5497 pecuniolam
1492 5420 1660 5482 conversa
1685 5405 1748 5503 est,
1823 5402 1827 5410 '
