4050 6054
1520 517 1525 526 ·
1629 475 1701 547 175

154 673 256 748 domo
282 671 591 869 Antworum
617 673 857 767 Equorum.
883 675 923 748 In
951 696 1019 768 qua
1045 684 1126 750 suut
1153 676 1412 769 quatuordecim
1439 677 1529 751 lanei
1548 682 1700 753 cmetho-
1765 658 1770 670 ’

153 796 269 886 ucles,
292 795 389 888 deq
448 816 489 867 us
521 797 683 873 amnibus
719 799 866 870 solvitur
891 798 1023 870 decima
1049 799 1274 888 manipularis
1301 800 1452 889 capitulo
1481 799 1701 872 cuacoviensi
1761 878 1767 887 ,

151 922 190 988 et
214 916 356 990 ducitur
371 926 444 1009 'per
470 917 667 990 cmethones
694 919 844 1008 propriis
871 919 1028 990 curribus
1055 920 1091 989 iu
1124 920 1285 994 horreum
1303 939 1324 989 a
1341 920 1492 1011 capitulo
1509 920 1701 1009 locandum,

154 1041 190 1108 et
215 1036 366 1110 solvunt.
386 1037 557 1109 decimam
593 1038 716 1128 canapi
741 1060 805 1128 per
831 1045 979 1128 quatuor
1004 1038 1182 1110 iuncturas
1214 1045 1251 1110 et
1276 1040 1478 1111 aestimatur
1503 1040 1602 1113 valor
1626 1041 1708 1111 eius·

153 1156 199 1230 ad
226 1156 405 1230 duodecim
431 1177 582 1245 marcas3
609 1179 678 1228 nou
704 1164 760 1230 est
785 1159 834 1230 ihi
862 1159 957 1230 curia
982 1158 1151 1248 militaris,
1170 1159 1230 1229 sed
1249 1164 1303 1230 est
1320 1160 1488 1232 scultetus
1505 1164 1543 1232 et
1556 1158 1704 1232 tallerua

151 1283 192 1348 et
216 1276 403 1365 hortulani,
430 1278 489 1367 qui
516 1277 559 1348 de
586 1278 657 1349 suis
684 1279 778 1367 agris
806 1279 977 1350 decimant
1003 1278 1149 1368 plebano
1167 1279 1295 1350 ibidem
1313 1280 1353 1350 in
1368 1278 1701 1369 Gotprzidowa

259 1396 467 1485 Turuovva,
494 1396 626 1468 decima
649 1399 876 1489 manipularis
903 1399 1045 1489 capituli
1071 1397 1328 1489 cracoviensis,
1355 1399 1391 1471 iu
1418 1406 1567 1490 quaest
1593 1397 1701 1471 eccle-

155 1517 207 1589 sia
232 1517 450 1607 parochialis,
477 1518 574 1589 cuius
599 1518 722 1590 haeres
749 1518 919 1609 Nauayko
945 1518 1309 1610 Wyeloglowsky.
1335 1520 1376 1590 lu
1395 1541 1463 1610 qua
1481 1524 1561 1591 sunt
1578 1520 1701 1610 viginti

154 1635 223 1709 duc
248 1637 341 1709 husi
367 1637 609 1726 cmethonales,
637 1637 681 1708 de
707 1638 832 1727 quibus
859 1639 1017 1711 omuibus
1045 1639 1192 1711 solvitur
1217 1638 1351 1711 decima
1368 1640 1592 1729 manipularis
1610 1639 1703 1729 capi-

128 1757 229 1830 ‘talo
262 1755 486 1831 ciacoviansi
523 1762 559 1828 et
585 1755 724 1830 ducitur
750 1760 900 1849 propriis
927 1759 1086 1831 curribus
1112 1759 1149 1830 in
1175 1760 1338 1831 horreum
1365 1779 1388 1830 a
1411 1760 1561 1849 capitulo
1586 1760 1703 1831 locau-

40 1944 46 1957 ,
151 1876 245 1968 dum,
272 1883 308 1949 et
333 1878 474 1951 solvunt
500 1878 667 1950 decimam
695 1880 817 1968 canapi
842 1899 906 1969 per
930 1884 1081 1969 quatuor
1106 1879 1284 1950 iuncturas
1310 1886 1353 1951 et
1373 1881 1577 1953 aestimatur
1604 1879 1702 1952 valor

93 2023 99 2029 ·
151 1996 305 2070 decimae
331 1999 377 2069 ad
404 1998 598 2088 quindecim
624 2017 767 2087 marcas,
794 1998 978 2089 aliquando
1006 1998 1050 2070 ad
1076 1999 1209 2089 viginti.
1236 1999 1315 2070 Non
1342 2006 1397 2070 est
1421 1999 1471 2072 ibi
1498 2001 1597 2071 curia
1613 1999 1702 2070 mili·

10 2213 13 2216 ¹
154 2118 252 2207 teria,
276 2137 388 2211 neque
414 2118 603 2208 praedium
630 2118 692 2189 sed
717 2124 773 2190 est
800 2119 965 2190 scultetus
991 2124 1027 2189 et
1051 2119 1206 2208 taberna,
1233 2118 1277 2189 de
1294 2139 1440 2209 quorum
1457 2120 1554 2210 agria
1570 2118 1703 2192 decima
1801 2158 1804 2169 ·

155 2236 380 2337 manipularis
407 2237 555 2308 solvitur
580 2237 745 2308 ecclesiae
772 2243 808 2310 et
834 2238 979 2328 plebano
1004 2239 1039 2309 in
1067 2238 1313 2327 Thymena,
1339 2244 1376 2310 et
1393 2237 1491 2311 valor
1504 2239 1582 2311 'cius
1599 2239 1703 2311 aesti-

156 2356 270 2428 matur
290 2356 341 2428 ad
365 2356 451 2430 duas
476 2377 620 2429 marcas.
1563 2354 1607 2425 h-

260 2475 521 2568 Tuwouuovva
548 2478 681 2549 decima
705 2478 931 2569 manipularis
957 2477 1098 2569 capituli
1126 2475 1364 2550 Cracovhnsis
1383 2479 1447 2551 suh
1465 2476 1630 2570 parochia
1647 2497 1703 2550 ec·
1731 2576 1734 2579 Ι

152 2595 288 2670 clasiae.
303 2596 350 2669 de
376 2597 615 2689 Thymoua
641 2599 718 2688 sita,
746 2599 842 2670 cuius
868 2599 991 2671 haeres
1017 2597 1193 2688 praefatus
1219 2598 1389 2690 Nanayho
1408 2598 1702 2690 Wycloglovv-

142 2716 254 2807 sky,
280 2717 317 2789 iu
343 2738 413 2809 qua
441 2723 522 2790 sunt
549 2719 808 2809 quatuordecim
834 2719 925 2790 lanei
952 2719 1203 2807 cmethonales3
1230 2718 1296 2790 fuit
1322 2718 1627 2811 quondan-edan
1654 2719 1704 2790 ihi
1826 2781 1829 2789 .

153 2836 331 2928 scultetus,
355 2837 419 2911 sed
445 2839 569 2920 haeres
596 2859 712 2911 emens
739 2840 1109 2929 scultetiam,locavit‘
1122 2840 1262 2930 curiam
1289 2844 1372 2911 sunt
1398 2838 1569 2912 etian'ribi
1587 2840 1702 2912 taber·

150 2976 219 3028 uae
243 2962 281 3030 ct
306 2958 482 3031 hortulani
507 2959 674 3031 habentes
706 2980 827 3049 agros,
853 2965 890 3031 et
917 2960 959 3031 de
986 2960 1143 3031 omuibus
1169 2960 1263 3049 agris
1289 2959 1487 3031 huiusmodi
1512 2964 1585 3030 tam
1612 2979 1726 3041 cme-⁴

97 3174 100 3181 ¹
150 3077 351 3150 thoualibus
376 3098 480 3168 cuam
506 3080 716 3168 curialihuS,
742 3080 907 3151 tabernae
934 3087 971 3152 et
997 3079 1271 3170 hortulauorum,
1299 3081 1446 3152 solvitur
1472 3079 1605 3153 decima
1627 3099 1702 3165 ma-

154 3197 323 3286 nipularis
348 3217 413 3288 pro
440 3199 589 3288 capitulo
616 3190 838 3271 cracoviensi
865 3205 901 3272 et
927 3205 1089 3271 tenentur
1110 3199 1205 3270 illam
1223 3200 1356 3271 incolae
1374 3200 1526 3291 propriis
1545 3200 1702 3271 curribus

153 3316 318 3390 indurare
344 3318 380 3388 in
405 3317 570 3391 horreum
596 3341 618 3392 a
639 3320 796 3410 capitulo
823 3320 1012 3408 locandum,
1040 3319 1180 3391 solvunt
1205 3319 1372 3391 decimam
1399 3312 1520 3409 mulpi
1538 3339 1601 3409 per
1619 3340 1702 3409 qua-

151 3441 234 3509 tuor
258 3438 435 3535 iuncturas
461 3446 498 3510 et
524 3440 727 3512 aestimatur
752 3440 851 3512 valor
876 3440 950 3511 eins
977 3439 1022 3511 ad
1047 3439 1214 3511 tredecim
1239 3459 1382 3510 marcas.
1409 3439 1496 3510 Sunt
1514 3443 1697 3529 praeterea

150 3555 204 3629 ihi
230 3557 336 3648 adqui
361 3560 438 3650 agri
462 3558 667 3649 praediales,
694 3580 780 3651 quos
807 3561 933 3650 partim
961 3559 1044 3657 colit
1069 3559 1201 3648 haeres,
1217 3560 1347 3648 partim
1364 3559 1510 3648 cmetho,
1528 3558 1702 3650 aestimati
1789 3649 1793 3655 ¹

155 3676 201 3749 ad
234 3676 322 3749 duos
357 3679 494 3768 lanam,
520 3679 585 3750 vel
603 3681 710 3769 citra,
735 3679 779 3750 de
807 3681 931 3771 quibus
958 3679 1090 3750 decima
1115 3678 1338 3768 manipularis
1364 3677 1510 3751 solvitvu
1536 3676 1701 3749 ecdeaiae

155 3802 192 3869 et
215 3798 362 3888 petum
389 3801 424 3871 in
453 3798 699 3890 Thymova.
775 3862 778 3866 .
1435 3809 1440 3818 '

248 3917 432 4010 damu,
459 3920 592 3992 decima
625 3920 849 4011 manipularis
876 3920 1020 4010 capituli
1046 3918 1286 3992 cracoviensis
1315 3919 1379 3992 sub
1405 3917 1570 4008 parochia
1594 3898 1701 3992 eccle·

151 4039 227 4113 aiae
253 4037 442 4112 cnchow
460 4033 553 4131 sita,
581 4041 678 4111 cuius
704 4042 827 4112 haeres
854 4041 1024 4130 Nanaylvo
1050 4039 1425 4130 Wye-loglowsky
1451 4037 1634 4129 praefatus.
1660 4039 1702 4111 In

149 4179 223 4250 pua
248 4164 329 4232 suut
354 4180 477 4232 novem
503 4161 595 4232 lanei
621 4161 862 4249 cmethonales,
888 4160 973 4231 item
999 4160 1227 4250 hortulaniae,
1253 4160 1296 4231 de
1314 4160 1438 4249 quibus
1456 4160 1615 4231 omnibus
1634 4159 1702 4230 sol-

154 4280 248 4353 vitur
273 4280 407 4352 decima
432 4281 657 4370 manipularis
685 4281 835 4371 capitulo
852 4279 1083 4370 cuacoviensi,
1103 4287 1139 4351 et
1155 4281 1322 4352 decimam
1341 4280 1462 4369 canapi
1481 4281 1621 4352 solvunt
1637 4299 1701 4368 per

125 4404 302 4499 ,quamn
335 4401 515 4473 iuncturas
549 4406 586 4473 et
619 4402 822 4473 aestimatur
858 4402 957 4474 valor
983 4402 1057 4472 eius
1084 4401 1129 4473 ad
1156 4400 1350 4491 quindecim
1376 4419 1519 4472 marcas.
1558 4399 1626 4470 Est
1653 4398 1704 4469 ihi

155 4522 251 4593 curia
274 4521 439 4594 militaris¹
462 4522 594 4595 habeus
621 4542 724 4613 agros
750 4522 955 4613 praediales,
981 4524 1065 4594 item
1086 4523 1237 4594 taberna
1263 4523 1394 4593 habens
1421 4528 1534 4612 agras,
1561 4518 1605 4592 de
1622 4518 1698 4608 qui·

70 4671 72 4674 >
154 4641 220 4714 hus
241 4641 380 4714 decima
404 4643 630 4733 manipularis
656 4642 805 4714 solvitur
829 4650 866 4714 et
893 4643 1096 4715 conducitur
1122 4643 1286 4715 ecclesiae
1305 4641 1525 4714 cracoviensi
1541 4637 1579 4711 iu
1593 4660 1701 4734 pocy-

150 4759 279 4845 tlvwam
303 4783 368 4853 pro
395 4762 547 4855 capitulo
574 4762 803 4836 cracoviensi.
949 4859 951 4863 y

107 4932 121 4953 .
257 4873 426 4974 Uarrum,
462 4884 595 4955 decima
621 4884 846 4974 manipularis
874 4882 1017 4975 capituli
1044 4882 1283 4986 cracoviensis
1309 4882 1375 4955 sub
1400 4879 1569 4971 parochia
1593 4877 1702 4950 eccle-

150 5002 226 5076 siae
243 5002 296 5076 ide
312 5001 728 5094 cppaahkowycze
754 5006 830 5094 sita,
857 5006 954 5076 cuius
980 5005 1176 5095 proprietas
1202 5009 1239 5074 et
1263 5001 1454 5073 dominium
1479 5000 1632 5090 pertinet
1658 4999 1704 5071 ad

152 5124 315 5197 ahhatcm
341 5130 389 5196 etw
402 5125 649 5197 monasterium
676 5125 938 5196 Thinicieusem
964 5125 1005 5194 ln
1031 5143 1101 5215 qua
1127 5127 1208 5194 suut
1233 5127 1311 5193 octo
1338 5121 1430 5192 lanei
1455 5119 1699 5209 cmethonales,

154 5249 191 5315 et
215 5265 304 5317 unas
322 5243 535 5337 'hortulanus
561 5247 693 5317 hahens
719 5264 832 5337 agros,
849 5245 892 5316 de
911 5245 1034 5334 quihus
1052 5242 1210 5314 omuibus
1229 5241 1376 5312 solvitur
1393 5240 1525 5312 decima
1546 5241 1703 5329 manipu-

153 5362 238 5436 laris
264 5364 419 5458 capitula
439 5365 671 5457 cracoviensi,
698 5371 734 5438 et
749 5370 914 5438 tenentur
931 5363 1024 5435 illam
1042 5363 1174 5435 incolae
1192 5361 1343 5454 propriis
1361 5361 1520 5474 curribus
1539 5361 1701 5435 inducere
1766 5361 1769 5365 ’
1883 5363 1892 5379 “
