4080 6068
308 479 382 551 428

263 750 266 755 .
310 683 524 775 praedictae,
551 685 586 750 et
605 679 804 749 cmethnnes
833 678 963 750 ducunt
991 698 1066 748 eam
1094 677 1245 767 propriis
1263 676 1422 747 curribus
1449 676 1485 746 in
1503 676 1666 746 horreum
1684 695 1714 744 -a
1731 675 1874 745 vicario

310 803 492 875 locandum
520 807 556 872 et
574 799 713 871 solvunt
731 799 898 870 decimam
916 799 1040 888 canapi
1066 818 1129 887 per
1147 804 1297 888 quatuor
1323 797 1462 886 ierugas
1489 801 1525 868 et
1541 795 1641 866 valor
1666 795 1740 867 eius
1759 794 1874 865 aesti-

310 929 426 996 matur
453 923 497 994 ad
515 928 664 1013 quatuor
688 942 832 992 marcas.
867 921 954 991 Item
973 920 1081 990 estin
1100 920 1219 990 eadem
1247 918 1331 989 villa
1352 938 1422 988 uua
1439 917 1536 989 curia
1561 916 1731 1006 militaris,
1757 937 1871 987 unum

310 1044 443 1116 babens
470 1044 660 1134 praedium,
687 1043 730 1114 de
749 1042 846 1113 cuius
873 1042 967 1130 agris
994 1040 1140 1112 solvitur
1167 1040 1300 1111 decima
1318 1039 1543 1129 manipularis
1570 1037 1734 1108 ecclesiae
1762 1057 1873 1126 paro·
1999 1079 2010 1095 ‚

312 1164 415 1236 chiali
442 1165 478 1234 in
505 1163 784 1255 Mlndznwy3
811 1163 893 1233 item
922 1159 1121 1252 praebenda
1146 1159 1304 1250 praefata
1330 1160 1523 1231 nonhabet
1549 1159 1697 1249 aliquam
1723 1157 1872 1229 domum
1940 1245 1949 1255 ·

311 1304 373 1356 seu
399 1305 513 1355 arsam
542 1285 578 1355 in
597 1284 723 1374 oppido
751 1283 958 1371 Visliciensi,
987 1283 1111 1372 inqua
1136 1287 1257 1371 posset
1284 1280 1448 1367 residere.

415 1405 503 1476 Item
539 1405 739 1496 praebenda
773 1402 930 1495 praefata
966 1403 1204 1495 Nyeprowska
1235 1403 1333 1473 iuxta
1367 1407 1488 1475 vetera
1523 1407 1559 1472 et
1584 1421 1675 1472 nova
1705 1403 1871 1492 regestra

314 1530 435 1599 taxata
461 1532 516 1598 est
541 1526 585 1597 ad
613 1578 805 1596 ........

316 1708 539 1851 Habitetio,
564 1758 728 1818 necnon
746 1735 897 1816 domus
914 1737 1169 1817 vicariorum
1186 1733 1510 1836 Visliciensium,
1535 1756 1613 1839 per
1628 1733 1870 1834 dohenuem
1927 1726 1932 1731 ’

316 1872 529 1978 Dluposch
552 1875 787 1976 Senior-sm,
816 1873 1037 1954 custodem
1053 1873 1346 1954 Visliciensem
1370 1879 1413 1953 et
1431 1875 1680 1954 canonicum
1703 1868 1871 1953 craco-

311 2013 515 2115 viensem,
548 2033 605 2093 ex
638 2012 773 2118 lepide
806 2011 969 2117 quadro
1000 2018 1045 2093 st
1073 2012 1206 2092 latere
1239 2018 1367 2094 cocto
1389 2011 1704 2105 AnnoDomlni
1728 2010 1870 2093 Mille·

569 2153 676 2231 simo
699 2150 1115 2255 quadringentesimo
1138 2152 1407 2254 sexagesimo
1431 2155 1604 2230 murata.

417 2370 542 2443 Tristis
560 2375 596 2442 et
610 2371 750 2460 misera,
769 2371 799 2442 si
813 2375 969 2441 veterum
986 2369 1098 2442 famae
1116 2376 1153 2442 et
1167 2370 1356 2442 conditioni
1370 2369 1531 2443 standum
1546 2369 1738 2460 satientur
1755 2368 1871 2442 fuisse

315 2492 508 2583 priscorum
534 2491 741 2563 vicariorum
768 2489 1025 2563 Visliciensium
1053 2492 1218 2563 ecclesiae
1246 2492 1416 2581 conditio,
1453 2493 1513 2582 qui
1539 2492 1668 2563 nullam
1695 2492 1873 2563 habentes

316 2613 567 2684 habitationem
581 2614 619 2693 in¹
631 2613 802 2684 communi
815 2618 876 2685 aut
889 2614 1027 2703 privato
1042 2613 1217 2703 stabilem,
1236 2613 1374 2685 sedibus
1389 2619 1424 2684 et
1437 2614 1522 2685 locis
1537 2614 1679 2684 incertis
1693 2633 1755 2703 per
1769 2613 1874 2704 oppi-

315 2733 394 2806 dum
414 2733 619 2806 Vislicieusc
636 2736 750 2824 pretio
769 2740 831 2806 aut
843 2750 951 2825 prece
970 2754 1123 2806 cameras
1146 2739 1182 2806 et
1199 2735 1395 2806 mansiones
1418 2734 1617 2806 arendando
1636 2734 1872 2826 vagabuntur,

315 2875 381 2945 quo
400 2855 594 2945 eveniebat,
621 2863 661 2926 ut
675 2854 853 2945 neglectus
871 2855 1012 2945 plurimi
1030 2856 1065 2926 in
1084 2856 1318 2927 ecclesiastico
1336 2854 1449 2928 officio
1467 2863 1539 2927 tam
1558 2860 1744 2945 nocturno,
1762 2875 1872 2945 quam
2010 2914 2015 2921 .

256 3040 259 3047 .
315 2974 439 3047 diurno
458 2976 632 3048 avisariis
646 2997 709 3067 per
722 2977 798 3047 loca
816 2976 955 3047 diversa
977 2976 1127 3067 sparsis,
1155 2975 1327 3047 omnifarii
1350 2976 1661 3066 committerentur,
1683 2974 1874 3066 postlongi
1963 2998 1973 3006 ’

249 3088 251 3092 ’
315 3097 497 3187 temporiS,
516 3118 558 3167 ex
573 3119 640 3187 qun
654 3096 872 3168 Visliciensis
890 3097 1035 3169 ecclesia
1052 3095 1197 3168 fundata
1215 3101 1277 3187 est,
1296 3097 1491 3186 decursum,
1511 3096 1592 3168 dum
1607 3117 1706 3167 nemo
1726 3096 1814 3167 alius
1831 3095 1874 3166 id

315 3236 417 3288 curae
442 3217 597 3306 haberet,
624 3217 801 3288 Johannes
828 3217 915 3289 alias
932 3217 1080 3289 Jasszelr
1108 3218 1151 3289 de
1169 3217 1370 3308 TarnoW,
1398 3218 1608 3290 castellanus
1627 3216 1870 3288 cracoviensis

315 3337 369 3408 vir
396 3337 521 3408 nobilis
539 3337 631 3429 frugi
658 3343 694 3410 et
711 3337 895 3429 religiosus
923 3338 1085 3410 dedomo
1113 3343 1150 3410 et
1167 3338 1348 3410 nobilitate
1374 3337 1712 3429 Lelivitarum,
1738 3358 1872 3409 ammo·
2001 3376 2004 3382 ·

314 3464 436 3548 turus,
467 3480 531 3548 pro
565 3459 782 3530 habitatione
810 3459 1017 3531 vicariorum
1045 3459 1215 3531 communi
1249 3458 1517 3530 haereditariam
1552 3458 1622 3529 illis
1649 3479 1763 3530 aream
1799 3480 1872 3529 non

316 3579 425 3651 solum
453 3586 619 3670 perpetue
644 3580 793 3670 largitus
821 3586 882 3670 est,
911 3581 971 3651 sed
991 3603 1067 3652 cum
1094 3580 1155 3650 illa
1177 3581 1222 3652 nb
1241 3581 1486 3652 aretitudiuem
1514 3581 1619 3670 spatii
1637 3581 1750 3650 minus
1776 3579 1873 3650 vica-

315 3701 446 3772 riorum
483 3721 591 3791 capax
628 3700 737 3790 fcret3
773 3702 919 3773 alteram
948 3702 1040 3791 apud
1065 3701 1354 3792 Lyganszam
1390 3702 1582 3792 palatinum
1608 3701 1872 3772 Lancicisnsem

316 3841 432 3892 aream
455 3843 538 3893 suae
557 3821 705 3893 vicinam
725 3843 898 3913 coemens,
925 3824 1063 3894 domum
1082 3823 1233 3913 propriis
1253 3823 1447 3914 sumptibus
1465 3845 1529 3913 pre
1546 3823 1753 3894 vicariorum
1771 3822 1874 3892 habi-

316 3942 431 4019 taculu
460 3944 494 4013 in
524 3941 659 4015 duabus
686 3944 883 4016 huiusmodi
909 3945 1001 4015 areis
1028 3945 1127 4016 iuxta
1152 3944 1298 4016 macella
1323 3945 1422 4034 regia
1449 3945 1544 4033 sitis,
1572 3944 1783 4034 aedificavit;
1809 3944 1875 4015 sed

318 4086 394 4136 cum
413 4065 499 4135 haec
527 4085 662 4155 quoquc
690 4065 734 4136 ob
753 4064 949 4156 frequentia
976 4066 1148 4156 incendia,
1176 4066 1301 4156 quibus
1329 4065 1493 4156 oppidum
1511 4065 1719 4137 Visliciense
1745 4065 1876 4155 flagra·

314 4187 394 4275 bat,
422 4184 457 4254 in
476 4184 608 4256 cineres
635 4184 867 4276 redigeretur,
895 4192 931 4257 et
948 4187 1098 4258 vicarios
1126 4186 1353 4258 Vislicienses
1381 4189 1610 4277 contingeret,
1640 4187 1683 4258 nb
1703 4186 1738 4257 id
1757 4207 1877 4277 sump-

315 4308 409 4380 tibus
436 4306 480 4377 ad
507 4306 726 4378 excitandum
762 4328 888 4379 norum
914 4308 1107 4379 aedificium
1134 4308 1392 4398 deficientibus,
1425 4309 1460 4378 in
1486 4307 1564 4379 loca
1590 4308 1689 4380 varia
1716 4308 1874 4398 dispergi

315 4433 351 4500 et
378 4427 558 4499 ecclesiam
585 4449 625 4500 ac
650 4428 786 4518 plebem
812 4427 1051 4500 Visliciensem
1080 4430 1115 4499 in
1135 4430 1206 4500 suis
1234 4429 1399 4501 aedificiis
1427 4434 1462 4501 et
1480 4450 1519 4499 re
1547 4427 1665 4500 divina
1691 4434 1728 4500 et
1755 4428 1872 4500 salute

316 4550 509 4621 animarum
527 4549 656 4640 negligi
682 4556 718 4623 et
735 4548 906 4639 fraudari,
924 4549 1101 4622 anannes
1125 4552 1240 4622 senior
1266 4550 1504 4640 Dlugosch
1529 4550 1571 4621 de
1590 4549 1873 4621 Czarnoczin
1900 4562 1904 4569 ’

317 4669 447 4759 pietate
484 4675 521 4741 et
548 4670 782 4760 compassione
810 4670 975 4761 religiosa
1001 4678 1133 4762 motus,
1161 4673 1295 4743 duabus
1323 4671 1495 4761 domibus,
1528 4671 1734 4743 coemeterio
1761 4669 1874 4742 conti·

315 4793 409 4884 guia,
436 4791 527 4882 apud
554 4789 749 4864 Johannem
775 4791 1021 4882 Ranoguth
1049 4799 1085 4864 et
1105 4793 1193 4864 filias
1220 4793 1490 4864 Bednarcze
1518 4794 1691 4882 coemptis,
1719 4798 1755 4865 ct
1773 4793 1874 4882 regia
1971 4872 1989 4887 g

316 4913 524 4985 auctoritate
543 4918 646 5003 atque
678 4911 770 4984 cirili
789 4912 834 4983 ad
854 4913 928 4984 eius
946 4914 1147 4985 instantiam
1167 4914 1350 5005 libertatis
1378 4920 1417 4985 ut
1435 4914 1603 4985 ministris
1622 4912 1753 4984 Christi
1781 4914 1873 4986 sicco

314 5034 484 5125 uestigio,
512 5055 598 5124 quos
626 5035 712 5106 alias
739 5035 804 5106 sub
832 5035 949 5125 opacis
975 5035 1135 5107 noctibus
1162 5056 1225 5125 per
1251 5035 1386 5107 lubrica
1411 5035 1558 5126 gradum
1584 5034 1697 5106 facere
1734 5040 1875 5126 oporte-

315 5156 393 5245 bat,
429 5155 526 5226 adire
562 5155 727 5245 templum
754 5156 893 5246 liceret,
929 5176 1053 5228 noram
1081 5155 1219 5228 domum
1255 5177 1277 5229 a
1302 5155 1536 5228 fundamentis
1562 5156 1723 5246 initians,
1755 5154 1873 5245 lapide

318 5275 464 5366 simplici
492 5281 528 5348 et
546 5276 732 5368 quadrato,
760 5277 884 5349 deinde
901 5277 1012 5349 latere
1030 5275 1132 5348 Anno
1150 5277 1291 5349 Domini
1314 5279 1412 5349 1460
1431 5297 1494 5367 pro
1514 5277 1724 5367 sempiterno
1743 5294 1873 5381 memo-

314 5395 395 5469 riali
429 5397 688 5489 prohibiturus,
724 5399 922 5475 exustiones
957 5398 1120 5476 fortuitas
1165 5403 1201 5475 et
1232 5404 1409 5490 caumata,
1450 5397 1674 5491 expendendo
1710 5398 1746 5468 in
1777 5396 1872 5470 illius
