4050 6054
130 482 135 487 ,
260 403 280 476 6

250 609 389 700 hispani,
410 608 752 703 almanicaaterique
770 608 922 682 forenses
939 630 1014 682 esse
1032 622 1291 699 consueverant,
1314 620 1599 701 caeterarumque
1617 610 1800 683 eeclesia-

250 729 405 801 sticarum
420 750 639 820 personarum
657 729 796 818 desidia,
815 731 946 803 incuria
963 737 999 803 et
1015 732 1235 822 negligentia,
1252 733 1326 803 sive
1353 732 1591 824 frequentibus
1610 731 1798 805 incendiis

247 855 282 920 et
298 855 458 940 caumate,
477 850 597 940 quibus
616 850 821 940 polonicales
844 852 1008 923 eeclesiae
1026 872 1068 923 ex
1091 853 1238 924 materia
1255 853 1371 942 lignea
1396 860 1433 923 et
1451 851 1673 943 corruptibili
1703 858 1798 925 tuuc

245 969 425 1067 fabricatae
442 971 672 1059 subiacebant,
691 971 805 1042 omnia
823 976 960 1044 vetusta
977 981 1205 1061 monumento,
1221 973 1414 1064 privilegia,
1427 980 1586 1062 regestae
1598 978 1637 1044 et
1697 974 1725 1057 ,⁰

242 1089 381 1181 periere,
399 1111 461 1162 nec
478 1091 672 1163 litterarum
698 1091 872 1199 illustrata
889 1092 973 1181 luce,
991 1094 1055 1165 sub
1073 1093 1219 1183 caligine
1236 1100 1274 1165 et
1291 1094 1439 1165 obscuro
1457 1080 1612 1181 latentia,
1641 1090 1690 1165 ed
1713 1100 1716 1107 '
1739 1188 1744 1193 ·
1767 1164 1776 1183 ,

241 1216 348 1283 stram
368 1230 560 1303 ,pervenere
587 1218 736 1283 aetatem
761 1219 798 1283 et
823 1213 1015 1285 notionem:
1054 1219 1221 1304 tantaque
1247 1214 1314 1286 init
1340 1212 1579 1287 Craeoviensis
1609 1213 1790 1287 eeclesiae

239 1320 471 1423 episcoporum
502 1331 657 1423 torpedo,
688 1339 789 1405 utet
815 1334 900 1406 fines
926 1334 1091 1405 dioecesis
1110 1355 1193 1406 suae
1210 1334 1314 1406 fluvio
1340 1332 1480 1425 Poprod
1499 1334 1692 1407 clarissime
1711 1334 1790 1408 dis-

238 1453 456 1542 terminatos,
491 1473 555 1544 per
585 1451 848 1545 Strygonienses
884 1455 1158 1545 archiepiscopos
1204 1456 1364 1545 occupari
1409 1455 1446 1525 in
1477 1454 1568 1526 diem
1603 1454 1717 1543 hane,
1752 1462 1794 1528 et

236 1571 812 1665 metropolitanam·Cracoviensem
831 1574 1008 1646 ecclesiam
1035 1596 1077 1645 ex
1097 1596 1159 1646 suo
1176 1574 1310 1664 fulgore
1329 1575 1583 1666 metropolitico
1601 1574 1638 1645 in
1652 1573 1789 1647 sutfra-

236 1714 379 1782 ganeam
397 1701 435 1767 et
448 1694 636 1767 subiectam
651 1693 789 1766 detrudi
802 1695 895 1785 passi
908 1693 1044 1766 fuerint.
1059 1694 1164 1766 Cuius
1179 1702 1249 1766 tam
1263 1695 1495 1767 miserabilem
1508 1694 1708 1784 neglectum
1721 1717 1796 1788 ego

235 1812 409 1887 lohannes
427 1814 671 1905 Dlugosch,
694 1815 808 1886 senior
822 1814 864 1887 de
891 1814 1195 1907 Crarnoczyn,
1218 1817 1403 1888 canonicus
1426 1814 1677 1905 Crotoniensis,
1693 1817 1793 1889 indi-

234 1957 320 2025 gnus
334 1942 371 2008 et
384 1935 585 2026 immeritus,
606 1936 665 2027 pia
679 1936 914 2025 compassione
937 1937 1129 2025 miseratus,
1148 1936 1229 2006 dum
1242 1935 1334 2026 apud
1353 1936 1680 2008 reverendissimum
1699 1937 1792 2009 olim

234 2056 269 2126 in
288 2055 425 2130 Christo
444 2064 578 2147 patrem
593 2057 767 2129 domiuum
793 2056 1048 2147 Sbigueum,
1072 2056 1280 2128 cardinalem
1295 2063 1332 2128 et
1354 2058 1551 2148 episcopum
1573 2054 1794 2130 Cracovien·

233 2198 313 2267 sem,
327 2179 572 2250 secretariatus
590 2177 751 2267 hungerer
766 2176 885 2267 officio,
896 2177 1134 2250 Cracoviensis
1148 2179 1367 2269 episcopatus
1386 2184 1510 2266 castra,
1521 2176 1658 2268 oppida,
1670 2176 1794 2269 villas,

234 2298 392 2389 decimas,
411 2305 447 2369 et
464 2298 618 2390 singulos
635 2298 809 2390 introitus,
828 2300 1009 2389 omniaque
1036 2300 1123 2387 iura,
1151 2319 1254 2389 quam
1280 2298 1439 2370 veracius
1457 2304 1494 2370 et
1519 2297 1655 2370 fidelius
1673 2301 1794 2391 potui,

234 2439 324 2489 anuo
344 2418 482 2490 Domini
513 2420 611 2490 1444)
638 2419 842 2509 conscripsi,
865 2426 902 2491 et
932 2420 967 2491 in
999 2419 1206 2509 scripturam
1233 2419 1372 2508 planam
1398 2424 1435 2491 et
1452 2423 1693 2508 regestratum,
1722 2440 1795 2510 per

235 2537 358 2626 claves,
385 2545 524 2610 tenutas
551 2544 588 2610 et
614 2536 791 2611 districtus
809 2539 936 2629 redegi,
954 2541 998 2612 ad
1017 2539 1217 2611 memoriam
1235 2546 1272 2610 44
1290 2538 1531 2611 duramentum
1549 2545 1790 2631 posterorum.

234 2657 366 2730 Eadem
384 2681 519 2751 quoque
537 2660 832 2732 commiseratione
860 2660 993 2749 ductus,
1021 2660 1102 2731 dum
1129 2660 1340 2731 serenissimi
1367 2660 1532 2749 principis
1559 2659 1689 2732 domini
1707 2658 1791 2733 Ca-

235 2779 315 2850 sim
326 2780 395 2871 iri,
414 2781 577 2854 Poloniae
595 2782 697 2872 regis,
715 2802 776 2854 sex
794 2782 881 2853 lilios
900 2782 1161 2869 illustrissimos,
1179 2780 1350 2871 videlicet,
1377 2780 1681 2869 Vladislaum‚
1709 2779 1792 2854 Ga·

234 2900 458 2991 simirum,
485 2900 747 2992 Alhertum,
784 2901 1101 2989 Alexandrum,
1138 2900 1480 2990 Sigismundum
1511 2905 1547 2972 et
1577 2899 1790 2973 Frideri·

234 3042 329 3092 cum
354 3022 482 3095 litteris
508 3028 613 3114 atque
639 3023 792 3096 moribus
819 3045 883 3114 pro
908 3022 1049 3096 modrdo
1073 3021 1202 3112 ingenii
1230 3022 1297 3092 mei
1316 3021 1489 3094 erudirem
1507 3028 1544 3093 et
1562 3022 1788 3112 instruerem,

233 3141 409 3233 praefatae
434 3143 644 3216 cathedralis
670 3145 833 3216 ecclesiae
861 3143 1100 3216 Cracovieusis
1127 3144 1163 3213 iu
1190 3142 1353 3215 membris
1373 3142 1591 3232 dignitatum,
1618 3140 1785 3216 videlieet

232 3263 517 3354 praebendarum,
540 3264 753 3354 altariarum,
780 3265 996 3352 vicariarum,
1023 3264 1293 3354 psalteritarum,
1320 3262 1641 3351 mansionariarum,
1668 3270 1787 3336 caete·

232 3404 416 3475 rarumque
435 3383 649 3457 officinarum
668 3385 761 3474 iura,
781 3391 968 3475 proventus
988 3392 1023 3455 et
1046 3385 1211 3455 introitus
1230 3383 1426 3455 describere
1457 3385 1555 3455 1411)
1582 3383 1784 3457 nativitatis

232 3502 364 3577 Christi
391 3527 481 3578 anno
517 3511 554 3577 44
581 3505 804 3597 sequentibus
831 3526 1015 3596 aggressus
1043 3527 1136 3593 sum,
1165 3505 1207 3576 de
1227 3504 1442 3607 cacterisqpe
1465 3505 1675 3595 collegiatis,
1702 3524 1787 3577 con·

230 3627 450 3700 veutualihus
477 3633 513 3698 et
539 3626 796 3717 parochialibus
823 3626 976 3698 ecclesiis
1003 3624 1242 3697 Cracoviensis
1262 3623 1428 3696 dioecesis
1447 3624 1593 3696 eundem
1619 3624 1786 3716 laborem,

229 3755 302 3821 tum
329 3750 414 3821 mihi
441 3749 582 3842 quidem·
606 3749 685 3821 aliis
712 3754 879 3837 occupato
906 3753 943 3817 et
961 3746 1125 3835 distento,
1152 3751 1188 3817 et
1215 3746 1250 3816 iu
1279 3745 1379 3817 anuis
1396 3745 1482 3816 meis
1509 3765 1703 3836 progresso,
1721 3745 1786 3817 sed

230 3877 266 3941 et
283 3871 472 3961 cuicunque
499 3870 612 3959 alteri,
630 3870 780 3941 lacertos
799 3866 994 3958 vegetiores
1014 3871 1050 3937 et
1069 3866 1177 3937 otium
1196 3865 1339 3937 habenti
1358 3865 1606 3957 difficillimum,
1625 3866 1654 3938 si
1672 3867 1783 3939 vitam

230 3989 431 4078 propitiatio
449 3989 568 4061 diviua
585 3991 795 4062 concesserit
813 3995 849 4060 et
867 3988 1022 4061 eiusdem
1041 3986 1300 4077 propitiationis
1318 3986 1429 4059 fretus
1447 3988 1582 4076 solatio,
1600 3988 1782 4060 subiturus

232 4108 400 4179 iacturam
426 4114 464 4180 et
479 4109 702 4199 ignominiam
728 4115 801 4181 tam
828 4108 984 4180 diuturni
1012 4114 1049 4179 et
1074 4107 1166 4179 foedi
1185 4108 1376 4197 neglectus,
1395 4129 1416 4178 4
1434 4107 1654 4180 cracoviensi
1672 4108 1783 4181 eecle-

232 4228 284 4300 sia
310 4234 346 4298 et
371 4229 519 4301 dioecesi
546 4230 766 4302 rescissums.
800 4226 1014 4320 Principium
1042 4250 1178 4320 quoque
1206 4229 1308 4300 huius
1336 4230 1450 4319 operis
1470 4250 1491 4299 a
1509 4229 1679 4301 decanatu
1697 4228 1783 4302 Cra-

232 4349 384 4422 coviensi
410 4349 544 4438 ordiar,
569 4351 628 4440 qui
654 4351 690 4421 in
722 4348 943 4423 Cracoviensi
971 4351 1116 4423 ecclesia
1143 4356 1265 4421 corrtra
1296 4355 1457 4421 naturam
1490 4357 1525 4420 at
1552 4350 1785 4423 conditionem

231 4471 378 4543 aliarum
405 4471 627 4544 ecclesiarum
653 4471 805 4562 dignitas
824 4479 879 4545 est
896 4473 1129 4561 excellentior,
1149 4477 1184 4542 et
1203 4472 1369 4562 primaria
1387 4476 1466 4561 post
1485 4471 1727 4560 pontificalem.

333 4592 503 4683 Insignita
521 4598 575 4666 est
593 4574 830 4667 Cffacoriensis
857 4595 1002 4667 ecclesia
1027 4594 1269 4665 Praelatorum
1296 4599 1333 4664 et
1358 4591 1609 4664 Canonicorum
1636 4593 1729 4664 iusto
1746 4600 1786 4665 et

231 4713 339 4787 nobili
357 4734 510 4803 numero,
538 4735 598 4786 sex
621 4715 752 4788 habens
770 4715 951 4790 Praelatos
979 4716 1150 4807 dignitate
1177 4715 1363 4806 praeditos,
1391 4712 1569 4785 videlicet:
1596 4714 1785 4804 Decauum,

231 4833 531 4925 Archidiaconum,
549 4835 799 4930 Praepositum,
818 4837 1077 4928 Scholasticum,
1093 4836 1278 4910 Cantorem
1297 4842 1333 4908 et
1351 4834 1555 4924 Custodem,
1583 4841 1619 4907 et
1637 4834 1786 4926 triginta

233 4954 424 5028 Canonicos
441 4957 705 5047 praebendatos.
