4050 6054
1545 480 1730 567 wal

184 699 415 793 Gracov'iensi,
442 723 505 794 per
522 703 769 793 negligentiam
782 684 783 687 ¹
795 707 912 772 tamen
931 705 967 789 et
986 679 1130 772 abusum
1149 701 1436 772 scholasticorum
1455 699 1733 777 cracoviensium

187 844 355 896 conversa
381 829 436 895 est
471 824 506 893 in
538 822 756 914 pecunialem
778 828 815 893 et
841 823 946 894 solvit
973 822 1072 891 annis
1099 821 1244 910 singulis
1272 820 1478 892 scholastico
1514 819 1735 892 Oracovieusi

89 936 94 946 ’
184 952 261 1016 octo
289 949 420 1016 scottos
447 943 597 1015 latorum
624 964 824 1034 grossorum
850 940 1086 1032 Pragensium.
1192 1010 1197 1019 ,
1647 1024 1653 1035 Ι

287 1063 623 1153 Rnnzrcnovvvczn,
651 1063 734 1133 villa
760 1063 891 1135 habens
909 1062 945 1132 in
963 1083 1001 1132 se
1019 1061 1198 1132 ecclesiam
1225 1061 1467 1150 parochialem,
1494 1061 1591 1131 cuius
1609 1061 1733 1132 haeres

184 1183 310 1254 Petrus
337 1183 667 1274 Komororvsky
694 1180 881 1273 praefatus.
908 1182 949 1252 ln
968 1202 1036 1272 qua
1053 1188 1135 1251 sunt
1161 1181 1253 1251 lanei
1276 1180 1519 1277 cmethonaleS,
1547 1180 1732 1270 dequibus

143 1322 151 1338 ·
184 1304 341 1375 omnihus
369 1303 472 1374 datur
499 1303 643 1394 darique
671 1302 774 1374 debet
801 1302 934 1373 decima
950 1300 1176 1391 manipularis
1194 1322 1257 1390 pro
1277 1300 1482 1371 scholastria
1500 1298 1730 1390 (hanoniensi,

116 1455 121 1464 κ
183 1445 246 1513 per
273 1424 520 1514 negligentiam
547 1430 663 1495 tamon
699 1429 735 1494 et
771 1424 916 1494 abusum
943 1422 1229 1492 scholasticorum
1258 1420 1539 1491 Crotoniensium
1567 1437 1733 1491 conversa

184 1544 300 1614 estin
327 1544 541 1634 pecunialem
568 1549 605 1614 et
631 1543 735 1614 solvit
762 1544 861 1613 annis
889 1542 1033 1632 singulis
1061 1541 1267 1612 scholastico
1295 1539 1549 1645 cracoviensi.¹

287 1662 493 1755 quczruis,
520 1665 604 1734 villa
631 1665 694 1734 sub
721 1664 887 1754 parochia
914 1663 1078 1733 ecclesiae
1106 1661 1148 1731 de
1174 1661 1393 1752 Zywyecz
1421 1662 1499 1750 sita,
1527 1662 1623 1732 cuius
1649 1661 1732 1732 hae-

184 1805 241 1854 res
268 1783 394 1855 Petrus
421 1784 749 1875 Komorowshy
789 1782 975 1873 praefatus.
1019 1782 1059 1852 In
1088 1802 1156 1872 qna
1184 1788 1265 1852 sunt
1291 1781 1382 1851 lanei
1410 1782 1661 1871 cmethonale8‚
1689 1781 1732 1852 de

185 1905 309 1993 quihus
337 1905 494 1975 omnibus
513 1903 617 1975 datur
644 1904 788 1993 darique
815 1902 919 1974 debet
946 1902 1078 1972 decima
1095 1901 1322 1991 manipularis
1340 1923 1404 1992 pro
1424 1902 1631 1973 scholastria
1650 1901 1733 1974 cra-

184 2024 355 2112 coviensi,
382 2045 445 2113 per
463 2024 608 2094 abusum
620 2028 742 2115 'tamen
770 2028 806 2093 et
832 2022 1080 2113 negligentiam
1107 2021 1390 2094 scholasticorum
1418 2043 1585 2094 conversa
1611 2028 1666 2093 est
1693 2023 1728 2092 in

188 2143 402 2232 pecunialem
429 2150 465 2213 et
491 2144 596 2215 solvit
622 2144 721 2215 anilis
749 2143 893 2232 singulis
921 2143 1136 2214 scholastico.

288 2263 568 2352 Lnunnvvvczn,
595 2264 678 2334 villa
704 2265 835 2335 habeus
862 2265 898 2333 iu
925 2285 962 2334 se
990 2262 1168 2355 ecclesiam
1194 2263 1446 2353 parochialem,
1483 2262 1580 2334 cuius
1607 2264 1731 2335 haeres

186 2383 312 2471 Petrus
339 2383 680 2476 Komorowsky.
707 2385 747 2454 In
767 2391 935 2490 qua-sunt
960 2385 1053 2455 lanei
1080 2384 1325 2474 cmethonaleS,
1353 2384 1395 2455 de
1423 2385 1548 2474 quibus
1575 2385 1733 2456 omnibus

186 2504 318 2574 decima
344 2505 569 2594 manipularis
596 2527 617 2576 a
643 2507 820 2594 primaeva
846 2504 1048 2576 fundatione
1075 2505 1239 2575 ecclesiae
1267 2502 1506 2608 cracoviensis
1533 2500 1733 2577 solvebatur

185 2625 410 2695 scholastriae
439 2624 669 2715 cracoviensi,
698 2628 741 2697 ob
769 2627 1080 2716 sequestrationem
1107 2646 1191 2696 vero
1218 2627 1317 2715 regni
1340 2625 1504 2696 Poloniae
1524 2631 1560 2696 et
1577 2647 1731 2716 gwerras
1823 2690 1826 2696 .

185 2745 326 2815 decimis
353 2747 523 2817 mutilatis
559 2747 742 2817 solvuntur
768 2747 944 2837 pecuniae,
971 2754 1008 2818 et
1034 2745 1192 2836 praefata
1218 2746 1301 2818 villa
1328 2747 1433 2818 solvit
1459 2747 1606 2836 singulis
1633 2747 1733 2819 annis

185 2864 391 2936 scholastico
418 2865 649 2937 Oracoviensi.
1632 2854 1637 2866 ⁴

287 2985 518 3076 vanvvnnn,
545 2987 629 3058 villa
655 2987 787 3058 habens
806 2987 841 3056 in
860 3007 897 3056 se
925 2986 1104 3057 ecclesiam
1130 2985 1372 3077 parochialem,
1401 2986 1497 3058 cuius
1524 2988 1647 3057 haeres
1665 2985 1732 3058 Pe·

183 3112 260 3176 trus
286 3106 624 3198 Komorowsky.
664 3108 704 3177 In
732 3128 800 3196 qua
827 3114 908 3178 sunt
934 3106 1025 3177 lanei
1062 3108 1313 3197 cmethonales,
1351 3092 1546 3197 dequibus
1576 3108 1733 3179 omnibus

185 3226 317 3296 decima
343 3227 568 3316 manipularis
595 3248 616 3296 a
642 3227 820 3317 primaeva
845 3226 1047 3298 hindatione
1075 3228 1239 3298 ecclesiae
1267 3227 1507 3300 Gracoviensis
1534 3211 1749 3299 solvebatur

186 3347 411 3450 scholastriae
431 3345 661 3448 Cracoviensi,
688 3349 732 3418 ob
760 3348 1072 3438 sequestrationem
1099 3369 1191 3425 vero
1209 3349 1308 3438 regni
1336 3347 1500 3419 Poloniac
1519 3354 1564 3418 et
1580 3368 1734 3437 gwerras

186 3468 326 3538 decimis
352 3468 522 3538 mutilatis
559 3468 741 3540 solvuntur
767 3469 943 3558 pecuniae,
971 3476 1007 3539 et
1033 3467 1190 3557 praelata
1216 3468 1300 3540 villa
1326 3468 1471 3558 singulis
1498 3469 1598 3539 annis
1625 3468 1734 3539 solvit

136 3613 140 3628 ·
186 3589 391 3659 scholastico
419 3588 649 3659 Cracoviensi.

289 3708 477 3779 Wrnenzn
503 3730 632 3798 maroa,
659 3708 743 3779 villa
760 3710 824 3779 sub
843 3708 1008 3798 parochia
1027 3706 1191 3779 ecclesiae
1218 3707 1261 3778 de
1287 3708 1504 3800 Zywyecz
1531 3708 1609 3797 sita,
1637 3706 1733 3780 cuius

185 3829 308 3900 ha'eres
334 3829 461 3901 Petrus
487 3829 825 3920 Komorowsky.
861 3829 900 3899 In
929 3851 997 3919 qua
1023 3836 1105 3899 sunt
1130 3829 1222 3898 lanei
1249 3829 1501 3918 cmethonales,
1537 3828 1580 3899 de
1608 3830 1756 3919 quibus¹

186 3939 359 4022 omnibus
379 3950 511 4022 decima
545 3950 771 4039 manipularis
798 3971 819 4020 a
845 3950 1022 4039 primaeva
1057 3948 1258 4020 fundatione
1293 3948 1458 4020 ecclesiae
1496 3948 1734 4052 cracoviensis

185 4066 386 4143 solvebatur
412 4070 639 4142 scholastriae
663 4068 892 4160 cracoviensi,
920 4071 965 4142 ob
993 4070 1303 4159 sequestrationem
1330 4091 1414 4141 vero
1441 4071 1540 4160 regni
1566 4069 1732 4143 Poloniae

184 4197 222 4262 et
246 4213 400 4282 guerras
427 4193 567 4263 decimis
594 4192 763 4264 mutilatis
790 4192 973 4264 solvuntur
990 4191 1165 4281 pecuniae,
1177 4199 1220 4295 et
1237 4190 1395 4281 praelata
1412 4191 1495 4263 villa
1513 4192 1617 4263 solvit
1635 4194 1734 4264 scho-

185 4312 307 4384 lastico
335 4311 564 4384 ctacoviensi.
791 4297 796 4307 ’

289 4431 476 4521 anrnzn
503 4455 631 4524 umora,
659 4434 742 4507 villa
760 4435 824 4505 sub
843 4434 1009 4524 parochia
1032 4433 1197 4504 ecclesiae
1224 4432 1266 4504 de
1284 4431 1503 4524 Zywyecz
1530 4433 1607 4523 sita,
1635 4433 1732 4505 cuius

185 4554 308 4624 haeres
336 4552 461 4625 Petrus
488 4554 826 4645 Komorowsky.
870 4553 910 4624 In
938 4574 1007 4645 qua
1033 4560 1114 4625 sunt
1140 4555 1231 4624 lanei
1259 4554 1510 4643 cmethonales,
1538 4554 1581 4624 de
1609 4555 1733 4643 quibus

186 4675 343 4745 omnibus
379 4674 512 4745 decima
547 4676 773 4765 manipularis
800 4696 821 4744 a
847 4675 1025 4764 primaeva
1060 4674 1262 4745 fundatione
1298 4675 1462 4746 ecclesiae
1495 4674 1733 4745 Gracoviensis

185 4794 388 4866 solvebatur
415 4795 641 4866 scholastriae
666 4795 896 4884 cracoviensi,
924 4794 967 4866 ob
995 4797 1305 4885 sequestrationem
1332 4816 1415 4867 vero
1442 4795 1554 4885 regni·
1569 4793 1733 4865 Poloniac

184 4920 221 4985 et
245 4934 399 5004 gwerras
426 4915 567 4986 decimis
594 4916 762 4988 mutilatis
789 4917 970 4988 solvuntur
988 4916 1219 5008 pecuniae,·et
1235 4915 1393 5007 praefata
1412 4914 1494 4986 villa
1512 4914 1617 4984 solvit
1635 4915 1733 4985 scho-

184 5034 308 5107 lastico
336 5034 566 5108 cracoviensi.
961 5126 964 5133 ⁸

289 5156 464 5247 Lvrova,
491 5157 575 5228 villa
601 5152 665 5229 sub
692 5157 858 5248 parochia
884 5155 1049 5229 ecclesiae
1077 5158 1119 5228 de
1141 5156 1362 5247 Zywyecz
1389 5155 1466 5245 sita,
1493 5155 1590 5226 cuius
1608 5155 1732 5228 haeres

184 5275 310 5348 Petrus
337 5276 675 5369 Komorowsky.
702 5279 749 5348 ln
770 5298 838 5369 qua
864 5285 945 5350 sunt
971 5278 1063 5348 lanei
1089 5275 1332 5365 cmethonales,
1360 5275 1403 5346 de
1430 5271 1555 5366 quibus
1574 5256 1741 5354 omnibus

184 5395 317 5468 decima
342 5399 568 5505 manipularis
596 5419 617 5469 a
643 5398 820 5488 primaeva
846 5397 1047 5470 fundatione
1075 5396 1238 5467 ecclesiae
1265 5394 1503 5469 cracoviensis
1531 5397 1731 5471 solvebatur
