4050 6054
1681 407 1727 494 '89

287 627 444 701 Secunda
471 627 591 717 domus
619 628 723 701 etiam
751 627 786 699 in
812 627 931 720 platea
957 625 1074 718 legati,
1101 626 1194 698 inter
1211 625 1514 716 primam'domum
1532 620 1730 700 immediate

184 755 318 839 septam
345 750 389 821 ab
416 770 494 839 una,
521 736 565 820 et'
583 749 722 820 domum
749 750 901 838 acialem,
920 749 955 818 in
974 749 1092 839 platea
1118 748 1288 818 castrensi
1301 747 1404 817 Beati
1420 745 1527 837 Petri,
1555 748 1730 820 aediculae

184 869 437 941 confrontatam
464 872 622 960 partibus
649 871 692 940 ab
720 870 832 940 altera
859 870 945 959 sita,
973 890 1075 958 quam
1102 864 1352 939 Hann'usch
1378 866 1531 937 Mnich
1558 867 1744 970 inhabitat

183 1010 247 1078 pro
274 991 465 1080 praesenti,
503 1011 590 1081 quae
618 1011 681 1079 pro
709 1010 823 1061 annuo
851 986 1016 1078 terragio
1033 1009 1137 1080 censu
1165 989 1270 1060 solvit
1297 987 1502 1059 scholastico
1527 986 1732 1058 cracovien-

183 1110 214 1179 si
228 1164 347 1179 ......
365 1131 508 1200 marcae,
528 1110 570 1180 de
589 1131 657 1199 quo
675 1110 825 1180 habetur
847 1109 1066 1200 privilegium
1092 1108 1193 1179 Pauli
1220 1107 1508 1198 Gisziczslry,
1535 1108 1732 1178 scholastici

184 1229 433 1320 cracoviensis,
461 1231 495 1300 in
524 1230 673 1300 archivis
701 1230 864 1300 ecclesiae
892 1228 1139 1300 Cracovieusis.

287 1350 418 1422 Domus
445 1351 553 1421 tertia
579 1351 677 1421 iuxta
703 1351 834 1422 curiam
861 1350 1091 1440 episcopalem
1118 1349 1316 1420 immediate
1344 1355 1380 1420 et
1406 1348 1442 1418 in
1468 1347 1585 1438 platea
1612 1368 1731 1419 mona-

184 1471 291 1542 sterio
310 1470 427 1542 Sancti
445 1471 622 1542 Francisci
645 1471 864 1543 confrontata
882 1472 960 1561 sita,
980 1492 1082 1561 quam
1100 1471 1267 1560 magister
1285 1468 1416 1560 Caspar
1434 1469 1731 1559 Rokyemberlr,

184 1592 401 1664 decretorum
419 1593 550 1683 doctor,
577 1593 804 1665 scholasticus
831 1599 914 1663 tunc
940 1593 1093 1663 existens
1108 1590 1356 1680 Oracoviensis,
1384 1596 1571 1661 comesset
1598 1590 1730 1682 lignea,

182 1719 292 1783 totam
320 1714 501 1785 demolivit
529 1720 566 1785 et
584 1714 699 1784 domui
719 1734 802 1784 suae
820 1720 987 1804 paternae
1009 1712 1192 1802 secundae,
1213 1713 1257 1783 ab
1277 1712 1351 1782 acie
1370 1712 1405 1782 in
1424 1712 1542 1801 platea
1568 1710 1731 1785 fraterni-

184 1834 277 1922 tatis,
305 1834 417 1906 eundo
445 1855 466 1904 a
493 1835 704 1904 monasterio
732 1833 850 1904 Sancti
875 1833 1053 1905 Francisci
1081 1834 1183 1922 sitae,
1210 1840 1245 1903 et
1271 1833 1404 1923 postico
1433 1833 1506 1902 eius
1533 1837 1644 1902 totam
1671 1853 1732 1921 ap·

183 1953 326 2042 plicavit
353 1961 389 2024 et
415 1953 582 2042 adiunxit,
602 1953 786 2024 subiiciens
805 1974 842 2024 se
861 1960 897 2025 et
913 1973 1115 2044 germanum
1143 1974 1241 2024 suum
1259 1941 1582 2024 Hieronimum‘
1603 1958 1639 2022 et
1656 1972 1732 2022 suc·

184 2093 337 2143 cessores
364 2095 444 2143 suos
472 2073 593 2142 domus
620 2072 797 2162 praefatae
825 2073 996 2144 secundae
1025 2074 1068 2143 ab
1087 2073 1169 2162 acie,
1196 2072 1413 2144 habitatores
1441 2072 1485 2143 ad
1501 2126 1687 2142 .........
1702 2052 1732 2141 ζ.

183 2214 376 2263 marcarum
404 2193 564 2282 perpetui
591 2213 712 2263 census
740 2195 885 2284 terragii
916 2214 979 2283 per
1006 2214 1169 2266 censuras
1208 2193 1458 2264 ecclesiasticas
1484 2178 1732 2283 exigendarum
1779 2269 1782 2274 .

184 2314 400 2384 solutionem.
742 2310 744 2315 ’
1144 2382 1146 2386 ,
1844 2285 1848 2305 '

285 2432 499 2504 Scholastria
517 2432 756 2505 Oracoviensis
774 2440 891 2505 taram
918 2435 1024 2505 habet
1043 2434 1088 2506 ad
1107 2434 1291 2524 sexaginta
1317 2454 1451 2504 marcas
1479 2433 1615 2523 argenti
1634 2432 1732 2502 iuxta

186 2554 328 2642 antiqua
354 2558 521 2643 regestra.
648 2636 650 2639 ¹

186 2779 388 2861 Custodia
411 2778 726 2884 Oracoviensis,
744 2789 865 2864 sexta
889 2783 1097 2876 etultima
1122 2783 1300 2886 dignitas
1324 2736 1420 2887 post
1438 2780 1732 2885 pontificalem,

384 2926 386 2929 ’
598 2923 805 3050 inchoro
838 2945 944 3002 vero
977 2924 1149 3035 sinistro
1180 2923 1318 3001 tertia.

224 3226 228 3233 ,
286 3139 453 3217 Custodia
466 3141 714 3233 cracoviensis,
734 3161 837 3233 quam
855 3163 946 3213 nunc
963 3148 1060 3213 tenet
1072 3141 1250 3213 Johannes
1268 3139 1528 3231 Woyschylr
1548 3139 1589 3209 de
1608 3137 1732 3228 Woy·

183 3280 277 3350 oza,
303 3262 429 3335 nobilis
457 3262 500 3333 do
527 3263 628 3335 domo
655 3262 843 3334 Powala·
862 3263 965 3334 aliter
992 3261 1165 3354 Ogouy,
1185 3263 1291 3332 habet
1318 3268 1431 3331 certas
1450 3259 1550 3331 villas
1569 3263 1738 3333 sanctum,

182 3381 314 3452 riorum
341 3381 506 3454 ecclesiae
533 3381 772 3465 Cracoviensis
798 3405 862 3473 pro
890 3403 953 3454 sua
979 3382 1060 3453 dote
1088 3389 1192 3472 atque
1219 3380 1335 3470 fundo,
1364 3401 1451 3471 quae
1471 3378 1609 3470 quidem
1628 3377 1731 3448 villae

55 3602 57 3604 η
184 3522 246 3590 per
273 3508 410 3574 veteres
436 3524 537 3594 reges
573 3509 609 3574 et
644 3504 817 3592 principes
844 3502 1008 3574 Poloniae
1045 3524 1122 3574 cum
1148 3502 1345 3574 hominihus
1377 3501 1455 3571 illas
1482 3499 1731 3587 incolentibus,
1807 3533 1811 3539 ·

183 3621 245 3692 sed
270 3629 438 3713 perpetue
466 3623 628 3694 servituti
656 3623 824 3712 obnoxiis,
852 3623 911 3713 qui
937 3622 1011 3693 dati
1038 3628 1119 3693 sunt
1146 3621 1310 3694 ecclesiae
1337 3618 1559 3691 Oracoviensi
1586 3617 1630 3687 ad
1658 3637 1731 3687 ser-

182 3742 343 3814 viendum
370 3745 407 3815 in
435 3744 495 3814 illa
522 3764 629 3833 opera
654 3744 850 3821 necessaria
877 3763 916 3814 ac
930 3743 1093 3832 servilia,
1120 3742 1176 3812 die
1200 3763 1240 3812 ac
1266 3748 1376 3830 nocte,
1403 3745 1439 3810 et
1457 3739 1501 3809 ab
1521 3737 1614 3808 omni
1640 3735 1732 3807 solu-

182 3862 285 3954 tione,
303 3864 410 3954 dacia,
428 3865 562 3935 tributo
580 3870 616 3934 et
634 3862 797 3952 suffragio
817 3884 859 3934 ex
878 3883 1090 3954 quacumque
1108 3882 1212 3933 causa
1230 3859 1445 3950 imponendo,
1464 3864 1500 3928 et
1518 3866 1752 3947 quocumque

183 3985 319 4056 nomine
354 3985 555 4074 vocitando,
592 3983 720 4074 regali,
754 3984 961 4075 pontificali,
998 3983 1128 4072 ducali,
1165 3981 1343 4070 terrestri,
1375 3978 1563 4051 universali
1590 3983 1625 4048 et
1652 3997 1732 4071 par-

182 4103 329 4195 ticulari,
348 4105 526 4177 ordinario
539 4112 575 4176 et
589 4104 875 4195 extraordinario,
889 4104 1089 4195 pecuniario
1108 4111 1144 4174 et
1161 4103 1341 4192 victuario,
1360 4107 1395 4174 ct
1413 4101 1518 4171 etiam
1533 4120 1554 4170 a
1561 4092 1732 4193 perediae

93 4316 107 4327 ο
183 4224 255 4295 sive
282 4219 514 4315 holewatlzwo,
542 4231 577 4297 et
605 4247 625 4296 a
653 4227 808 4316 quolibet
823 4204 954 4298 ‘labore
981 4225 1179 4321 plenissime
1206 4223 1371 4295 libertati.
1408 4221 1456 4293 Et
1482 4221 1595 4310 primo
1622 4219 1730 4289 habet

11 4362 64 4467 'hs
183 4344 299 4415 villam
326 4344 675 4438 Swyanthnylry
692 4348 766 4418 ‘sub
793 4347 958 4437 parochia
985 4346 1150 4418 ecclesiae
1178 4345 1220 4416 de
1240 4345 1440 4416 Brzesze
1468 4344 1580 4429 sitam,
1607 4339 1731 4427 inqua

34 4466 56 4569 ἰ
88 4508 90 4512 -
182 4483 251 4536 non
277 4464 450 4538 habentur
477 4467 554 4556 agri
580 4466 735 4537 distincti
762 4467 798 4537 in
825 4468 953 4556 laneos,
980 4467 1040 4537 sed
1067 4468 1240 4538 habentur
1268 4466 1344 4556 agri
1371 4465 1406 4534 in
1433 4463 1547 4552 pecies
1575 4456 1738 4530 distincti·

183 4590 219 4655 et
243 4587 478 4676 possessiones
497 4588 533 4657 in
552 4586 812 4678 quatuordecim
839 4588 1038 4667 habitacula
1065 4564 1151 4660 alias
1178 4586 1457 4659 Szedliszha
1483 4581 1623 4653 divisae.
1649 4577 1732 4648 Illa·

10 4718 15 4727 '
60 4731 63 4735 ·
140 4786 145 4797 s
183 4726 260 4801 rum
295 4712 412 4779 aumm
446 4695 704 4798 possessionum
740 4715 776 4778 et
810 4708 1088 4781 habitaculorum
1114 4708 1329 4799 frequentius
1358 4712 1394 4778 et
1421 4702 1520 4797 quasi
1546 4721 1610 4791 pro
1638 4695 1729 4768 omni

183 4847 273 4899 auno
299 4848 363 4919 per
389 4827 583 4900 naturalem
611 4831 861 4900 successionem
888 4836 950 4901 aut
967 4829 1200 4902 venditionem
1221 4830 1381 4901 variatur
1400 4823 1485 4897 ordo
1504 4828 1541 4893 et
1556 4836 1730 4907 numerus,

182 4954 232 5018 et'
245 4947 421 5037 interdum
448 4971 536 5020 unus
563 4971 647 5041 ager
674 4958 710 5022 et
735 4950 908 5022 hahitatio
935 4952 973 5022 in
991 4951 1108 5041 plures
1135 4952 1224 5023 filios
1242 4972 1285 5022 ex
1303 4970 1372 5020 uno
1398 4951 1499 5037 patre
1517 4937 1730 5032 prodeuntes

55 5112 62 5126 ,
113 5048 128 5079 “‘
182 5068 404 5158 protenditur
430 5075 466 5143 et
493 5070 667 5143 interdum
693 5092 756 5161 per
782 5078 929 5169 moptem
956 5073 1211 5162 reintegratur,
1243 5092 1286 5141 ex
1313 5089 1381 5159 quo
1408 5064 1522 5153 venit,
1548 5066 1588 5131 ut
1615 5057 1732 5147 aliqua
1808 5134 1810 5139 .
1907 5113 1910 5117 ·
1995 5172 1998 5179 ¹

84 5284 88 5292 ι
182 5189 382 5263 habitacula
408 5191 574 5262 maiorem
602 5213 741 5264 censum
769 5170 924 5282 sonim,
956 5193 1073 5283 aliqua
1098 5193 1293 5280 minorem,¹
1311 5190 1408 5259 iuxta
1435 5183 1675 5275 quantitatem,
1692 5182 1730 5248 et

182 5309 473 5401 qualificationem
501 5332 673 5403 agrorum
700 5313 840 5385 Summa
866 5319 983 5385 autem
1009 5304 1200 5403 generalis,
1241 5330 1327 5399 quae
1355 5298 1629 5379 en‘huiusmodi
1647 5297 1732 5370 villa

285 5477 333 5519 Lib.
347 5478 442 5522 Bencflo.
759 5468 760 5473 ¹
1074 5499 1076 5503 ν
1140 5522 1143 5527 ,
1528 5449 1567 5509 12
1636 5538 1639 5543 .
