4050 6054
1707 455 1797 529 ιιι·

109 722 111 725 ,
233 657 306 732 eius
341 657 386 732 ad
420 658 572 767 quinque
606 675 750 733 marcas.
789 656 857 734 Est
882 658 988 762 etiam
1015 660 1063 732 ibi
1090 658 1188 732 curia
1213 659 1345 733 habens
1360 678 1476 758 agros
1501 594 1714 757 pffliales,
1741 663 1783 733 de
1895 745 1900 748 ,

233 783 357 871 quibus
384 763 517 852 decima
542 782 787 872 manipularis
796 782 857 853 dat
841 787 899 853 tur
926 782 1074 872 plebano
1101 788 1138 853 et
1163 753 1366 853 ecclesiae
1356 803 1392 851 m
1419 781 1664 862 Szobolow.

345 902 433 973 Item
469 904 576 974 habet
610 903 834 974 tredecimam
869 902 1119 992 manipularem
1155 886 1358 974 decimam
1348 924 1384 972 ιιι
1411 902 1495 972 villa
1520 901 1543 972 J
1553 900 1785 992 attiliowka

232 1024 296 1094 sub
323 1023 488 1113 parochia
523 1024 688 1095 ecclesiae
724 1024 767 1094 de
793 1023 1176 1112 Dzehanowicze‚
1204 1023 1301 1094 cuius
1327 1023 1450 1094 haeres
1477 1022 1697 1137 Laurentiue,
1724 1045 1785 1094 no-

232 1144 311 1214 bilis
339 1144 382 1214 de
409 1141 646 1216 domo'Gril
650 1144 667 1215 ι
673 1166 811 1220 onum.
837 1143 879 1215 In
906 1165 974 1234 qua
1000 1164 1069 1215 non
1096 1150 1177 1216 sunt
1203 1143 1389 1233 hortulani,
1417 1143 1478 1217 sed
1505 1148 1560 1215 est
1585 1144 1732 1215 taberna
1749 1148 1787 1214 et

232 1264 300 1335 dno
327 1265 420 1336 lanei
436 1265 689 1355 cmethonales,
717 1265 891 1337 solventes
910 1264 1076 1337 decimam
1094 1264 1344 1354 manipularem
1362 1264 1580 1354 praebendae
1598 1263 1785 1354 praefatae,
1909 1330 1912 1338 .

232 1393 269 1455 et
295 1374 428 1457 decima
454 1387 576 1475 canapi
603 1386 750 1457 solvitur
776 1406 839 1475 per
866 1386 1052 1475 quatuor
1043 1390 1138 1455 ru'net
1140 1406 1221 1457 uras
1249 1390 1285 1456 et
1269 1385 1454 1456 tvalor
1425 1406 1498 1456 erus
1517 1392 1593 1456 aest
1595 1386 1679 1456 imat
1680 1407 1722 1455 ur
1664 1385 1785 1457 tad
1898 1381 1900 1383 ’

232 1505 318 1577 duas
344 1523 488 1578 marcas.
514 1505 643 1579 Estt
607 1507 713 1579 etiam
739 1507 789 1577 ibi
816 1507 921 1594 curia,
937 1505 1009 1576 de
1015 1491 1111 1577 cuius
1130 1506 1223 1596 agris
1242 1506 1347 1578 solvit
1331 1510 1390 1578 tur
1409 1505 1541 1576 decima
1559 1506 1784 1622 manipularis

232 1648 294 1717 pro
322 1628 533 1717 plebanoet
518 1628 761 1699 aecclesiae
751 1649 788 1697 ιιι
816 1627 1078 1698 Tharnowa
1251 1640 1253 1642 ’

118 1839 121 1844 ¹
335 1747 423 1819 Item
449 1749 557 1820 habet
584 1753 744 1837 quartam
779 1747 947 1818 decimam
974 1746 1222 1837 manipularem
1250 1747 1453 1819 decimam
1444 1769 1479 1818 ιιι
1505 1746 1589 1821 villa
1615 1747 1782 1839 Raczy-

232 1869 423 1956 borsho,
451 1869 515 1939 sub
542 1868 708 1958 parochia
734 1867 899 1939 ecclesiae
926 1868 969 1938 de
996 1866 1042 1936 W
1047 1867 1287 1958 yelyczha
1315 1868 1411 1939 cuius
1438 1869 1562 1940 haeres
1589 1867 1783 1939 Stanislaus

231 1982 402 2077 Klamp,
429 1988 555 2059 nobilis
584 1988 626 2058 de
654 1987 831 2060 domoSt
815 1994 1064 2101 tffparum
1092 1995 1128 2059 et
1154 1988 1287 2078 aliquot
1314 1989 1374 2059 alii
1400 1989 1542 2077 nobiles
1571 1989 1629 2078 qui
1649 1988 1691 2059 de
1710 1989 1782 2059 suis

231 2108 383 2196 praediis
419 2107 504 2179 dant
531 2108 698 2179 decimam
724 2106 973 2200 manipularem
1001 2109 1148 2199 plebano
1176 2116 1212 2179 et
1239 2109 1440 2180 ecclesiae
1431 2131 1466 2178 m
1493 2107 1782 2198 Wyelyczka

232 2227 320 2298 Sunt
355 2229 403 2300 ibi
440 2249 500 2299 sex
535 2228 627 2299 lanei
663 2237 753 2300 emet
738 2230 914 2319 thonalea‚
942 2229 984 2301 de
1017 2230 1141 2319 quibus
1177 2229 1281 2300 datur
1307 2229 1440 2300 decima
1466 2228 1692 2319 manipularis
1719 2250 1783 2319 pro

211 2337 431 2438 vpraebenda
465 2349 641 2439 praelata,
668 2356 704 2420 et
731 2350 862 2421 ducunt
888 2350 982 2421 illam
1010 2351 1208 2422 cmethones
1235 2351 1271 2420 in
1298 2350 1462 2421 horreum
1489 2351 1663 2439 canonici,
1690 2351 1783 2421 deci·

232 2491 321 2541 mam
349 2470 472 2560 canapi
498 2470 636 2541 solvunt
662 2491 725 2561 per
752 2478 901 2562 quatuor
938 2472 1116 2543 iuncturas
1144 2477 1181 2542 et
1206 2471 1304 2544 valor
1330 2471 1482 2542 decimae
1510 2472 1715 2542 aestimatur
1738 2471 1784 2542 ad
1922 2495 1928 2500 ”

233 2611 383 2680 qumque
409 2611 552 2662 marcas.

335 2712 422 2782 Item
449 2711 607 2800 praelata
641 2713 840 2803 praehenda
867 2713 972 2786 habet
999 2713 1164 2786 vicariam
1190 2719 1395 2803 perpetuam
1422 2713 1458 2784 in
1485 2712 1630 2784 eeclesia
1656 2711 1781 2785 Grano-

231 2828 360 2921 viensi‚
388 2832 484 2902 cuius
512 2833 695 2920 canonicus
728 2854 792 2923 pro
819 2839 975 2924 ternpore
1002 2833 1123 2908 unicus
1151 2839 1204 2905 est
1230 2829 1376 2905 collator
1403 2838 1439 2904 et
1465 2841 1651 2924 patronus,
1679 2855 1780 2924 quam

230 2972 320 3023 nunc
347 2958 444 3023 tenet
469 2953 670 3025 Dominicns
697 2954 740 3025 de
767 2951 966 3043 (harbon,
994 2975 1082 3045 quae
1108 2975 1172 3044 pro
1192 2975 1254 3026 sua
1273 2955 1363 3044 dote,
1381 2955 1596 3044 proprietate
1614 2960 1650 3026 et
1668 2955 1781 3043 titulo,

229 3073 336 3144 hahet
362 3073 450 3144 duas
477 3074 626 3144 decimas
653 3075 895 3165 manipulares,
923 3095 1026 3146 unam
1053 3077 1089 3146 in
1116 3076 1338 3166 Szepraw‚
1365 3068 1521 3165 villain
1549 3095 1617 3166 qua
1644 3083 1699 3147 est
1724 3097 1780 3147 ec-

231 3193 336 3265 clesia
361 3195 580 3284 parochialia,
598 3196 633 3265 in
651 3217 720 3286 qua
738 3196 862 3267 haeres
880 3195 1052 3288 Nanayho
1070 3195 1453 3287 Wyeloglowskpg
1472 3197 1597 3268 nobilis
1617 3196 1659 3267 de
1679 3196 1781 3267 domo

231 3315 540 3405 Antiquorum
567 3314 807 3407 Equorum,
834 3318 870 3388 in
898 3326 976 3408 qua
993 3323 1074 3388 sunt
1101 3318 1226 3407 viginti
1253 3325 1402 3408 quatuor
1428 3318 1519 3389 lanei
1537 3317 1780 3406 cmethonales,

231 3437 313 3507 item
341 3458 411 3508 una
438 3438 589 3509 taberna
609 3438 741 3509 habens
769 3459 890 3528 agros,
918 3439 1001 3509 item
1028 3444 1102 3509 tres
1129 3438 1365 3528 hortulaniae,
1393 3438 1561 3510 habentes
1588 3459 1709 3527 agros,
1737 3437 1779 3508 de

231 3558 355 3647 quibus
382 3559 541 3663 omnihus
559 3559 689 3647 absque
708 3558 934 3629 diminutione
953 3558 1100 3630 solvitur
1118 3558 1251 3630 decima
1268 3559 1493 3648 manipularis
1512 3559 1661 3629 vicariae
1681 3578 1781 3647 prae-

94 3679 99 3699 ”
229 3677 322 3751 latae
349 3685 385 3750 et
412 3679 550 3779 ducitur
575 3699 639 3769 per
665 3679 795 3751 incolas
822 3681 857 3750 in
885 3681 1047 3751 horreum
1075 3701 1137 3769 per
1164 3679 1330 3749 vicarium
1354 3676 1559 3769 eligendum,
1586 3685 1622 3750 et
1641 3679 1780 3750 solvunt

231 3799 397 3871 decimam
433 3801 554 3891 canapi
581 3821 643 3890 per
671 3806 819 3890 quatuor
852 3801 1030 3871 iuncturas
1057 3807 1093 3870 et
1119 3800 1323 3897 aestimatur
1358 3799 1456 3870 valor
1482 3800 1556 3869 eius
1584 3800 1629 3872 ad
1655 3799 1780 3889 viginti

229 3941 373 3992 marcas.
399 3920 464 3992 Est
490 3922 594 3993 etiam
622 3921 670 3992 ibi
697 3941 780 4011 ager
806 3922 1003 4019 praedialis,
1030 3920 1090 3992 sed
1118 3921 1243 3992 colitur
1270 3940 1333 4010 per
1352 3921 1574 4010 methonem,
1593 3926 1628 3992 et
1647 3920 1779 3995 decima

229 4042 377 4113 solvitur
403 4042 550 4132 plebano
569 4049 605 4115 et
623 4042 787 4115 ecclesiae
805 4034 843 4114 ιιι
859 4042 1074 4132 Szeprow,
1092 4042 1176 4113 item
1194 4041 1262 4112 duo
1280 4041 1478 4113 molendina
1496 4041 1668 4116 decimant
1685 4043 1778 4114 vica-

151 4202 154 4209 ·
229 4154 303 4234 riae
330 4162 508 4253 praelatae
535 4162 764 4235 Oracoviensi.
853 4260 856 4265 y

332 4285 421 4355 Item
447 4285 554 4356 habet
581 4285 726 4390 alteram
754 4286 920 4356 decimam
948 4284 1196 4374 manipularem
1224 4285 1260 4356 in
1287 4285 1489 4375 Zawada,
1516 4284 1600 4358 villa
1626 4287 1690 4391 sub
1717 4306 1778 4377 pa-

229 4405 349 4477 rochia
383 4405 548 4478 ecclesiae
583 4405 626 4476 de
646 4405 889 4496 ·Szepraw,
917 4407 1013 4477 cuius
1048 4406 1172 4477 haeres
1204 4405 1381 4496 praelatus
1408 4406 1589 4498 Nanayho‘
1604 4406 1650 4476 W
1658 4407 1778 4497 yele-

228 4527 443 4617 glowshy.
470 4526 510 4597 ln
538 4548 606 4618 qua
632 4533 713 4599 sunt
740 4527 857 4598 decern
884 4528 973 4598 lanei
1000 4517 1242 4618 cmethonales,
1269 4527 1311 4598 de
1339 4528 1463 4618 quihus
1481 4528 1613 4599 decima
1631 4528 1778 4599 solvitur

144 4717 145 4720 ,
229 4653 264 4718 et
291 4647 429 4719 ducitur
454 4669 518 4737 pro
545 4648 675 4720 vicaria
701 4647 867 4739 praefata,
894 4654 931 4720 et
957 4649 1089 4719 decima
1110 4646 1237 4738 'canapi
1264 4671 1327 4738 per
1353 4656 1503 4739 quatuor
1520 4649 1697 4740 iuncturas
1716 4648 1777 4718 da-

228 4774 287 4840 tur
313 4774 349 4840 et
376 4769 579 4840 aestimatur
605 4769 703 4841 valor
730 4770 804 4841 eius
831 4770 875 4840 ad
903 4769 1018 4840 decem
1037 4790 1180 4842 marcas.
1208 4768 1287 4840 Non
1314 4776 1395 4842 sunt
1420 4771 1470 4842 ibi
1496 4769 1688 4868 hortulani,
1716 4770 1777 4840 sed
1848 4761 1850 4764 ⁴
1906 4830 1909 4839 .

201 4881 282 4960 -est
309 4890 485 4980 scultetus,
513 4891 573 4981 qui
599 4891 642 4963 de
669 4891 804 4962 suiset
829 4892 995 4962 tabernae
1023 4891 1117 4981 agris
1145 4891 1294 4962 decimat
1320 4870 1530 4981 plebanoet
1557 4890 1776 4962 ecclesiaste
1854 4875 1858 4887 '

228 5009 448 5108 Szepram

339 5132 428 5203 ltmn
445 5121 662 5223 praebenda
696 5132 854 5224 praefata
888 5099 1008 5204 taxata
1044 5138 1098 5204 est
1132 5133 1167 5203 in
1195 5131 1338 5222 singulis
1366 5152 1466 5222 reges
1467 5132 1533 5263 tris
1560 5133 1647 5205 adt
1631 5133 1777 5260 triginta

227 5273 371 5327 marcas
