<?xml version="1.0" encoding="UTF-8"?>
<!DOCTYPE html PUBLIC "-//W3C//DTD XHTML 1.0 Transitional//EN"
    "http://www.w3.org/TR/xhtml1/DTD/xhtml1-transitional.dtd">
<html xmlns="http://www.w3.org/1999/xhtml" xml:lang="en" lang="en">
 <head>
  <title>
</title>
<meta http-equiv="Content-Type" content="text/html;charset=utf-8" />
  <meta name='ocr-system' content='tesseract 3.04.00' />
  <meta name='ocr-capabilities' content='ocr_page ocr_carea ocr_par ocr_line ocrx_word'/>
</head>
<body>
  <div class='ocr_page' id='page_1' title='image "./joannisdugoszse00dugoog_0031.png"; bbox 0 0 4050 6054; ppageno 0'>
   <div class='ocr_carea' id='block_1_1' title="bbox 102 354 258 475">
    <p class='ocr_par' dir='ltr' id='par_1_1' title="bbox 102 354 258 475">
     <span class='ocr_line' id='line_1_1' title="bbox 102 354 258 475; baseline 0 0"><span class='ocrx_word' id='word_1_1' title='bbox 102 354 106 359; x_wconf 59' lang='grc'><em>’</em></span> <span class='ocrx_word' id='word_1_2' title='bbox 234 403 258 475; x_wconf 84' lang='lat'>4</span> 
     </span>
    </p>
   </div>
   <div class='ocr_carea' id='block_1_2' title="bbox 231 582 1813 3101">
    <p class='ocr_par' dir='ltr' id='par_1_2' title="bbox 231 582 1813 3101">
     <span class='ocr_line' id='line_1_2' title="bbox 232 582 1793 697; baseline -0.001 -20"><span class='ocrx_word' id='word_1_3' title='bbox 232 582 388 697; x_wconf 69' lang='lat' dir='ltr'>uuintnm</span> <span class='ocrx_word' id='word_1_4' title='bbox 406 601 517 672; x_wconf 93' lang='lat' dir='ltr'>eidem</span> <span class='ocrx_word' id='word_1_5' title='bbox 534 598 610 691; x_wconf 89' lang='lat' dir='ltr'>regi</span> <span class='ocrx_word' id='word_1_6' title='bbox 637 598 883 670; x_wconf 88' lang='lat' dir='ltr'>Vladislao</span> <span class='ocrx_word' id='word_1_7' title='bbox 911 599 1124 671; x_wconf 78' lang='lat' dir='ltr'>transmissis</span> <span class='ocrx_word' id='word_1_8' title='bbox 1151 608 1188 670; x_wconf 87' lang='lat' dir='ltr'>et</span> <span class='ocrx_word' id='word_1_9' title='bbox 1210 600 1373 671; x_wconf 88' lang='lat' dir='ltr'>ecclesiae</span> <span class='ocrx_word' id='word_1_10' title='bbox 1392 599 1614 672; x_wconf 84' lang='lat' dir='ltr'>Craooriensi</span> <span class='ocrx_word' id='word_1_11' title='bbox 1631 600 1793 691; x_wconf 88' lang='lat' dir='ltr'>donatis,</span> 
     </span>
     <span class='ocr_line' id='line_1_3' title="bbox 231 718 1793 816; baseline -0.003 -17"><span class='ocrx_word' id='word_1_12' title='bbox 231 723 433 816; x_wconf 81' lang='lat' dir='ltr'>corporibus</span> <span class='ocrx_word' id='word_1_13' title='bbox 452 740 587 813; x_wconf 86' lang='lat' dir='ltr'>quoquc</span> <span class='ocrx_word' id='word_1_14' title='bbox 614 719 818 792; x_wconf 87' lang='lat' dir='ltr'>Sanctorum</span> <span class='ocrx_word' id='word_1_15' title='bbox 845 718 1010 791; x_wconf 89' lang='lat' dir='ltr'>Stanislai</span> <span class='ocrx_word' id='word_1_16' title='bbox 1031 720 1197 812; x_wconf 71' lang='lat' dir='ltr'>martyris</span> <span class='ocrx_word' id='word_1_17' title='bbox 1215 728 1251 790; x_wconf 89' lang='lat' dir='ltr'>et</span> <span class='ocrx_word' id='word_1_18' title='bbox 1265 720 1436 810; x_wconf 87' lang='lat' dir='ltr'>pontificis</span> <span class='ocrx_word' id='word_1_19' title='bbox 1450 720 1699 810; x_wconf 81' lang='lat' dir='ltr'>Cracoviensis,</span> <span class='ocrx_word' id='word_1_20' title='bbox 1718 742 1793 812; x_wconf 88' lang='lat' dir='ltr'>pro</span> 
     </span>
     <span class='ocr_line' id='line_1_4' title="bbox 232 840 1813 931; baseline -0.003 -14"><span class='ocrx_word' id='word_1_21' title='bbox 232 844 299 917; x_wconf 85' lang='lat' dir='ltr'>fide</span> <span class='ocrx_word' id='word_1_22' title='bbox 327 849 364 916; x_wconf 91' lang='lat' dir='ltr'>et</span> <span class='ocrx_word' id='word_1_23' title='bbox 389 841 552 913; x_wconf 88' lang='lat' dir='ltr'>ecclesiae</span> <span class='ocrx_word' id='word_1_24' title='bbox 578 840 742 912; x_wconf 87' lang='lat' dir='ltr'>libertate</span> <span class='ocrx_word' id='word_1_25' title='bbox 768 840 812 911; x_wconf 88' lang='lat' dir='ltr'>ab</span> <span class='ocrx_word' id='word_1_26' title='bbox 839 840 958 931; x_wconf 92' lang='lat' dir='ltr'>iniquo</span> <span class='ocrx_word' id='word_1_27' title='bbox 985 840 1216 929; x_wconf 89' lang='lat' dir='ltr'>Boleslao,</span> <span class='ocrx_word' id='word_1_28' title='bbox 1243 840 1408 912; x_wconf 88' lang='lat' dir='ltr'>Poloniae</span> <span class='ocrx_word' id='word_1_29' title='bbox 1434 862 1526 931; x_wconf 89' lang='lat' dir='ltr'>rege,</span> <span class='ocrx_word' id='word_1_30' title='bbox 1553 840 1666 912; x_wconf 77' lang='lat' dir='ltr'>omisi.</span> <span class='ocrx_word' id='word_1_31' title='bbox 1693 840 1813 915; x_wconf 81' lang='lat' dir='ltr'>llam.</span> 
     </span>
     <span class='ocr_line' id='line_1_5' title="bbox 232 959 1734 1063; baseline -0.003 -26"><span class='ocrx_word' id='word_1_32' title='bbox 232 963 351 1036; x_wconf 83' lang='lat' dir='ltr'>Sancti</span> <span class='ocrx_word' id='word_1_33' title='bbox 368 961 522 1034; x_wconf 79' lang='lat' dir='ltr'>Floriani</span> <span class='ocrx_word' id='word_1_34' title='bbox 540 961 713 1054; x_wconf 82' lang='lat' dir='ltr'>martyris,</span> <span class='ocrx_word' id='word_1_35' title='bbox 728 960 812 1032; x_wconf 88' lang='lat' dir='ltr'>item</span> <span class='ocrx_word' id='word_1_36' title='bbox 830 959 1030 1032; x_wconf 81' lang='lat' dir='ltr'>mandibula</span> <span class='ocrx_word' id='word_1_37' title='bbox 1043 960 1162 1034; x_wconf 83' lang='lat' dir='ltr'>Sancti</span> <span class='ocrx_word' id='word_1_38' title='bbox 1174 960 1320 1033; x_wconf 81' lang='lat' dir='ltr'>loannis</span> <span class='ocrx_word' id='word_1_39' title='bbox 1334 961 1526 1053; x_wconf 91' lang='lat' dir='ltr'>Baptistae,</span> <span class='ocrx_word' id='word_1_40' title='bbox 1540 961 1623 1032; x_wconf 90' lang='lat' dir='ltr'>item</span> <span class='ocrx_word' id='word_1_41' title='bbox 1637 961 1680 1032; x_wconf 95' lang='lat' dir='ltr'>br</span> <span class='ocrx_word' id='word_1_42' title='bbox 1728 1050 1734 1063; x_wconf 31' lang='grc' dir='ltr'><strong><em>ι</em></strong></span> 
     </span>
     <span class='ocr_line' id='line_1_6' title="bbox 233 1081 1777 1172; baseline -0.002 -16"><span class='ocrx_word' id='word_1_43' title='bbox 233 1083 351 1156; x_wconf 86' lang='lat' dir='ltr'>Sancti</span> <span class='ocrx_word' id='word_1_44' title='bbox 368 1081 626 1154; x_wconf 89' lang='lat' dir='ltr'>Bartholomaei</span> <span class='ocrx_word' id='word_1_45' title='bbox 644 1081 801 1171; x_wconf 88' lang='lat' dir='ltr'>apostoli,</span> <span class='ocrx_word' id='word_1_46' title='bbox 816 1081 899 1152; x_wconf 90' lang='lat' dir='ltr'>item</span> <span class='ocrx_word' id='word_1_47' title='bbox 918 1081 1077 1171; x_wconf 86' lang='lat' dir='ltr'>portione</span> <span class='ocrx_word' id='word_1_48' title='bbox 1096 1081 1242 1153; x_wconf 88' lang='lat' dir='ltr'>notabili</span> <span class='ocrx_word' id='word_1_49' title='bbox 1260 1081 1302 1152; x_wconf 90' lang='lat' dir='ltr'>de</span> <span class='ocrx_word' id='word_1_50' title='bbox 1321 1082 1434 1172; x_wconf 91' lang='lat' dir='ltr'>capite</span> <span class='ocrx_word' id='word_1_51' title='bbox 1452 1081 1571 1153; x_wconf 89' lang='lat' dir='ltr'>Sancti</span> <span class='ocrx_word' id='word_1_52' title='bbox 1590 1081 1642 1153; x_wconf 86' lang='lat' dir='ltr'>La</span> <span class='ocrx_word' id='word_1_53' title='bbox 1766 1082 1777 1099; x_wconf 86' lang='lat'>&#39;</span> 
     </span>
     <span class='ocr_line' id='line_1_7' title="bbox 233 1200 1791 1294; baseline 0 -18"><span class='ocrx_word' id='word_1_54' title='bbox 233 1205 317 1276; x_wconf 88' lang='lat' dir='ltr'>item</span> <span class='ocrx_word' id='word_1_55' title='bbox 331 1202 434 1275; x_wconf 87' lang='lat' dir='ltr'>dente</span> <span class='ocrx_word' id='word_1_56' title='bbox 443 1201 561 1272; x_wconf 87' lang='lat' dir='ltr'>Sancti</span> <span class='ocrx_word' id='word_1_57' title='bbox 570 1200 670 1272; x_wconf 92' lang='lat' dir='ltr'>Pauli</span> <span class='ocrx_word' id='word_1_58' title='bbox 683 1201 845 1291; x_wconf 87' lang='lat' dir='ltr'>apostoli,</span> <span class='ocrx_word' id='word_1_59' title='bbox 864 1222 975 1291; x_wconf 87' lang='lat' dir='ltr'>papae</span> <span class='ocrx_word' id='word_1_60' title='bbox 989 1208 1025 1273; x_wconf 94' lang='lat' dir='ltr'>et</span> <span class='ocrx_word' id='word_1_61' title='bbox 1039 1202 1214 1293; x_wconf 80' lang='lat' dir='ltr'>martyris,</span> <span class='ocrx_word' id='word_1_62' title='bbox 1227 1202 1310 1273; x_wconf 89' lang='lat' dir='ltr'>item</span> <span class='ocrx_word' id='word_1_63' title='bbox 1324 1202 1466 1273; x_wconf 89' lang='lat' dir='ltr'>brachio</span> <span class='ocrx_word' id='word_1_64' title='bbox 1476 1200 1594 1273; x_wconf 90' lang='lat' dir='ltr'>Sancti</span> <span class='ocrx_word' id='word_1_65' title='bbox 1603 1201 1791 1294; x_wconf 84' lang='lat' dir='ltr'>Stephani,</span> 
     </span>
     <span class='ocr_line' id='line_1_8' title="bbox 232 1320 1790 1414; baseline -0.001 -18"><span class='ocrx_word' id='word_1_66' title='bbox 232 1326 317 1396; x_wconf 93' lang='lat' dir='ltr'>item</span> <span class='ocrx_word' id='word_1_67' title='bbox 328 1321 472 1397; x_wconf 88' lang='lat' dir='ltr'>brachio</span> <span class='ocrx_word' id='word_1_68' title='bbox 481 1320 599 1393; x_wconf 90' lang='lat' dir='ltr'>Sancti</span> <span class='ocrx_word' id='word_1_69' title='bbox 609 1320 760 1392; x_wconf 87' lang='lat' dir='ltr'>Thomae</span> <span class='ocrx_word' id='word_1_70' title='bbox 770 1322 1039 1411; x_wconf 88' lang='lat' dir='ltr'>Cantuariensis,</span> <span class='ocrx_word' id='word_1_71' title='bbox 1049 1322 1132 1393; x_wconf 87' lang='lat' dir='ltr'>item</span> <span class='ocrx_word' id='word_1_72' title='bbox 1145 1322 1288 1394; x_wconf 86' lang='lat' dir='ltr'>brachio</span> <span class='ocrx_word' id='word_1_73' title='bbox 1298 1321 1416 1393; x_wconf 90' lang='lat' dir='ltr'>Sancti</span> <span class='ocrx_word' id='word_1_74' title='bbox 1426 1321 1553 1392; x_wconf 89' lang='lat' dir='ltr'>Briccii</span> <span class='ocrx_word' id='word_1_75' title='bbox 1567 1321 1790 1414; x_wconf 77' lang='lat' dir='ltr'>confessoris,</span> 
     </span>
     <span class='ocr_line' id='line_1_9' title="bbox 233 1440 1790 1533; baseline 0.003 -19"><span class='ocrx_word' id='word_1_76' title='bbox 233 1445 316 1515; x_wconf 87' lang='lat' dir='ltr'>item</span> <span class='ocrx_word' id='word_1_77' title='bbox 330 1462 474 1532; x_wconf 89' lang='lat' dir='ltr'>corpore</span> <span class='ocrx_word' id='word_1_78' title='bbox 488 1442 589 1513; x_wconf 89' lang='lat' dir='ltr'>unius</span> <span class='ocrx_word' id='word_1_79' title='bbox 603 1441 811 1531; x_wconf 86' lang='lat' dir='ltr'>Innocentis,</span> <span class='ocrx_word' id='word_1_80' title='bbox 821 1441 905 1515; x_wconf 88' lang='lat' dir='ltr'>item</span> <span class='ocrx_word' id='word_1_81' title='bbox 913 1442 1031 1514; x_wconf 88' lang='lat' dir='ltr'>Sancti</span> <span class='ocrx_word' id='word_1_82' title='bbox 1041 1442 1291 1533; x_wconf 82' lang='lat' dir='ltr'>Christoplreri,</span> <span class='ocrx_word' id='word_1_83' title='bbox 1301 1442 1437 1529; x_wconf 83' lang='lat' dir='ltr'>Vitalis,</span> <span class='ocrx_word' id='word_1_84' title='bbox 1447 1440 1621 1533; x_wconf 87' lang='lat' dir='ltr'>blauricii,</span> <span class='ocrx_word' id='word_1_85' title='bbox 1633 1441 1790 1518; x_wconf 75' lang='lat' dir='ltr'>Sanctae</span> 
     </span>
     <span class='ocr_line' id='line_1_10' title="bbox 233 1561 1792 1653; baseline -0.003 -16"><span class='ocrx_word' id='word_1_86' title='bbox 233 1562 404 1637; x_wconf 83' lang='lat' dir='ltr'>Gordulae</span> <span class='ocrx_word' id='word_1_87' title='bbox 419 1563 590 1652; x_wconf 89' lang='lat' dir='ltr'>capitibus</span> <span class='ocrx_word' id='word_1_88' title='bbox 613 1561 867 1653; x_wconf 92' lang='lat' dir='ltr'>multorumque</span> <span class='ocrx_word' id='word_1_89' title='bbox 886 1562 1032 1634; x_wconf 90' lang='lat' dir='ltr'>aliorum</span> <span class='ocrx_word' id='word_1_90' title='bbox 1050 1563 1255 1635; x_wconf 89' lang='lat' dir='ltr'>Sanctorum</span> <span class='ocrx_word' id='word_1_91' title='bbox 1270 1562 1357 1633; x_wconf 86' lang='lat' dir='ltr'>ossis</span> <span class='ocrx_word' id='word_1_92' title='bbox 1375 1568 1410 1632; x_wconf 91' lang='lat' dir='ltr'>et</span> <span class='ocrx_word' id='word_1_93' title='bbox 1429 1561 1585 1651; x_wconf 88' lang='lat' dir='ltr'>reliquiis</span> <span class='ocrx_word' id='word_1_94' title='bbox 1602 1562 1792 1653; x_wconf 76' lang='lat' dir='ltr'>magnifiee</span> 
     </span>
     <span class='ocr_line' id='line_1_11' title="bbox 234 1682 1793 1776; baseline 0 -19"><span class='ocrx_word' id='word_1_95' title='bbox 234 1685 409 1775; x_wconf 89' lang='lat' dir='ltr'>insignita.</span> <span class='ocrx_word' id='word_1_96' title='bbox 439 1683 535 1755; x_wconf 85' lang='lat' dir='ltr'>Haeo</span> <span class='ocrx_word' id='word_1_97' title='bbox 561 1704 582 1753; x_wconf 93' lang='lat' dir='ltr'>a</span> <span class='ocrx_word' id='word_1_98' title='bbox 608 1682 1041 1776; x_wconf 80' lang='lat' dir='ltr'>Myeczslauoprimo</span> <span class='ocrx_word' id='word_1_99' title='bbox 1064 1684 1332 1756; x_wconf 88' lang='lat' dir='ltr'>christianorum</span> <span class='ocrx_word' id='word_1_100' title='bbox 1354 1682 1519 1753; x_wconf 86' lang='lat' dir='ltr'>Poloniae</span> <span class='ocrx_word' id='word_1_101' title='bbox 1533 1682 1688 1773; x_wconf 80' lang='lat' dir='ltr'>principe</span> <span class='ocrx_word' id='word_1_102' title='bbox 1706 1703 1793 1757; x_wconf 90' lang='lat' dir='ltr'>cum</span> 
     </span>
     <span class='ocr_line' id='line_1_12' title="bbox 234 1802 1792 1896; baseline -0.002 -19"><span class='ocrx_word' id='word_1_103' title='bbox 234 1804 358 1877; x_wconf 86' lang='lat' dir='ltr'>decore</span> <span class='ocrx_word' id='word_1_104' title='bbox 377 1804 463 1876; x_wconf 91' lang='lat' dir='ltr'>iuris</span> <span class='ocrx_word' id='word_1_105' title='bbox 480 1803 740 1893; x_wconf 89' lang='lat' dir='ltr'>metropolitani</span> <span class='ocrx_word' id='word_1_106' title='bbox 757 1805 901 1877; x_wconf 86' lang='lat' dir='ltr'>fundata</span> <span class='ocrx_word' id='word_1_107' title='bbox 927 1812 963 1876; x_wconf 91' lang='lat' dir='ltr'>et</span> <span class='ocrx_word' id='word_1_108' title='bbox 981 1806 1112 1895; x_wconf 87' lang='lat' dir='ltr'>dotata,</span> <span class='ocrx_word' id='word_1_109' title='bbox 1126 1807 1279 1877; x_wconf 84' lang='lat' dir='ltr'>instante</span> <span class='ocrx_word' id='word_1_110' title='bbox 1298 1804 1521 1875; x_wconf 80' lang='lat' dir='ltr'>devotissima</span> <span class='ocrx_word' id='word_1_111' title='bbox 1538 1802 1686 1874; x_wconf 82' lang='lat' dir='ltr'>foemina</span> <span class='ocrx_word' id='word_1_112' title='bbox 1704 1804 1792 1896; x_wconf 70' lang='lat' dir='ltr'>Da-</span> 
     </span>
     <span class='ocr_line' id='line_1_13' title="bbox 235 1922 1794 2017; baseline -0.001 -20"><span class='ocrx_word' id='word_1_113' title='bbox 235 1925 430 2014; x_wconf 87' lang='lat' dir='ltr'>brouka,</span> <span class='ocrx_word' id='word_1_114' title='bbox 448 1924 601 1996; x_wconf 91' lang='lat' dir='ltr'>eiusdem</span> <span class='ocrx_word' id='word_1_115' title='bbox 628 1924 724 1995; x_wconf 90' lang='lat' dir='ltr'>ducis</span> <span class='ocrx_word' id='word_1_116' title='bbox 750 1924 1038 2017; x_wconf 85' lang='lat' dir='ltr'>blyeczslari</span> <span class='ocrx_word' id='word_1_117' title='bbox 1070 1933 1239 2014; x_wconf 81' lang='lat' dir='ltr'>consorte,</span> <span class='ocrx_word' id='word_1_118' title='bbox 1267 1926 1376 1996; x_wconf 88' lang='lat' dir='ltr'>Beato</span> <span class='ocrx_word' id='word_1_119' title='bbox 1404 1923 1595 1995; x_wconf 89' lang='lat' dir='ltr'>Veuceslao</span> <span class='ocrx_word' id='word_1_120' title='bbox 1622 1922 1794 2017; x_wconf 70' lang='lat' dir='ltr'>blartpri,</span> 
     </span>
     <span class='ocr_line' id='line_1_14' title="bbox 234 2043 1793 2138; baseline 0.001 -21"><span class='ocrx_word' id='word_1_121' title='bbox 234 2047 307 2118; x_wconf 91' lang='lat' dir='ltr'>eius</span> <span class='ocrx_word' id='word_1_122' title='bbox 327 2047 453 2138; x_wconf 91' lang='lat' dir='ltr'>qnippe</span> <span class='ocrx_word' id='word_1_123' title='bbox 467 2046 581 2136; x_wconf 91' lang='lat' dir='ltr'>neptis</span> <span class='ocrx_word' id='word_1_124' title='bbox 600 2046 785 2118; x_wconf 85' lang='lat' dir='ltr'>seeundum</span> <span class='ocrx_word' id='word_1_125' title='bbox 800 2067 938 2118; x_wconf 91' lang='lat' dir='ltr'>caruem</span> <span class='ocrx_word' id='word_1_126' title='bbox 961 2054 997 2118; x_wconf 90' lang='lat' dir='ltr'>et</span> <span class='ocrx_word' id='word_1_127' title='bbox 1023 2047 1094 2117; x_wconf 87' lang='lat' dir='ltr'>filia</span> <span class='ocrx_word' id='word_1_128' title='bbox 1121 2045 1333 2117; x_wconf 87' lang='lat' dir='ltr'>Boleslai</span> <span class='ocrx_word' id='word_1_129' title='bbox 1364 2045 1552 2116; x_wconf 90' lang='lat' dir='ltr'>Bohemiae</span> <span class='ocrx_word' id='word_1_130' title='bbox 1580 2043 1676 2115; x_wconf 85' lang='lat' dir='ltr'>ducis</span> <span class='ocrx_word' id='word_1_131' title='bbox 1696 2052 1793 2135; x_wconf 87' lang='lat' dir='ltr'>erat,</span> 
     </span>
     <span class='ocr_line' id='line_1_15' title="bbox 234 2165 1792 2257; baseline 0.001 -19"><span class='ocrx_word' id='word_1_132' title='bbox 234 2187 324 2238; x_wconf 89' lang='lat' dir='ltr'>anno</span> <span class='ocrx_word' id='word_1_133' title='bbox 341 2167 476 2257; x_wconf 90' lang='lat' dir='ltr'>gratiae</span> <span class='ocrx_word' id='word_1_134' title='bbox 497 2167 569 2238; x_wconf 84' lang='grc'>966</span> <span class='ocrx_word' id='word_1_135' title='bbox 590 2165 705 2238; x_wconf 88' lang='lat' dir='ltr'>dicata</span> <span class='ocrx_word' id='word_1_136' title='bbox 723 2173 786 2238; x_wconf 91' lang='lat' dir='ltr'>est.</span> <span class='ocrx_word' id='word_1_137' title='bbox 814 2167 918 2238; x_wconf 85' lang='lat' dir='ltr'>Cuius</span> <span class='ocrx_word' id='word_1_138' title='bbox 942 2188 1104 2257; x_wconf 90' lang='lat' dir='ltr'>processu</span> <span class='ocrx_word' id='word_1_139' title='bbox 1131 2175 1324 2256; x_wconf 90' lang='lat' dir='ltr'>temporum</span> <span class='ocrx_word' id='word_1_140' title='bbox 1338 2167 1461 2237; x_wconf 91' lang='lat' dir='ltr'>titulus</span> <span class='ocrx_word' id='word_1_141' title='bbox 1476 2166 1580 2236; x_wconf 91' lang='lat' dir='ltr'>etiam</span> <span class='ocrx_word' id='word_1_142' title='bbox 1595 2165 1629 2236; x_wconf 91' lang='lat' dir='ltr'>in</span> <span class='ocrx_word' id='word_1_143' title='bbox 1647 2165 1792 2240; x_wconf 86' lang='lat' dir='ltr'>Beatis-</span> 
     </span>
     <span class='ocr_line' id='line_1_16' title="bbox 234 2285 1792 2378; baseline 0 -19"><span class='ocrx_word' id='word_1_144' title='bbox 234 2287 357 2359; x_wconf 90' lang='lat' dir='ltr'>simum</span> <span class='ocrx_word' id='word_1_145' title='bbox 380 2287 590 2358; x_wconf 88' lang='lat' dir='ltr'>Stanislaum</span> <span class='ocrx_word' id='word_1_146' title='bbox 610 2287 801 2357; x_wconf 90' lang='lat' dir='ltr'>translatus</span> <span class='ocrx_word' id='word_1_147' title='bbox 819 2293 854 2356; x_wconf 91' lang='lat' dir='ltr'>et</span> <span class='ocrx_word' id='word_1_148' title='bbox 873 2287 1062 2376; x_wconf 89' lang='lat' dir='ltr'>bipartitus</span> <span class='ocrx_word' id='word_1_149' title='bbox 1080 2294 1143 2359; x_wconf 92' lang='lat' dir='ltr'>est.</span> <span class='ocrx_word' id='word_1_150' title='bbox 1160 2287 1260 2358; x_wconf 84' lang='lat' dir='ltr'>Hanc</span> <span class='ocrx_word' id='word_1_151' title='bbox 1278 2288 1352 2376; x_wconf 89' lang='lat' dir='ltr'>ipse</span> <span class='ocrx_word' id='word_1_152' title='bbox 1374 2285 1669 2378; x_wconf 82' lang='lat' dir='ltr'>blyeczslaus</span> <span class='ocrx_word' id='word_1_153' title='bbox 1700 2308 1792 2377; x_wconf 84' lang='lat' dir='ltr'>qua-</span> 
     </span>
     <span class='ocr_line' id='line_1_17' title="bbox 234 2405 1792 2498; baseline 0.002 -20"><span class='ocrx_word' id='word_1_154' title='bbox 234 2406 297 2478; x_wconf 90' lang='lat' dir='ltr'>dro</span> <span class='ocrx_word' id='word_1_155' title='bbox 324 2406 438 2496; x_wconf 90' lang='lat' dir='ltr'>lapide</span> <span class='ocrx_word' id='word_1_156' title='bbox 466 2407 527 2477; x_wconf 92' lang='lat' dir='ltr'>sed</span> <span class='ocrx_word' id='word_1_157' title='bbox 554 2414 699 2496; x_wconf 88' lang='lat' dir='ltr'>anguste</span> <span class='ocrx_word' id='word_1_158' title='bbox 717 2405 963 2495; x_wconf 73' lang='lat' dir='ltr'>labricar&#39;erat3</span> <span class='ocrx_word' id='word_1_159' title='bbox 990 2428 1092 2497; x_wconf 90' lang='lat' dir='ltr'>quam</span> <span class='ocrx_word' id='word_1_160' title='bbox 1111 2408 1308 2480; x_wconf 88' lang='lat' dir='ltr'>demolitam</span> <span class='ocrx_word' id='word_1_161' title='bbox 1336 2427 1513 2478; x_wconf 89' lang='lat' dir='ltr'>successor</span> <span class='ocrx_word' id='word_1_162' title='bbox 1531 2407 1605 2478; x_wconf 89' lang='lat' dir='ltr'>eius</span> <span class='ocrx_word' id='word_1_163' title='bbox 1624 2413 1660 2478; x_wconf 92' lang='lat' dir='ltr'>et</span> <span class='ocrx_word' id='word_1_164' title='bbox 1677 2427 1792 2498; x_wconf 87' lang='lat' dir='ltr'>nepos</span> 
     </span>
     <span class='ocr_line' id='line_1_18' title="bbox 235 2524 1793 2617; baseline 0.001 -19"><span class='ocrx_word' id='word_1_165' title='bbox 235 2524 458 2598; x_wconf 84' lang='lat' dir='ltr'>Casimiri</span> <span class='ocrx_word' id='word_1_166' title='bbox 477 2525 593 2615; x_wconf 88' lang='lat' dir='ltr'>Primi,</span> <span class='ocrx_word' id='word_1_167' title='bbox 613 2527 705 2617; x_wconf 90' lang='lat' dir='ltr'>regis</span> <span class='ocrx_word' id='word_1_168' title='bbox 724 2526 898 2616; x_wconf 87' lang='lat' dir='ltr'>Polouiae,</span> <span class='ocrx_word' id='word_1_169' title='bbox 917 2550 959 2599; x_wconf 85' lang='lat' dir='ltr'>ex</span> <span class='ocrx_word' id='word_1_170' title='bbox 978 2530 1145 2600; x_wconf 88' lang='lat' dir='ltr'>ruonacbo</span> <span class='ocrx_word' id='word_1_171' title='bbox 1165 2528 1373 2601; x_wconf 89' lang='lat' dir='ltr'>auctoritate</span> <span class='ocrx_word' id='word_1_172' title='bbox 1392 2527 1582 2617; x_wconf 86' lang='lat' dir='ltr'>apostoliea</span> <span class='ocrx_word' id='word_1_173' title='bbox 1600 2526 1644 2598; x_wconf 92' lang='lat' dir='ltr'>ad</span> <span class='ocrx_word' id='word_1_174' title='bbox 1667 2548 1793 2600; x_wconf 83' lang='lat' dir='ltr'>saecu-</span> 
     </span>
     <span class='ocr_line' id='line_1_19' title="bbox 234 2646 1792 2737; baseline 0.001 -20"><span class='ocrx_word' id='word_1_175' title='bbox 234 2647 305 2718; x_wconf 92' lang='lat' dir='ltr'>lum</span> <span class='ocrx_word' id='word_1_176' title='bbox 333 2652 505 2735; x_wconf 86' lang='lat' dir='ltr'>revocato,</span> <span class='ocrx_word' id='word_1_177' title='bbox 524 2668 667 2736; x_wconf 91' lang='lat' dir='ltr'>regnum</span> <span class='ocrx_word' id='word_1_178' title='bbox 686 2647 811 2737; x_wconf 87' lang='lat' dir='ltr'>adepti,</span> <span class='ocrx_word' id='word_1_179' title='bbox 840 2647 930 2719; x_wconf 87' lang='lat' dir='ltr'>lilius</span> <span class='ocrx_word' id='word_1_180' title='bbox 953 2649 985 2719; x_wconf 84' lang='lat' dir='ltr'>V</span> <span class='ocrx_word' id='word_1_181' title='bbox 995 2649 1191 2721; x_wconf 87' lang='lat' dir='ltr'>ladislai</span> <span class='ocrx_word' id='word_1_182' title='bbox 1224 2649 1307 2720; x_wconf 87' lang='lat' dir='ltr'>dieti</span> <span class='ocrx_word' id='word_1_183' title='bbox 1334 2647 1603 2735; x_wconf 76' lang='lat' dir='ltr'>HermannS,</span> <span class='ocrx_word' id='word_1_184' title='bbox 1631 2646 1792 2719; x_wconf 86' lang='lat' dir='ltr'>Bales-</span> 
     </span>
     <span class='ocr_line' id='line_1_20' title="bbox 235 2765 1791 2860; baseline 0.003 -24"><span class='ocrx_word' id='word_1_185' title='bbox 235 2766 337 2837; x_wconf 91' lang='lat' dir='ltr'>laus</span> <span class='ocrx_word' id='word_1_186' title='bbox 368 2765 456 2839; x_wconf 88' lang='lat' dir='ltr'>Krz</span> <span class='ocrx_word' id='word_1_187' title='bbox 466 2790 530 2858; x_wconf 79' lang='lat' dir='ltr'>yw</span> <span class='ocrx_word' id='word_1_188' title='bbox 544 2768 723 2859; x_wconf 80' lang='lat' dir='ltr'>ousthy,</span> <span class='ocrx_word' id='word_1_189' title='bbox 748 2768 817 2840; x_wconf 85' lang='lat' dir='ltr'>dux</span> <span class='ocrx_word' id='word_1_190' title='bbox 836 2776 872 2839; x_wconf 90' lang='lat' dir='ltr'>et</span> <span class='ocrx_word' id='word_1_191' title='bbox 889 2772 1076 2842; x_wconf 80' lang='lat' dir='ltr'>monarcha</span> <span class='ocrx_word' id='word_1_192' title='bbox 1095 2771 1274 2860; x_wconf 83' lang='lat' dir='ltr'>Poloniae3</span> <span class='ocrx_word' id='word_1_193' title='bbox 1292 2771 1327 2840; x_wconf 92' lang='lat' dir='ltr'>iu</span> <span class='ocrx_word' id='word_1_194' title='bbox 1345 2770 1505 2840; x_wconf 88' lang='lat' dir='ltr'>latiorem</span> <span class='ocrx_word' id='word_1_195' title='bbox 1524 2767 1791 2858; x_wconf 90' lang='lat' dir='ltr'>amplitudinem</span> 
     </span>
     <span class='ocr_line' id='line_1_21' title="bbox 235 2886 1792 2981; baseline 0.002 -23"><span class='ocrx_word' id='word_1_196' title='bbox 235 2886 416 2959; x_wconf 82' lang='lat' dir='ltr'>extulerat.</span> <span class='ocrx_word' id='word_1_197' title='bbox 443 2886 511 2958; x_wconf 88' lang='lat' dir='ltr'>Sed</span> <span class='ocrx_word' id='word_1_198' title='bbox 530 2908 606 2959; x_wconf 92' lang='lat' dir='ltr'>cum</span> <span class='ocrx_word' id='word_1_199' title='bbox 623 2889 684 2959; x_wconf 89' lang='lat' dir='ltr'>illa</span> <span class='ocrx_word' id='word_1_200' title='bbox 702 2910 837 2980; x_wconf 90' lang='lat' dir='ltr'>quoque</span> <span class='ocrx_word' id='word_1_201' title='bbox 865 2893 1005 2981; x_wconf 92' lang='lat' dir='ltr'>proprio</span> <span class='ocrx_word' id='word_1_202' title='bbox 1025 2893 1183 2964; x_wconf 85' lang='lat' dir='ltr'>incendio</span> <span class='ocrx_word' id='word_1_203' title='bbox 1202 2891 1394 2963; x_wconf 87' lang='lat' dir='ltr'>deformata</span> <span class='ocrx_word' id='word_1_204' title='bbox 1411 2888 1511 2977; x_wconf 87' lang='lat' dir='ltr'>foret,</span> <span class='ocrx_word' id='word_1_205' title='bbox 1530 2889 1792 2980; x_wconf 77' lang='lat' dir='ltr'>NankcruS,</span> 
     </span>
     <span class='ocr_line' id='line_1_22' title="bbox 235 3005 1791 3101; baseline 0.003 -23"><span class='ocrx_word' id='word_1_206' title='bbox 235 3005 473 3079; x_wconf 72' lang='lat' dir='ltr'>cracoviensis</span> <span class='ocrx_word' id='word_1_207' title='bbox 500 3007 690 3098; x_wconf 88' lang='lat' dir='ltr'>episcopus,</span> <span class='ocrx_word' id='word_1_208' title='bbox 722 3030 811 3081; x_wconf 91' lang='lat' dir='ltr'>anno</span> <span class='ocrx_word' id='word_1_209' title='bbox 837 3010 975 3081; x_wconf 89' lang='lat' dir='ltr'>Domini</span> <span class='ocrx_word' id='word_1_210' title='bbox 998 3013 1106 3084; x_wconf 79' lang='lat'>1320.</span> <span class='ocrx_word' id='word_1_211' title='bbox 1133 3018 1285 3083; x_wconf 78' lang='lat' dir='ltr'>ueterem</span> <span class='ocrx_word' id='word_1_212' title='bbox 1303 3012 1448 3083; x_wconf 87' lang='lat' dir='ltr'>formam</span> <span class='ocrx_word' id='word_1_213' title='bbox 1467 3010 1652 3099; x_wconf 86' lang='lat' dir='ltr'>resolvens,</span> <span class='ocrx_word' id='word_1_214' title='bbox 1677 3011 1791 3101; x_wconf 89' lang='lat' dir='ltr'>impo-</span> 
     </span>
    </p>
   </div>
   <div class='ocr_carea' id='block_1_3' title="bbox 121 3118 1791 3223">
    <p class='ocr_par' dir='ltr' id='par_1_3' title="bbox 121 3118 1791 3223">
     <span class='ocr_line' id='line_1_23' title="bbox 121 3118 1791 3223; baseline 0.004 -24"><span class='ocrx_word' id='word_1_215' title='bbox 121 3118 125 3125; x_wconf 68' lang='grc'><strong>’</strong></span> <span class='ocrx_word' id='word_1_216' title='bbox 234 3125 302 3199; x_wconf 91' lang='lat' dir='ltr'>sita</span> <span class='ocrx_word' id='word_1_217' title='bbox 320 3127 412 3200; x_wconf 92' lang='lat' dir='ltr'>clero</span> <span class='ocrx_word' id='word_1_218' title='bbox 431 3127 539 3198; x_wconf 87' lang='lat' dir='ltr'>totius</span> <span class='ocrx_word' id='word_1_219' title='bbox 558 3149 640 3199; x_wconf 89' lang='lat' dir='ltr'>suae</span> <span class='ocrx_word' id='word_1_220' title='bbox 659 3128 825 3201; x_wconf 88' lang='lat' dir='ltr'>dioecesis</span> <span class='ocrx_word' id='word_1_221' title='bbox 844 3133 1109 3222; x_wconf 86' lang='lat' dir='ltr'>contributione,</span> <span class='ocrx_word' id='word_1_222' title='bbox 1124 3155 1199 3204; x_wconf 90' lang='lat' dir='ltr'>eam</span> <span class='ocrx_word' id='word_1_223' title='bbox 1214 3134 1249 3203; x_wconf 93' lang='lat' dir='ltr'>in</span> <span class='ocrx_word' id='word_1_224' title='bbox 1268 3133 1378 3204; x_wconf 89' lang='lat' dir='ltr'>crucis</span> <span class='ocrx_word' id='word_1_225' title='bbox 1397 3130 1544 3221; x_wconf 90' lang='lat' dir='ltr'>modum,</span> <span class='ocrx_word' id='word_1_226' title='bbox 1558 3131 1669 3203; x_wconf 85' lang='lat' dir='ltr'>forma</span> <span class='ocrx_word' id='word_1_227' title='bbox 1686 3131 1791 3223; x_wconf 89' lang='lat' dir='ltr'>larga</span> 
     </span>
    </p>
   </div>
   <div class='ocr_carea' id='block_1_4' title="bbox 225 3246 1903 5399">
    <p class='ocr_par' dir='ltr' id='par_1_4' title="bbox 225 3246 1903 5399">
     <span class='ocr_line' id='line_1_24' title="bbox 234 3246 1787 3344; baseline 0.005 -27"><span class='ocrx_word' id='word_1_228' title='bbox 234 3252 270 3317; x_wconf 93' lang='lat' dir='ltr'>et</span> <span class='ocrx_word' id='word_1_229' title='bbox 296 3247 411 3336; x_wconf 88' lang='lat' dir='ltr'>ampla</span> <span class='ocrx_word' id='word_1_230' title='bbox 437 3246 535 3317; x_wconf 81' lang='lat' dir='ltr'>iuxta</span> <span class='ocrx_word' id='word_1_231' title='bbox 561 3247 627 3318; x_wconf 88' lang='lat' dir='ltr'>loci</span> <span class='ocrx_word' id='word_1_232' title='bbox 655 3249 892 3339; x_wconf 88' lang='lat' dir='ltr'>capacitatem,</span> <span class='ocrx_word' id='word_1_233' title='bbox 919 3254 1046 3342; x_wconf 90' lang='lat' dir='ltr'>partim</span> <span class='ocrx_word' id='word_1_234' title='bbox 1075 3254 1207 3343; x_wconf 90' lang='lat' dir='ltr'>quadro</span> <span class='ocrx_word' id='word_1_235' title='bbox 1234 3253 1358 3343; x_wconf 85' lang='lat' dir='ltr'>lapide,</span> <span class='ocrx_word' id='word_1_236' title='bbox 1385 3253 1511 3343; x_wconf 87' lang='lat' dir='ltr'>partim</span> <span class='ocrx_word' id='word_1_237' title='bbox 1540 3258 1636 3323; x_wconf 87' lang='lat' dir='ltr'>cocto</span> <span class='ocrx_word' id='word_1_238' title='bbox 1664 3252 1787 3344; x_wconf 84' lang='lat' dir='ltr'>latere,</span> 
     </span>
     <span class='ocr_line' id='line_1_25' title="bbox 234 3367 1789 3464; baseline 0.005 -25"><span class='ocrx_word' id='word_1_239' title='bbox 234 3367 417 3439; x_wconf 87' lang='lat' dir='ltr'>aedificare</span> <span class='ocrx_word' id='word_1_240' title='bbox 449 3369 581 3457; x_wconf 91' lang='lat' dir='ltr'>coepit;</span> <span class='ocrx_word' id='word_1_241' title='bbox 617 3389 705 3458; x_wconf 88' lang='lat' dir='ltr'>quae</span> <span class='ocrx_word' id='word_1_242' title='bbox 733 3372 869 3441; x_wconf 90' lang='lat' dir='ltr'>nonnisi</span> <span class='ocrx_word' id='word_1_243' title='bbox 892 3393 933 3442; x_wconf 91' lang='lat' dir='ltr'>eo</span> <span class='ocrx_word' id='word_1_244' title='bbox 960 3373 997 3442; x_wconf 93' lang='lat' dir='ltr'>iu</span> <span class='ocrx_word' id='word_1_245' title='bbox 1015 3373 1323 3445; x_wconf 79' lang='lat' dir='ltr'>Viatislariensem</span> <span class='ocrx_word' id='word_1_246' title='bbox 1351 3374 1586 3464; x_wconf 90' lang='lat' dir='ltr'>episcopatum</span> <span class='ocrx_word' id='word_1_247' title='bbox 1606 3374 1789 3464; x_wconf 88' lang='lat' dir='ltr'>translato,</span> 
     </span>
     <span class='ocr_line' id='line_1_26' title="bbox 234 3487 1789 3585; baseline 0.008 -29"><span class='ocrx_word' id='word_1_248' title='bbox 234 3492 270 3556; x_wconf 88' lang='lat' dir='ltr'>et</span> <span class='ocrx_word' id='word_1_249' title='bbox 288 3487 370 3558; x_wconf 90' lang='lat' dir='ltr'>illuc</span> <span class='ocrx_word' id='word_1_250' title='bbox 388 3488 546 3575; x_wconf 89' lang='lat' dir='ltr'>obeunte,</span> <span class='ocrx_word' id='word_1_251' title='bbox 579 3508 641 3576; x_wconf 92' lang='lat' dir='ltr'>per</span> <span class='ocrx_word' id='word_1_252' title='bbox 669 3509 883 3562; x_wconf 85' lang='lat' dir='ltr'>successores</span> <span class='ocrx_word' id='word_1_253' title='bbox 915 3514 996 3563; x_wconf 90' lang='lat' dir='ltr'>suos</span> <span class='ocrx_word' id='word_1_254' title='bbox 1024 3492 1268 3566; x_wconf 84' lang='lat' dir='ltr'>Craeovienses</span> <span class='ocrx_word' id='word_1_255' title='bbox 1295 3496 1473 3585; x_wconf 88' lang='lat' dir='ltr'>episcopos</span> <span class='ocrx_word' id='word_1_256' title='bbox 1501 3495 1789 3568; x_wconf 90' lang='lat' dir='ltr'>consummationi</span> 
     </span>
     <span class='ocr_line' id='line_1_27' title="bbox 233 3607 1788 3706; baseline 0.008 -29"><span class='ocrx_word' id='word_1_257' title='bbox 233 3607 399 3678; x_wconf 90' lang='lat' dir='ltr'>mandata</span> <span class='ocrx_word' id='word_1_258' title='bbox 421 3613 483 3678; x_wconf 93' lang='lat' dir='ltr'>est.</span> <span class='ocrx_word' id='word_1_259' title='bbox 510 3608 616 3680; x_wconf 81' lang='lat' dir='ltr'>Cuius</span> <span class='ocrx_word' id='word_1_260' title='bbox 634 3608 714 3681; x_wconf 92' lang='lat' dir='ltr'>dum</span> <span class='ocrx_word' id='word_1_261' title='bbox 734 3614 976 3703; x_wconf 87' lang='lat' dir='ltr'>praestantias,</span> <span class='ocrx_word' id='word_1_262' title='bbox 996 3615 1218 3687; x_wconf 80' lang='lat' dir='ltr'>excellentias</span> <span class='ocrx_word' id='word_1_263' title='bbox 1237 3623 1273 3687; x_wconf 87' lang='lat' dir='ltr'>et</span> <span class='ocrx_word' id='word_1_264' title='bbox 1291 3616 1553 3706; x_wconf 81' lang='lat' dir='ltr'>praerogativas</span> <span class='ocrx_word' id='word_1_265' title='bbox 1572 3616 1788 3689; x_wconf 89' lang='lat' dir='ltr'>numerando</span> 
     </span>
     <span class='ocr_line' id='line_1_28' title="bbox 235 3728 1903 3837; baseline 0.007 -38"><span class='ocrx_word' id='word_1_266' title='bbox 235 3729 480 3818; x_wconf 70' lang='lat' dir='ltr'>numeraveris</span> <span class='ocrx_word' id='word_1_267' title='bbox 507 3728 592 3801; x_wconf 89' lang='lat' dir='ltr'>illud</span> <span class='ocrx_word' id='word_1_268' title='bbox 620 3752 755 3822; x_wconf 90' lang='lat' dir='ltr'>qnoque</span> <span class='ocrx_word' id='word_1_269' title='bbox 782 3754 850 3805; x_wconf 86' lang='lat' dir='ltr'>rron</span> <span class='ocrx_word' id='word_1_270' title='bbox 878 3734 913 3805; x_wconf 91' lang='lat' dir='ltr'>in</span> <span class='ocrx_word' id='word_1_271' title='bbox 941 3736 1071 3819; x_wconf 89' lang='lat' dir='ltr'>ultimis</span> <span class='ocrx_word' id='word_1_272' title='bbox 1099 3736 1238 3809; x_wconf 90' lang='lat' dir='ltr'>laudum</span> <span class='ocrx_word' id='word_1_273' title='bbox 1266 3738 1340 3808; x_wconf 89' lang='lat' dir='ltr'>eins</span> <span class='ocrx_word' id='word_1_274' title='bbox 1368 3736 1591 3825; x_wconf 73' lang='lat' dir='ltr'>computabis</span> <span class='ocrx_word' id='word_1_275' title='bbox 1624 3735 1715 3827; x_wconf 91' lang='lat' dir='ltr'>quod</span> <span class='ocrx_word' id='word_1_276' title='bbox 1742 3756 1788 3810; x_wconf 81' lang='lat' dir='ltr'>ex</span> <span class='ocrx_word' id='word_1_277' title='bbox 1898 3830 1903 3837; x_wconf 23' lang='lat'>¹</span> 
     </span>
     <span class='ocr_line' id='line_1_29' title="bbox 236 3848 1789 3947; baseline 0.006 -27"><span class='ocrx_word' id='word_1_278' title='bbox 236 3848 393 3920; x_wconf 89' lang='lat' dir='ltr'>omnibus</span> <span class='ocrx_word' id='word_1_279' title='bbox 412 3849 589 3938; x_wconf 82' lang='lat' dir='ltr'>polonicae</span> <span class='ocrx_word' id='word_1_280' title='bbox 608 3852 772 3923; x_wconf 88' lang='lat' dir='ltr'>ecclesiae</span> <span class='ocrx_word' id='word_1_281' title='bbox 791 3854 975 3944; x_wconf 68' lang='lat' dir='ltr'>cathedris</span> <span class='ocrx_word' id='word_1_282' title='bbox 1002 3857 1076 3926; x_wconf 89' lang='lat' dir='ltr'>sola</span> <span class='ocrx_word' id='word_1_283' title='bbox 1103 3857 1269 3947; x_wconf 91' lang='lat' dir='ltr'>sanguine</span> <span class='ocrx_word' id='word_1_284' title='bbox 1292 3857 1346 3928; x_wconf 90' lang='lat' dir='ltr'>sni</span> <span class='ocrx_word' id='word_1_285' title='bbox 1363 3856 1536 3946; x_wconf 86' lang='lat' dir='ltr'>pontilicis</span> <span class='ocrx_word' id='word_1_286' title='bbox 1555 3856 1789 3929; x_wconf 73' lang='lat' dir='ltr'>sacratissimi</span> 
     </span>
     <span class='ocr_line' id='line_1_30' title="bbox 235 3968 1787 4068; baseline 0.008 -30"><span class='ocrx_word' id='word_1_287' title='bbox 235 3968 401 4039; x_wconf 85' lang='lat' dir='ltr'>Stanislai</span> <span class='ocrx_word' id='word_1_288' title='bbox 418 3969 575 4041; x_wconf 89' lang='lat' dir='ltr'>laureata</span> <span class='ocrx_word' id='word_1_289' title='bbox 601 3978 664 4060; x_wconf 90' lang='lat' dir='ltr'>est,</span> <span class='ocrx_word' id='word_1_290' title='bbox 693 3973 767 4043; x_wconf 91' lang='lat' dir='ltr'>sola</span> <span class='ocrx_word' id='word_1_291' title='bbox 793 3974 975 4047; x_wconf 89' lang='lat' dir='ltr'>mirificum</span> <span class='ocrx_word' id='word_1_292' title='bbox 1001 3978 1127 4047; x_wconf 86' lang='lat' dir='ltr'>sortita</span> <span class='ocrx_word' id='word_1_293' title='bbox 1154 3978 1347 4066; x_wconf 87' lang='lat' dir='ltr'>praesulem</span> <span class='ocrx_word' id='word_1_294' title='bbox 1366 3976 1628 4066; x_wconf 88' lang='lat' dir='ltr'>sanctissimum,</span> <span class='ocrx_word' id='word_1_295' title='bbox 1656 3999 1699 4049; x_wconf 87' lang='lat' dir='ltr'>ex</span> <span class='ocrx_word' id='word_1_296' title='bbox 1726 3999 1787 4068; x_wconf 90' lang='lat' dir='ltr'>ge-</span> 
     </span>
     <span class='ocr_line' id='line_1_31' title="bbox 235 4088 1787 4189; baseline 0.008 -30"><span class='ocrx_word' id='word_1_297' title='bbox 235 4109 318 4159; x_wconf 87' lang='lat' dir='ltr'>nere</span> <span class='ocrx_word' id='word_1_298' title='bbox 336 4088 494 4179; x_wconf 88' lang='lat' dir='ltr'>polonico</span> <span class='ocrx_word' id='word_1_299' title='bbox 523 4095 647 4180; x_wconf 91' lang='lat' dir='ltr'>ortum,</span> <span class='ocrx_word' id='word_1_300' title='bbox 678 4092 758 4164; x_wconf 87' lang='lat' dir='ltr'>fidei</span> <span class='ocrx_word' id='word_1_301' title='bbox 777 4102 813 4165; x_wconf 93' lang='lat' dir='ltr'>et</span> <span class='ocrx_word' id='word_1_302' title='bbox 831 4095 1008 4185; x_wconf 79' lang='lat' dir='ltr'>religionis</span> <span class='ocrx_word' id='word_1_303' title='bbox 1040 4099 1250 4169; x_wconf 85' lang='lat' dir='ltr'>christianae</span> <span class='ocrx_word' id='word_1_304' title='bbox 1281 4098 1557 4169; x_wconf 89' lang='lat' dir='ltr'>strenuissimum</span> <span class='ocrx_word' id='word_1_305' title='bbox 1583 4098 1731 4189; x_wconf 81' lang='lat' dir='ltr'>pugilem</span> <span class='ocrx_word' id='word_1_306' title='bbox 1750 4107 1787 4172; x_wconf 90' lang='lat' dir='ltr'>et</span> 
     </span>
     <span class='ocr_line' id='line_1_32' title="bbox 235 4208 1853 4310; baseline 0.009 -31"><span class='ocrx_word' id='word_1_307' title='bbox 235 4208 534 4299; x_wconf 90' lang='lat' dir='ltr'>triumphatorem,</span> <span class='ocrx_word' id='word_1_308' title='bbox 553 4209 627 4280; x_wconf 91' lang='lat' dir='ltr'>sola</span> <span class='ocrx_word' id='word_1_309' title='bbox 644 4211 749 4302; x_wconf 89' lang='lat' dir='ltr'>digna</span> <span class='ocrx_word' id='word_1_310' title='bbox 767 4215 842 4284; x_wconf 84' lang='lat' dir='ltr'>visa</span> <span class='ocrx_word' id='word_1_311' title='bbox 860 4222 922 4286; x_wconf 89' lang='lat' dir='ltr'>cst.</span> <span class='ocrx_word' id='word_1_312' title='bbox 939 4216 980 4286; x_wconf 91' lang='lat' dir='ltr'>In</span> <span class='ocrx_word' id='word_1_313' title='bbox 999 4238 1101 4307; x_wconf 91' lang='lat' dir='ltr'>quam</span> <span class='ocrx_word' id='word_1_314' title='bbox 1120 4220 1268 4308; x_wconf 91' lang='lat' dir='ltr'>primum</span> <span class='ocrx_word' id='word_1_315' title='bbox 1287 4225 1320 4289; x_wconf 91' lang='lat' dir='ltr'>et</span> <span class='ocrx_word' id='word_1_316' title='bbox 1340 4220 1414 4289; x_wconf 91' lang='lat' dir='ltr'>eius</span> <span class='ocrx_word' id='word_1_317' title='bbox 1432 4219 1628 4308; x_wconf 89' lang='lat' dir='ltr'>pontificem</span> <span class='ocrx_word' id='word_1_318' title='bbox 1642 4219 1787 4310; x_wconf 85' lang='lat' dir='ltr'>Sbigne·</span> <span class='ocrx_word' id='word_1_319' title='bbox 1845 4225 1853 4234; x_wconf 85' lang='lat'>&#39;</span> 
     </span>
     <span class='ocr_line' id='line_1_33' title="bbox 236 4330 1787 4427; baseline 0.01 -27"><span class='ocrx_word' id='word_1_320' title='bbox 236 4351 293 4400; x_wconf 90' lang='lat' dir='ltr'>um</span> <span class='ocrx_word' id='word_1_321' title='bbox 312 4335 385 4401; x_wconf 90' lang='lat' dir='ltr'>tres</span> <span class='ocrx_word' id='word_1_322' title='bbox 405 4330 528 4399; x_wconf 91' lang='lat' dir='ltr'>summi</span> <span class='ocrx_word' id='word_1_323' title='bbox 547 4331 736 4419; x_wconf 86' lang='lat' dir='ltr'>pontifices,</span> <span class='ocrx_word' id='word_1_324' title='bbox 755 4334 933 4405; x_wconf 76' lang='lat' dir='ltr'>uidelicet:</span> <span class='ocrx_word' id='word_1_325' title='bbox 962 4336 1198 4427; x_wconf 84' lang='lat' dir='ltr'>Eugeuins</span> <span class='ocrx_word' id='word_1_326' title='bbox 1217 4339 1276 4426; x_wconf 75' lang='lat' dir='ltr'>ll&#39;,</span> <span class='ocrx_word' id='word_1_327' title='bbox 1296 4339 1428 4410; x_wconf 85' lang='lat' dir='ltr'>Felix</span> <span class='ocrx_word' id='word_1_328' title='bbox 1447 4338 1489 4408; x_wconf 86' lang='lat' dir='ltr'>V.</span> <span class='ocrx_word' id='word_1_329' title='bbox 1508 4346 1543 4410; x_wconf 90' lang='lat' dir='ltr'>et</span> <span class='ocrx_word' id='word_1_330' title='bbox 1562 4339 1787 4415; x_wconf 80' lang='lat' dir='ltr'>Nicolaus</span> 
     </span>
     <span class='ocr_line' id='line_1_34' title="bbox 235 4448 1787 4555; baseline 0.01 -36"><span class='ocrx_word' id='word_1_331' title='bbox 235 4449 278 4519; x_wconf 82' lang='lat' dir='ltr'>V.</span> <span class='ocrx_word' id='word_1_332' title='bbox 295 4448 405 4538; x_wconf 91' lang='lat' dir='ltr'>galeri</span> <span class='ocrx_word' id='word_1_333' title='bbox 425 4449 523 4520; x_wconf 90' lang='lat' dir='ltr'>rubei</span> <span class='ocrx_word' id='word_1_334' title='bbox 547 4450 685 4555; x_wconf 81' lang='lat' dir='ltr'>titulum</span> <span class='ocrx_word' id='word_1_335' title='bbox 715 4460 751 4522; x_wconf 93' lang='lat' dir='ltr'>ct</span> <span class='ocrx_word' id='word_1_336' title='bbox 773 4454 1006 4528; x_wconf 87' lang='lat' dir='ltr'>cardinalatus</span> <span class='ocrx_word' id='word_1_337' title='bbox 1035 4458 1215 4549; x_wconf 88' lang='lat' dir='ltr'>dignitatis</span> <span class='ocrx_word' id='word_1_338' title='bbox 1242 4459 1385 4547; x_wconf 87' lang='lat' dir='ltr'>culmen,</span> <span class='ocrx_word' id='word_1_339' title='bbox 1414 4459 1477 4531; x_wconf 91' lang='lat' dir='ltr'>sub</span> <span class='ocrx_word' id='word_1_340' title='bbox 1505 4460 1607 4532; x_wconf 91' lang='lat' dir='ltr'>titulo</span> <span class='ocrx_word' id='word_1_341' title='bbox 1640 4461 1787 4535; x_wconf 87' lang='lat' dir='ltr'>Sanctae</span> 
     </span>
     <span class='ocr_line' id='line_1_35' title="bbox 236 4567 1787 4672; baseline 0.012 -35"><span class='ocrx_word' id='word_1_342' title='bbox 236 4567 385 4655; x_wconf 89' lang='lat' dir='ltr'>Priscae,</span> <span class='ocrx_word' id='word_1_343' title='bbox 418 4569 578 4639; x_wconf 87' lang='lat' dir='ltr'>certatim</span> <span class='ocrx_word' id='word_1_344' title='bbox 603 4574 641 4641; x_wconf 85' lang='lat' dir='ltr'>et</span> <span class='ocrx_word' id='word_1_345' title='bbox 671 4590 801 4655; x_wconf 87' lang='lat' dir='ltr'>summo</span> <span class='ocrx_word' id='word_1_346' title='bbox 829 4574 943 4646; x_wconf 89' lang='lat' dir='ltr'>studio</span> <span class='ocrx_word' id='word_1_347' title='bbox 975 4577 1070 4648; x_wconf 90' lang='lat' dir='ltr'>illam</span> <span class='ocrx_word' id='word_1_348' title='bbox 1101 4579 1306 4651; x_wconf 88' lang='lat' dir='ltr'>honoraturi</span> <span class='ocrx_word' id='word_1_349' title='bbox 1329 4579 1568 4669; x_wconf 81' lang='lat' dir='ltr'>corrtulerunt3</span> <span class='ocrx_word' id='word_1_350' title='bbox 1600 4603 1687 4672; x_wconf 90' lang='lat' dir='ltr'>quae</span> <span class='ocrx_word' id='word_1_351' title='bbox 1719 4585 1787 4656; x_wconf 90' lang='lat' dir='ltr'>etsi</span> 
     </span>
     <span class='ocr_line' id='line_1_36' title="bbox 235 4688 1786 4790; baseline 0.009 -30"><span class='ocrx_word' id='word_1_352' title='bbox 235 4688 361 4776; x_wconf 89' lang='lat' dir='ltr'>nescio,</span> <span class='ocrx_word' id='word_1_353' title='bbox 389 4708 456 4777; x_wconf 90' lang='lat' dir='ltr'>quo</span> <span class='ocrx_word' id='word_1_354' title='bbox 484 4688 582 4760; x_wconf 87' lang='lat' dir='ltr'>laevo</span> <span class='ocrx_word' id='word_1_355' title='bbox 610 4688 731 4779; x_wconf 89' lang='lat' dir='ltr'>sidere,</span> <span class='ocrx_word' id='word_1_356' title='bbox 759 4691 953 4784; x_wconf 86' lang='lat' dir='ltr'>infulgere</span> <span class='ocrx_word' id='word_1_357' title='bbox 981 4697 1234 4788; x_wconf 90' lang='lat' dir='ltr'>metropolitico</span> <span class='ocrx_word' id='word_1_358' title='bbox 1261 4699 1422 4769; x_wconf 88' lang='lat' dir='ltr'>mutilata</span> <span class='ocrx_word' id='word_1_359' title='bbox 1440 4700 1495 4789; x_wconf 91' lang='lat' dir='ltr'>sit,</span> <span class='ocrx_word' id='word_1_360' title='bbox 1520 4702 1680 4790; x_wconf 87' lang='lat' dir='ltr'>qnoniam</span> <span class='ocrx_word' id='word_1_361' title='bbox 1698 4703 1786 4775; x_wconf 89' lang='lat' dir='ltr'>alias</span> 
     </span>
     <span class='ocr_line' id='line_1_37' title="bbox 225 4808 1785 4910; baseline 0.01 -30"><span class='ocrx_word' id='word_1_362' title='bbox 225 4825 257 4880; x_wconf 74' lang='lat' dir='ltr'>&#39;a</span> <span class='ocrx_word' id='word_1_363' title='bbox 283 4808 461 4897; x_wconf 83' lang='lat' dir='ltr'>primaeua</span> <span class='ocrx_word' id='word_1_364' title='bbox 492 4809 546 4879; x_wconf 89' lang='lat' dir='ltr'>sui</span> <span class='ocrx_word' id='word_1_365' title='bbox 575 4808 776 4883; x_wconf 82' lang='lat' dir='ltr'>fundatione</span> <span class='ocrx_word' id='word_1_366' title='bbox 807 4815 988 4906; x_wconf 88' lang='lat' dir='ltr'>privilegio</span> <span class='ocrx_word' id='word_1_367' title='bbox 1020 4818 1304 4910; x_wconf 87' lang='lat' dir='ltr'>archiepiscopali</span> <span class='ocrx_word' id='word_1_368' title='bbox 1335 4819 1503 4910; x_wconf 81' lang='lat' dir='ltr'>fulgebat,</span> <span class='ocrx_word' id='word_1_369' title='bbox 1538 4820 1638 4893; x_wconf 83' lang='lat' dir='ltr'>facile</span> <span class='ocrx_word' id='word_1_370' title='bbox 1670 4831 1785 4896; x_wconf 88' lang='lat' dir='ltr'>tamen</span> 
     </span>
     <span class='ocr_line' id='line_1_38' title="bbox 236 4926 1785 5034; baseline 0.012 -38"><span class='ocrx_word' id='word_1_371' title='bbox 236 4944 299 5019; x_wconf 89' lang='lat' dir='ltr'>per</span> <span class='ocrx_word' id='word_1_372' title='bbox 317 4926 574 5001; x_wconf 85' lang='lat' dir='ltr'>miserationem</span> <span class='ocrx_word' id='word_1_373' title='bbox 593 4929 742 5003; x_wconf 89' lang='lat' dir='ltr'>divinam</span> <span class='ocrx_word' id='word_1_374' title='bbox 770 4939 806 5004; x_wconf 91' lang='lat' dir='ltr'>et</span> <span class='ocrx_word' id='word_1_375' title='bbox 825 4937 949 5006; x_wconf 90' lang='lat' dir='ltr'>summi</span> <span class='ocrx_word' id='word_1_376' title='bbox 966 4937 1138 5027; x_wconf 87' lang='lat' dir='ltr'>pontificis</span> <span class='ocrx_word' id='word_1_377' title='bbox 1166 4941 1409 5012; x_wconf 88' lang='lat' dir='ltr'>auctoritatem</span> <span class='ocrx_word' id='word_1_378' title='bbox 1438 4941 1637 5031; x_wconf 82' lang='lat' dir='ltr'>regiamque</span> <span class='ocrx_word' id='word_1_379' title='bbox 1665 4943 1785 5034; x_wconf 89' lang='lat' dir='ltr'>digna-</span> 
     </span>
     <span class='ocr_line' id='line_1_39' title="bbox 235 5047 1785 5154; baseline 0.013 -37"><span class='ocrx_word' id='word_1_380' title='bbox 235 5047 365 5120; x_wconf 89' lang='lat' dir='ltr'>tionem</span> <span class='ocrx_word' id='word_1_381' title='bbox 392 5053 428 5119; x_wconf 92' lang='lat' dir='ltr'>et</span> <span class='ocrx_word' id='word_1_382' title='bbox 453 5047 624 5141; x_wconf 86' lang='lat' dir='ltr'>favorem,</span> <span class='ocrx_word' id='word_1_383' title='bbox 660 5051 756 5124; x_wconf 93' lang='lat' dir='ltr'>illum</span> <span class='ocrx_word' id='word_1_384' title='bbox 792 5056 821 5125; x_wconf 92' lang='lat' dir='ltr'>si</span> <span class='ocrx_word' id='word_1_385' title='bbox 848 5058 1086 5129; x_wconf 89' lang='lat' dir='ltr'>tantummodo</span> <span class='ocrx_word' id='word_1_386' title='bbox 1122 5059 1247 5149; x_wconf 90' lang='lat' dir='ltr'>aliquis</span> <span class='ocrx_word' id='word_1_387' title='bbox 1283 5060 1520 5132; x_wconf 83' lang='lat' dir='ltr'>Cracoriensis</span> <span class='ocrx_word' id='word_1_388' title='bbox 1557 5064 1694 5152; x_wconf 89' lang='lat' dir='ltr'>praesul</span> <span class='ocrx_word' id='word_1_389' title='bbox 1721 5052 1785 5154; x_wconf 73' lang='lat' dir='ltr'>pro</span> 
     </span>
     <span class='ocr_line' id='line_1_40' title="bbox 237 5169 1813 5270; baseline 0.011 -31"><span class='ocrx_word' id='word_1_390' title='bbox 237 5176 363 5240; x_wconf 82' lang='lat' dir='ltr'>conatu</span> <span class='ocrx_word' id='word_1_391' title='bbox 381 5169 491 5242; x_wconf 90' lang='lat' dir='ltr'>adniti</span> <span class='ocrx_word' id='word_1_392' title='bbox 505 5172 664 5263; x_wconf 88' lang='lat' dir='ltr'>voluerit,</span> <span class='ocrx_word' id='word_1_393' title='bbox 678 5177 906 5267; x_wconf 85' lang='lat' dir='ltr'>recuperabit,</span> <span class='ocrx_word' id='word_1_394' title='bbox 920 5177 1228 5270; x_wconf 89' lang='lat' dir='ltr'>Praemisliensem,</span> <span class='ocrx_word' id='word_1_395' title='bbox 1243 5181 1480 5253; x_wconf 87' lang='lat' dir='ltr'>Chelmensem</span> <span class='ocrx_word' id='word_1_396' title='bbox 1498 5188 1534 5252; x_wconf 90' lang='lat' dir='ltr'>et</span> <span class='ocrx_word' id='word_1_397' title='bbox 1548 5182 1785 5257; x_wconf 87' lang='lat' dir='ltr'>Lubueensem</span> <span class='ocrx_word' id='word_1_398' title='bbox 1809 5243 1813 5249; x_wconf 90' lang='grc'><strong>.</strong></span> 
     </span>
     <span class='ocr_line' id='line_1_41' title="bbox 234 5289 1784 5399; baseline 0.016 -39"><span class='ocrx_word' id='word_1_399' title='bbox 234 5289 422 5382; x_wconf 91' lang='lat' dir='ltr'>episcopos,</span> <span class='ocrx_word' id='word_1_400' title='bbox 440 5313 504 5383; x_wconf 92' lang='lat' dir='ltr'>pro</span> <span class='ocrx_word' id='word_1_401' title='bbox 523 5293 750 5389; x_wconf 86' lang='lat' dir='ltr'>suffraganeis</span> <span class='ocrx_word' id='word_1_402' title='bbox 776 5297 959 5387; x_wconf 82' lang='lat' dir='ltr'>habitura3</span> <span class='ocrx_word' id='word_1_403' title='bbox 979 5319 1045 5392; x_wconf 93' lang='lat' dir='ltr'>quo</span> <span class='ocrx_word' id='word_1_404' title='bbox 1073 5305 1109 5371; x_wconf 91' lang='lat' dir='ltr'>et</span> <span class='ocrx_word' id='word_1_405' title='bbox 1127 5299 1231 5374; x_wconf 90' lang='lat' dir='ltr'>decus</span> <span class='ocrx_word' id='word_1_406' title='bbox 1257 5310 1329 5375; x_wconf 90' lang='lat' dir='ltr'>tam</span> <span class='ocrx_word' id='word_1_407' title='bbox 1355 5326 1463 5399; x_wconf 91' lang='lat' dir='ltr'>regno</span> <span class='ocrx_word' id='word_1_408' title='bbox 1491 5328 1593 5398; x_wconf 88' lang='lat' dir='ltr'>quam</span> <span class='ocrx_word' id='word_1_409' title='bbox 1620 5300 1784 5385; x_wconf 75' lang='lat' dir='ltr'>eeclesiae</span> 
     </span>
    </p>
   </div>
   <div class='ocr_carea' id='block_1_5' title="bbox 0 0 2030 6052">
    <p class='ocr_par' dir='ltr' id='par_1_5' title="bbox 0 0 2030 6052">
     <span class='ocr_line' id='line_1_42' title="bbox 0 0 2030 6052; baseline 0 0"><span class='ocrx_word' id='word_1_410' title='bbox 0 0 2030 6052; x_wconf 95' lang='lat' dir='ltr'> </span> 
     </span>
    </p>
   </div>
  </div>
 </body>
</html>
