<?xml version="1.0" encoding="UTF-8"?>
<!DOCTYPE html PUBLIC "-//W3C//DTD XHTML 1.0 Transitional//EN"
    "http://www.w3.org/TR/xhtml1/DTD/xhtml1-transitional.dtd">
<html xmlns="http://www.w3.org/1999/xhtml" xml:lang="en" lang="en">
 <head>
  <title>
</title>
<meta http-equiv="Content-Type" content="text/html;charset=utf-8" />
  <meta name='ocr-system' content='tesseract 3.04.00' />
  <meta name='ocr-capabilities' content='ocr_page ocr_carea ocr_par ocr_line ocrx_word'/>
</head>
<body>
  <div class='ocr_page' id='page_1' title='image "./joannisdugoszse00dugoog_0414.png"; bbox 0 0 4050 6054; ppageno 0'>
   <div class='ocr_carea' id='block_1_1' title="bbox 1667 444 1748 560">
    <p class='ocr_par' dir='ltr' id='par_1_1' title="bbox 1667 444 1748 560">
     <span class='ocr_line' id='line_1_1' title="bbox 1667 444 1748 560; baseline 0.025 -2"><span class='ocrx_word' id='word_1_1' title='bbox 1667 444 1748 560; x_wconf 76' lang='lat' dir='ltr'><strong>aaa</strong></span> 
     </span>
    </p>
   </div>
   <div class='ocr_carea' id='block_1_2' title="bbox 189 683 1746 1144">
    <p class='ocr_par' dir='ltr' id='par_1_2' title="bbox 189 683 1746 1144">
     <span class='ocr_line' id='line_1_2' title="bbox 190 683 1746 784; baseline 0 -19"><span class='ocrx_word' id='word_1_2' title='bbox 190 683 385 784; x_wconf 84' lang='lat' dir='ltr'><strong>canapalis,</strong></span> <span class='ocrx_word' id='word_1_3' title='bbox 411 695 449 762; x_wconf 89' lang='lat' dir='ltr'><strong>et</strong></span> <span class='ocrx_word' id='word_1_4' title='bbox 474 685 606 763; x_wconf 88' lang='lat' dir='ltr'><strong>ducunt</strong></span> <span class='ocrx_word' id='word_1_5' title='bbox 638 709 716 764; x_wconf 87' lang='lat' dir='ltr'><strong>eam</strong></span> <span class='ocrx_word' id='word_1_6' title='bbox 748 687 948 765; x_wconf 84' lang='lat' dir='ltr'><strong>emethones</strong></span> <span class='ocrx_word' id='word_1_7' title='bbox 983 686 1021 763; x_wconf 90' lang='lat' dir='ltr'><strong>in</strong></span> <span class='ocrx_word' id='word_1_8' title='bbox 1045 685 1210 783; x_wconf 88' lang='lat' dir='ltr'><strong>horreum</strong></span> <span class='ocrx_word' id='word_1_9' title='bbox 1237 709 1260 762; x_wconf 90' lang='lat' dir='ltr'><strong>a</strong></span> <span class='ocrx_word' id='word_1_10' title='bbox 1286 687 1450 763; x_wconf 90' lang='lat' dir='ltr'><strong>canonico</strong></span> <span class='ocrx_word' id='word_1_11' title='bbox 1485 688 1670 764; x_wconf 88' lang='lat' dir='ltr'><strong>locandum</strong></span> <span class='ocrx_word' id='word_1_12' title='bbox 1708 700 1746 765; x_wconf 89' lang='lat' dir='ltr'><strong>et</strong></span> 
     </span>
     <span class='ocr_line' id='line_1_3' title="bbox 192 811 1744 910; baseline -0.001 -25"><span class='ocrx_word' id='word_1_13' title='bbox 192 811 292 885; x_wconf 83' lang='lat' dir='ltr'><strong>valor</strong></span> <span class='ocrx_word' id='word_1_14' title='bbox 317 812 523 910; x_wconf 83' lang='lat' dir='ltr'><strong>aestimatur</strong></span> <span class='ocrx_word' id='word_1_15' title='bbox 549 813 625 884; x_wconf 90' lang='lat' dir='ltr'><strong>eius</strong></span> <span class='ocrx_word' id='word_1_16' title='bbox 651 812 697 884; x_wconf 90' lang='lat' dir='ltr'><strong>ad</strong></span> <span class='ocrx_word' id='word_1_17' title='bbox 724 813 875 904; x_wconf 90' lang='lat' dir='ltr'><strong>quinque</strong></span> <span class='ocrx_word' id='word_1_18' title='bbox 891 832 1045 907; x_wconf 87' lang='lat' dir='ltr'><strong>marcas.</strong></span> <span class='ocrx_word' id='word_1_19' title='bbox 1080 812 1168 884; x_wconf 89' lang='lat' dir='ltr'><strong>Item</strong></span> <span class='ocrx_word' id='word_1_20' title='bbox 1195 813 1363 884; x_wconf 89' lang='lat' dir='ltr'><strong>tabernae</strong></span> <span class='ocrx_word' id='word_1_21' title='bbox 1382 864 1633 903; x_wconf 85' lang='lat'><strong>..........</strong></span> <span class='ocrx_word' id='word_1_22' title='bbox 1661 813 1744 884; x_wconf 88' lang='lat' dir='ltr'><strong>itam</strong></span> 
     </span>
     <span class='ocr_line' id='line_1_4' title="bbox 189 931 1745 1033; baseline -0.001 -29"><span class='ocrx_word' id='word_1_23' title='bbox 189 932 368 1033; x_wconf 88' lang='lat' dir='ltr'><strong>hortulani</strong></span> <span class='ocrx_word' id='word_1_24' title='bbox 386 985 608 1024; x_wconf 89' lang='lat'><strong>.........</strong></span> <span class='ocrx_word' id='word_1_25' title='bbox 637 933 721 1004; x_wconf 86' lang='lat' dir='ltr'><strong>item</strong></span> <span class='ocrx_word' id='word_1_26' title='bbox 745 953 853 1004; x_wconf 88' lang='lat' dir='ltr'><strong>unum</strong></span> <span class='ocrx_word' id='word_1_27' title='bbox 879 931 1060 1024; x_wconf 72' lang='lat' dir='ltr'><strong>praedium</strong></span> <span class='ocrx_word' id='word_1_28' title='bbox 1085 932 1251 1023; x_wconf 90' lang='lat' dir='ltr'><strong>militare,</strong></span> <span class='ocrx_word' id='word_1_29' title='bbox 1278 931 1322 1002; x_wconf 92' lang='lat' dir='ltr'><strong>de</strong></span> <span class='ocrx_word' id='word_1_30' title='bbox 1348 933 1445 1003; x_wconf 82' lang='lat' dir='ltr'><strong>cuius</strong></span> <span class='ocrx_word' id='word_1_31' title='bbox 1474 932 1569 1021; x_wconf 82' lang='lat' dir='ltr'><strong>agris</strong></span> <span class='ocrx_word' id='word_1_32' title='bbox 1597 931 1745 1004; x_wconf 83' lang='lat' dir='ltr'><strong>solvitur</strong></span> 
     </span>
     <span class='ocr_line' id='line_1_5' title="bbox 191 1051 1285 1144; baseline 0 -21"><span class='ocrx_word' id='word_1_33' title='bbox 191 1052 325 1124; x_wconf 87' lang='lat' dir='ltr'><strong>decima</strong></span> <span class='ocrx_word' id='word_1_34' title='bbox 351 1052 576 1144; x_wconf 78' lang='lat' dir='ltr'><strong>manipularis</strong></span> <span class='ocrx_word' id='word_1_35' title='bbox 603 1052 770 1125; x_wconf 87' lang='lat' dir='ltr'><strong>ecelesiae</strong></span> <span class='ocrx_word' id='word_1_36' title='bbox 795 1053 988 1142; x_wconf 80' lang='lat' dir='ltr'><strong>parochiali</strong></span> <span class='ocrx_word' id='word_1_37' title='bbox 1015 1053 1051 1123; x_wconf 94' lang='lat' dir='ltr'><strong>in</strong></span> <span class='ocrx_word' id='word_1_38' title='bbox 1078 1051 1285 1143; x_wconf 87' lang='lat' dir='ltr'><strong>Mydlow.</strong></span> 
     </span>
    </p>
   </div>
   <div class='ocr_carea' id='block_1_3' title="bbox 567 1272 1512 1427">
    <p class='ocr_par' dir='ltr' id='par_1_3' title="bbox 567 1272 1512 1427">
     <span class='ocr_line' id='line_1_6' title="bbox 567 1272 1512 1427; baseline 0.001 -31"><span class='ocrx_word' id='word_1_39' title='bbox 567 1315 733 1398; x_wconf 76' lang='lat' dir='ltr'><strong>vicaria</strong></span> <span class='ocrx_word' id='word_1_40' title='bbox 765 1313 1038 1427; x_wconf 71' lang='lat' dir='ltr'><strong>praebendae</strong></span> <span class='ocrx_word' id='word_1_41' title='bbox 1070 1313 1386 1422; x_wconf 39' lang='lat' dir='ltr'><strong>Mydtowakey..</strong></span> <span class='ocrx_word' id='word_1_42' title='bbox 1510 1272 1512 1275; x_wconf 5' lang='grc' dir='ltr'>ἱ</span> 
     </span>
    </p>
   </div>
   <div class='ocr_carea' id='block_1_4' title="bbox 117 1534 1840 2109">
    <p class='ocr_par' dir='ltr' id='par_1_4' title="bbox 117 1534 1840 2109">
     <span class='ocr_line' id='line_1_7' title="bbox 294 1534 1800 1629; baseline 0 -19"><span class='ocrx_word' id='word_1_43' title='bbox 294 1535 500 1618; x_wconf 88' lang='lat' dir='ltr'><strong>Praebenda</strong></span> <span class='ocrx_word' id='word_1_44' title='bbox 525 1534 814 1610; x_wconf 82' lang='lat' dir='ltr'><strong>Sandomiriensis</strong></span> <span class='ocrx_word' id='word_1_45' title='bbox 840 1535 1060 1629; x_wconf 77' lang='lat' dir='ltr'><strong>Mpdlowoka</strong></span> <span class='ocrx_word' id='word_1_46' title='bbox 1086 1536 1195 1610; x_wconf 88' lang='lat' dir='ltr'><strong>habet</strong></span> <span class='ocrx_word' id='word_1_47' title='bbox 1220 1536 1419 1628; x_wconf 82' lang='lat' dir='ltr'><strong>habereque</strong></span> <span class='ocrx_word' id='word_1_48' title='bbox 1446 1538 1624 1610; x_wconf 81' lang='lat' dir='ltr'><strong>consuevit</strong></span> <span class='ocrx_word' id='word_1_49' title='bbox 1650 1538 1742 1610; x_wconf 90' lang='lat' dir='ltr'><strong>vica-</strong></span> <span class='ocrx_word' id='word_1_50' title='bbox 1798 1554 1800 1558; x_wconf 65' lang='grc'><strong>“</strong></span> 
     </span>
     <span class='ocr_line' id='line_1_8' title="bbox 117 1646 1744 1762; baseline -0.002 -31"><span class='ocrx_word' id='word_1_51' title='bbox 117 1755 122 1762; x_wconf 89' lang='lat'><em>.</em></span> <span class='ocrx_word' id='word_1_52' title='bbox 192 1660 281 1731; x_wconf 90' lang='lat' dir='ltr'><strong>riam</strong></span> <span class='ocrx_word' id='word_1_53' title='bbox 306 1663 510 1751; x_wconf 88' lang='lat' dir='ltr'><strong>perpetuam</strong></span> <span class='ocrx_word' id='word_1_54' title='bbox 536 1658 573 1729; x_wconf 94' lang='lat' dir='ltr'><strong>in</strong></span> <span class='ocrx_word' id='word_1_55' title='bbox 599 1646 747 1730; x_wconf 87' lang='lat' dir='ltr'><strong>ecclesia</strong></span> <span class='ocrx_word' id='word_1_56' title='bbox 772 1656 1058 1749; x_wconf 85' lang='lat' dir='ltr'><strong>Sandomiriansi,</strong></span> <span class='ocrx_word' id='word_1_57' title='bbox 1086 1658 1183 1729; x_wconf 90' lang='lat' dir='ltr'><strong>cuius</strong></span> <span class='ocrx_word' id='word_1_58' title='bbox 1210 1659 1393 1730; x_wconf 90' lang='lat' dir='ltr'><strong>canonicus</strong></span> <span class='ocrx_word' id='word_1_59' title='bbox 1420 1658 1638 1748; x_wconf 80' lang='lat' dir='ltr'><strong>praebendae</strong></span> <span class='ocrx_word' id='word_1_60' title='bbox 1664 1657 1744 1750; x_wconf 84' lang='lat' dir='ltr'><strong>My-</strong></span> 
     </span>
     <span class='ocr_line' id='line_1_9' title="bbox 192 1758 1744 1879; baseline -0.001 -29"><span class='ocrx_word' id='word_1_61' title='bbox 192 1778 380 1852; x_wconf 87' lang='lat' dir='ltr'><strong>dloviensia</strong></span> <span class='ocrx_word' id='word_1_62' title='bbox 414 1798 479 1870; x_wconf 93' lang='lat' dir='ltr'><strong>pro</strong></span> <span class='ocrx_word' id='word_1_63' title='bbox 505 1776 664 1879; x_wconf 82' lang='lat' dir='ltr'><strong>tempora</strong></span> <span class='ocrx_word' id='word_1_64' title='bbox 680 1800 685 1810; x_wconf 92' lang='lat'>·</span> <span class='ocrx_word' id='word_1_65' title='bbox 699 1758 821 1849; x_wconf 90' lang='lat' dir='ltr'><strong>unicus</strong></span> <span class='ocrx_word' id='word_1_66' title='bbox 847 1784 902 1850; x_wconf 87' lang='lat' dir='ltr'><strong>est</strong></span> <span class='ocrx_word' id='word_1_67' title='bbox 927 1777 1074 1850; x_wconf 88' lang='lat' dir='ltr'><strong>collator</strong></span> <span class='ocrx_word' id='word_1_68' title='bbox 1100 1783 1137 1850; x_wconf 95' lang='lat' dir='ltr'><strong>et</strong></span> <span class='ocrx_word' id='word_1_69' title='bbox 1162 1767 1349 1868; x_wconf 82' lang='lat' dir='ltr'><strong>patronus,</strong></span> <span class='ocrx_word' id='word_1_70' title='bbox 1386 1798 1489 1868; x_wconf 90' lang='lat' dir='ltr'><strong>qnam</strong></span> <span class='ocrx_word' id='word_1_71' title='bbox 1524 1798 1615 1848; x_wconf 90' lang='lat' dir='ltr'><strong>nnnc</strong></span> <span class='ocrx_word' id='word_1_72' title='bbox 1646 1783 1744 1850; x_wconf 85' lang='lat' dir='ltr'><strong>tenet</strong></span> 
     </span>
     <span class='ocr_line' id='line_1_10' title="bbox 191 1894 1840 1990; baseline -0.001 -20"><span class='ocrx_word' id='word_1_73' title='bbox 191 1896 369 1971; x_wconf 89' lang='lat' dir='ltr'><strong>Jobannes</strong></span> <span class='ocrx_word' id='word_1_74' title='bbox 396 1894 623 1989; x_wconf 72' lang='lat' dir='ltr'><strong>Caelatko</strong></span> <span class='ocrx_word' id='word_1_75' title='bbox 651 1896 695 1969; x_wconf 89' lang='lat' dir='ltr'><strong>de</strong></span> <span class='ocrx_word' id='word_1_76' title='bbox 721 1897 957 1989; x_wconf 86' lang='lat' dir='ltr'><strong>Kostrzyn</strong></span> <span class='ocrx_word' id='word_1_77' title='bbox 984 1898 1176 1990; x_wconf 81' lang='lat' dir='ltr'><strong>presbyter,</strong></span> <span class='ocrx_word' id='word_1_78' title='bbox 1203 1919 1291 1990; x_wconf 91' lang='lat' dir='ltr'><strong>quae</strong></span> <span class='ocrx_word' id='word_1_79' title='bbox 1319 1919 1382 1988; x_wconf 92' lang='lat' dir='ltr'><strong>pro</strong></span> <span class='ocrx_word' id='word_1_80' title='bbox 1410 1918 1473 1969; x_wconf 90' lang='lat' dir='ltr'><strong>sna</strong></span> <span class='ocrx_word' id='word_1_81' title='bbox 1500 1897 1581 1969; x_wconf 90' lang='lat' dir='ltr'><strong>dote</strong></span> <span class='ocrx_word' id='word_1_82' title='bbox 1608 1905 1645 1968; x_wconf 92' lang='lat' dir='ltr'><strong>et</strong></span> <span class='ocrx_word' id='word_1_83' title='bbox 1663 1918 1743 1987; x_wconf 93' lang='lat' dir='ltr'><strong>pro-</strong></span> <span class='ocrx_word' id='word_1_84' title='bbox 1832 1954 1840 1990; x_wconf 86' lang='lat'><strong>,</strong></span> 
     </span>
     <span class='ocr_line' id='line_1_11' title="bbox 191 2016 931 2109; baseline -0.003 -19"><span class='ocrx_word' id='word_1_85' title='bbox 191 2018 342 2109; x_wconf 89' lang='lat' dir='ltr'><strong>prietate</strong></span> <span class='ocrx_word' id='word_1_86' title='bbox 367 2017 475 2090; x_wconf 89' lang='lat' dir='ltr'><strong>habet</strong></span> <span class='ocrx_word' id='word_1_87' title='bbox 502 2017 653 2090; x_wconf 92' lang='lat' dir='ltr'><strong>decimas</strong></span> <span class='ocrx_word' id='word_1_88' title='bbox 679 2016 931 2109; x_wconf 67' lang='lat' dir='ltr'><strong>inlraacmptas.</strong></span> 
     </span>
    </p>
   </div>
   <div class='ocr_carea' id='block_1_5' title="bbox 613 2232 1313 2363">
    <p class='ocr_par' dir='ltr' id='par_1_5' title="bbox 613 2232 1313 2363">
     <span class='ocr_line' id='line_1_12' title="bbox 613 2232 1313 2363; baseline 0.001 -3"><span class='ocrx_word' id='word_1_89' title='bbox 613 2279 869 2362; x_wconf 78' lang='lat' dir='ltr'><strong>Suburbium</strong></span> <span class='ocrx_word' id='word_1_90' title='bbox 905 2232 1021 2363; x_wconf 74' lang='lat' dir='ltr'><strong>circa</strong></span> <span class='ocrx_word' id='word_1_91' title='bbox 1054 2259 1096 2361; x_wconf 60' lang='lat'><strong>8«.</strong></span> <span class='ocrx_word' id='word_1_92' title='bbox 1130 2281 1313 2363; x_wconf 79' lang='lat' dir='ltr'><strong>Paulum.</strong></span> 
     </span>
    </p>
   </div>
   <div class='ocr_carea' id='block_1_6' title="bbox 74 2500 1833 4165">
    <p class='ocr_par' dir='ltr' id='par_1_6' title="bbox 189 2500 1815 3560">
     <span class='ocr_line' id='line_1_13' title="bbox 284 2500 1742 2595; baseline 0.003 -23"><span class='ocrx_word' id='word_1_93' title='bbox 284 2500 586 2575; x_wconf 62' lang='lat' dir='ltr'><strong>,Sandomiriensis</strong></span> <span class='ocrx_word' id='word_1_94' title='bbox 622 2501 738 2592; x_wconf 90' lang='lat' dir='ltr'><strong>oppidi</strong></span> <span class='ocrx_word' id='word_1_95' title='bbox 776 2502 980 2575; x_wconf 86' lang='lat' dir='ltr'><strong>suburbium</strong></span> <span class='ocrx_word' id='word_1_96' title='bbox 1018 2503 1111 2575; x_wconf 88' lang='lat' dir='ltr'><strong>circa</strong></span> <span class='ocrx_word' id='word_1_97' title='bbox 1136 2501 1169 2574; x_wconf 88' lang='lat' dir='ltr'><strong>S.</strong></span> <span class='ocrx_word' id='word_1_98' title='bbox 1196 2502 1342 2574; x_wconf 88' lang='lat' dir='ltr'><strong>Paulum</strong></span> <span class='ocrx_word' id='word_1_99' title='bbox 1376 2502 1412 2573; x_wconf 92' lang='lat' dir='ltr'><strong>in</strong></span> <span class='ocrx_word' id='word_1_100' title='bbox 1440 2504 1584 2594; x_wconf 91' lang='lat' dir='ltr'><strong>antiqno</strong></span> <span class='ocrx_word' id='word_1_101' title='bbox 1615 2504 1742 2595; x_wconf 92' lang='lat' dir='ltr'><strong>oppido</strong></span> 
     </span>
     <span class='ocr_line' id='line_1_14' title="bbox 190 2621 1743 2714; baseline -0.001 -16"><span class='ocrx_word' id='word_1_102' title='bbox 190 2621 462 2701; x_wconf 87' lang='lat' dir='ltr'><strong>Sandomiriensi</strong></span> <span class='ocrx_word' id='word_1_103' title='bbox 484 2628 525 2695; x_wconf 93' lang='lat' dir='ltr'><strong>et</strong></span> <span class='ocrx_word' id='word_1_104' title='bbox 551 2622 616 2695; x_wconf 89' lang='lat' dir='ltr'><strong>sub</strong></span> <span class='ocrx_word' id='word_1_105' title='bbox 644 2622 811 2713; x_wconf 90' lang='lat' dir='ltr'><strong>parochia</strong></span> <span class='ocrx_word' id='word_1_106' title='bbox 836 2623 1002 2695; x_wconf 88' lang='lat' dir='ltr'><strong>ecclesiae</strong></span> <span class='ocrx_word' id='word_1_107' title='bbox 1029 2622 1184 2695; x_wconf 87' lang='lat' dir='ltr'><strong>eiusdem</strong></span> <span class='ocrx_word' id='word_1_108' title='bbox 1201 2622 1235 2699; x_wconf 88' lang='lat' dir='ltr'><strong>S.</strong></span> <span class='ocrx_word' id='word_1_109' title='bbox 1249 2622 1350 2695; x_wconf 89' lang='lat' dir='ltr'><strong>Pauli</strong></span> <span class='ocrx_word' id='word_1_110' title='bbox 1376 2623 1490 2697; x_wconf 44' lang='lat' dir='ltr'><strong>situm&gt;</strong></span> <span class='ocrx_word' id='word_1_111' title='bbox 1507 2631 1570 2714; x_wconf 91' lang='lat' dir='ltr'><strong>est,</strong></span> <span class='ocrx_word' id='word_1_112' title='bbox 1598 2623 1642 2695; x_wconf 92' lang='lat' dir='ltr'><strong>ad</strong></span> <span class='ocrx_word' id='word_1_113' title='bbox 1665 2625 1743 2697; x_wconf 89' lang='lat' dir='ltr'><strong>illu-</strong></span> 
     </span>
     <span class='ocr_line' id='line_1_15' title="bbox 191 2742 1742 2847; baseline 0.001 -32"><span class='ocrx_word' id='word_1_114' title='bbox 191 2745 397 2816; x_wconf 90' lang='lat' dir='ltr'><strong>strissimum</strong></span> <span class='ocrx_word' id='word_1_115' title='bbox 424 2742 589 2817; x_wconf 89' lang='lat' dir='ltr'><strong>Poloniae</strong></span> <span class='ocrx_word' id='word_1_116' title='bbox 615 2763 733 2836; x_wconf 83' lang='lat' dir='ltr'><strong>regem</strong></span> <span class='ocrx_word' id='word_1_117' title='bbox 759 2745 949 2836; x_wconf 89' lang='lat' dir='ltr'><strong>pertinens,</strong></span> <span class='ocrx_word' id='word_1_118' title='bbox 976 2745 1013 2817; x_wconf 93' lang='lat' dir='ltr'><strong>in</strong></span> <span class='ocrx_word' id='word_1_119' title='bbox 1041 2765 1109 2835; x_wconf 89' lang='lat' dir='ltr'><strong>qno</strong></span> <span class='ocrx_word' id='word_1_120' title='bbox 1137 2750 1218 2815; x_wconf 90' lang='lat' dir='ltr'><strong>sunt</strong></span> <span class='ocrx_word' id='word_1_121' title='bbox 1244 2744 1321 2835; x_wconf 82' lang='lat' dir='ltr'><strong>agri</strong></span> <span class='ocrx_word' id='word_1_122' title='bbox 1348 2745 1521 2847; x_wconf 83' lang='lat' dir='ltr'><strong>notabiles</strong></span> <span class='ocrx_word' id='word_1_123' title='bbox 1546 2751 1583 2815; x_wconf 92' lang='lat' dir='ltr'><strong>et</strong></span> <span class='ocrx_word' id='word_1_124' title='bbox 1608 2746 1742 2835; x_wconf 85' lang='lat' dir='ltr'><strong>uberes,</strong></span> 
     </span>
     <span class='ocr_line' id='line_1_16' title="bbox 190 2863 1815 2957; baseline 0.002 -22"><span class='ocrx_word' id='word_1_125' title='bbox 190 2863 235 2935; x_wconf 92' lang='lat' dir='ltr'><strong>ad</strong></span> <span class='ocrx_word' id='word_1_126' title='bbox 259 2870 409 2956; x_wconf 90' lang='lat' dir='ltr'><strong>quatuor</strong></span> <span class='ocrx_word' id='word_1_127' title='bbox 426 2869 487 2936; x_wconf 94' lang='lat' dir='ltr'><strong>aut</strong></span> <span class='ocrx_word' id='word_1_128' title='bbox 505 2864 657 2957; x_wconf 89' lang='lat' dir='ltr'><strong>quinque</strong></span> <span class='ocrx_word' id='word_1_129' title='bbox 675 2864 854 2937; x_wconf 92' lang='lat' dir='ltr'><strong>laneorum</strong></span> <span class='ocrx_word' id='word_1_130' title='bbox 873 2864 1135 2956; x_wconf 90' lang='lat' dir='ltr'><strong>amplitudinem</strong></span> <span class='ocrx_word' id='word_1_131' title='bbox 1154 2865 1251 2938; x_wconf 85' lang='lat' dir='ltr'><strong>iuxta</strong></span> <span class='ocrx_word' id='word_1_132' title='bbox 1269 2865 1545 2955; x_wconf 82' lang='lat' dir='ltr'><strong>aestimationem</strong></span> <span class='ocrx_word' id='word_1_133' title='bbox 1565 2885 1601 2937; x_wconf 91' lang='lat' dir='ltr'><strong>se</strong></span> <span class='ocrx_word' id='word_1_134' title='bbox 1620 2872 1741 2937; x_wconf 86' lang='lat' dir='ltr'><strong>exten·</strong></span> <span class='ocrx_word' id='word_1_135' title='bbox 1811 2932 1815 2938; x_wconf 85' lang='lat'>.</span> 
     </span>
     <span class='ocr_line' id='line_1_17' title="bbox 191 2983 1740 3077; baseline 0.001 -21"><span class='ocrx_word' id='word_1_136' title='bbox 191 2983 322 3076; x_wconf 89' lang='lat' dir='ltr'><strong>dentes,</strong></span> <span class='ocrx_word' id='word_1_137' title='bbox 349 2984 392 3056; x_wconf 93' lang='lat' dir='ltr'><strong>de</strong></span> <span class='ocrx_word' id='word_1_138' title='bbox 419 2985 544 3077; x_wconf 89' lang='lat' dir='ltr'><strong>quibus</strong></span> <span class='ocrx_word' id='word_1_139' title='bbox 571 2984 720 3059; x_wconf 87' lang='lat' dir='ltr'><strong>solvitur</strong></span> <span class='ocrx_word' id='word_1_140' title='bbox 745 2986 984 3058; x_wconf 89' lang='lat' dir='ltr'><strong>tautummodo</strong></span> <span class='ocrx_word' id='word_1_141' title='bbox 1012 2986 1237 3077; x_wconf 90' lang='lat' dir='ltr'><strong>manipularis</strong></span> <span class='ocrx_word' id='word_1_142' title='bbox 1265 2986 1398 3059; x_wconf 89' lang='lat' dir='ltr'><strong>decima</strong></span> <span class='ocrx_word' id='word_1_143' title='bbox 1424 2986 1573 3058; x_wconf 85' lang='lat' dir='ltr'><strong>vicariae</strong></span> <span class='ocrx_word' id='word_1_144' title='bbox 1601 2986 1740 3057; x_wconf 86' lang='lat' dir='ltr'><strong>canoni·</strong></span> 
     </span>
     <span class='ocr_line' id='line_1_18' title="bbox 191 3103 1740 3198; baseline 0 -22"><span class='ocrx_word' id='word_1_145' title='bbox 191 3111 290 3178; x_wconf 89' lang='lat' dir='ltr'><strong>catus</strong></span> <span class='ocrx_word' id='word_1_146' title='bbox 316 3103 564 3198; x_wconf 83' lang='lat' dir='ltr'><strong>Mydlowakey,</strong></span> <span class='ocrx_word' id='word_1_147' title='bbox 591 3111 628 3178; x_wconf 87' lang='lat' dir='ltr'><strong>et</strong></span> <span class='ocrx_word' id='word_1_148' title='bbox 653 3105 784 3179; x_wconf 93' lang='lat' dir='ltr'><strong>ducunt</strong></span> <span class='ocrx_word' id='word_1_149' title='bbox 810 3127 887 3184; x_wconf 87' lang='lat' dir='ltr'><strong>eam</strong></span> <span class='ocrx_word' id='word_1_150' title='bbox 913 3107 1103 3179; x_wconf 88' lang='lat' dir='ltr'><strong>suburbani</strong></span> <span class='ocrx_word' id='word_1_151' title='bbox 1128 3105 1277 3198; x_wconf 85' lang='lat' dir='ltr'><strong>praelati</strong></span> <span class='ocrx_word' id='word_1_152' title='bbox 1290 3108 1340 3177; x_wconf 87' lang='lat' dir='ltr'><strong>in</strong></span> <span class='ocrx_word' id='word_1_153' title='bbox 1366 3105 1530 3178; x_wconf 90' lang='lat' dir='ltr'><strong>horreum</strong></span> <span class='ocrx_word' id='word_1_154' title='bbox 1557 3127 1579 3177; x_wconf 91' lang='lat' dir='ltr'><strong>a</strong></span> <span class='ocrx_word' id='word_1_155' title='bbox 1610 3107 1740 3178; x_wconf 86' lang='lat' dir='ltr'><strong>vicario</strong></span> 
     </span>
     <span class='ocr_line' id='line_1_19' title="bbox 189 3225 1741 3318; baseline 0.001 -22"><span class='ocrx_word' id='word_1_156' title='bbox 189 3225 370 3299; x_wconf 88' lang='lat' dir='ltr'><strong>locandum</strong></span> <span class='ocrx_word' id='word_1_157' title='bbox 396 3233 433 3300; x_wconf 92' lang='lat' dir='ltr'><strong>et</strong></span> <span class='ocrx_word' id='word_1_158' title='bbox 460 3227 559 3300; x_wconf 87' lang='lat' dir='ltr'><strong>valor</strong></span> <span class='ocrx_word' id='word_1_159' title='bbox 585 3227 660 3299; x_wconf 89' lang='lat' dir='ltr'><strong>eius</strong></span> <span class='ocrx_word' id='word_1_160' title='bbox 696 3227 900 3300; x_wconf 87' lang='lat' dir='ltr'><strong>aestimatur</strong></span> <span class='ocrx_word' id='word_1_161' title='bbox 935 3226 980 3300; x_wconf 90' lang='lat' dir='ltr'><strong>ad</strong></span> <span class='ocrx_word' id='word_1_162' title='bbox 1006 3246 1067 3298; x_wconf 86' lang='lat' dir='ltr'><strong>sex</strong></span> <span class='ocrx_word' id='word_1_163' title='bbox 1104 3234 1165 3299; x_wconf 92' lang='lat' dir='ltr'><strong>ant</strong></span> <span class='ocrx_word' id='word_1_164' title='bbox 1196 3233 1329 3317; x_wconf 89' lang='lat' dir='ltr'><strong>septem</strong></span> <span class='ocrx_word' id='word_1_165' title='bbox 1365 3247 1517 3318; x_wconf 88' lang='lat' dir='ltr'><strong>marcas,</strong></span> <span class='ocrx_word' id='word_1_166' title='bbox 1555 3226 1741 3317; x_wconf 87' lang='lat' dir='ltr'><strong>aliqnando</strong></span> 
     </span>
     <span class='ocr_line' id='line_1_20' title="bbox 190 3345 1740 3439; baseline -0.001 -21"><span class='ocrx_word' id='word_1_167' title='bbox 190 3345 236 3418; x_wconf 90' lang='lat' dir='ltr'><strong>ad</strong></span> <span class='ocrx_word' id='word_1_168' title='bbox 261 3345 389 3420; x_wconf 90' lang='lat' dir='ltr'><strong>decem.</strong></span> <span class='ocrx_word' id='word_1_169' title='bbox 414 3346 504 3419; x_wconf 89' lang='lat' dir='ltr'><strong>item</strong></span> <span class='ocrx_word' id='word_1_170' title='bbox 529 3346 678 3439; x_wconf 83' lang='lat' dir='ltr'><strong>praelati</strong></span> <span class='ocrx_word' id='word_1_171' title='bbox 704 3349 780 3439; x_wconf 79' lang='lat' dir='ltr'><strong>agri</strong></span> <span class='ocrx_word' id='word_1_172' title='bbox 807 3347 974 3420; x_wconf 91' lang='lat' dir='ltr'><strong>decimam</strong></span> <span class='ocrx_word' id='word_1_173' title='bbox 1000 3347 1252 3439; x_wconf 87' lang='lat' dir='ltr'><strong>manipularem</strong></span> <span class='ocrx_word' id='word_1_174' title='bbox 1278 3369 1348 3420; x_wconf 95' lang='lat' dir='ltr'><strong>non</strong></span> <span class='ocrx_word' id='word_1_175' title='bbox 1375 3347 1533 3439; x_wconf 89' lang='lat' dir='ltr'><strong>solvunt,</strong></span> <span class='ocrx_word' id='word_1_176' title='bbox 1560 3348 1643 3418; x_wconf 89' lang='lat' dir='ltr'><strong>item</strong></span> <span class='ocrx_word' id='word_1_177' title='bbox 1670 3367 1740 3419; x_wconf 92' lang='lat' dir='ltr'><strong>non</strong></span> 
     </span>
     <span class='ocr_line' id='line_1_21' title="bbox 191 3467 1132 3560; baseline 0.001 -22"><span class='ocrx_word' id='word_1_178' title='bbox 191 3471 272 3539; x_wconf 89' lang='lat' dir='ltr'><strong>sunt</strong></span> <span class='ocrx_word' id='word_1_179' title='bbox 299 3467 348 3540; x_wconf 93' lang='lat' dir='ltr'><strong>ibi</strong></span> <span class='ocrx_word' id='word_1_180' title='bbox 372 3468 550 3560; x_wconf 89' lang='lat' dir='ltr'><strong>tabernae,</strong></span> <span class='ocrx_word' id='word_1_181' title='bbox 576 3488 646 3540; x_wconf 93' lang='lat' dir='ltr'><strong>non</strong></span> <span class='ocrx_word' id='word_1_182' title='bbox 673 3473 755 3541; x_wconf 92' lang='lat' dir='ltr'><strong>sunt</strong></span> <span class='ocrx_word' id='word_1_183' title='bbox 779 3467 1008 3549; x_wconf 85' lang='lat' dir='ltr'><strong>bortulauiae.</strong></span> <span class='ocrx_word' id='word_1_184' title='bbox 1074 3485 1078 3494; x_wconf 85' lang='lat'><em>·</em></span> <span class='ocrx_word' id='word_1_185' title='bbox 1118 3492 1132 3512; x_wconf 91' lang='lat'><strong>··</strong></span> 
     </span>
    </p>

    <p class='ocr_par' dir='ltr' id='par_1_7' title="bbox 180 3586 1742 3807">
     <span class='ocr_line' id='line_1_22' title="bbox 296 3586 1742 3683; baseline 0 -21"><span class='ocrx_word' id='word_1_186' title='bbox 296 3587 466 3682; x_wconf 83' lang='lat' dir='ltr'><strong>Osraow,</strong></span> <span class='ocrx_word' id='word_1_187' title='bbox 493 3589 578 3662; x_wconf 87' lang='lat' dir='ltr'><strong>villa</strong></span> <span class='ocrx_word' id='word_1_188' title='bbox 604 3589 669 3662; x_wconf 90' lang='lat' dir='ltr'><strong>sub</strong></span> <span class='ocrx_word' id='word_1_189' title='bbox 696 3589 863 3681; x_wconf 90' lang='lat' dir='ltr'><strong>parochia</strong></span> <span class='ocrx_word' id='word_1_190' title='bbox 888 3589 1053 3662; x_wconf 89' lang='lat' dir='ltr'><strong>ecclesiae</strong></span> <span class='ocrx_word' id='word_1_191' title='bbox 1081 3586 1125 3662; x_wconf 87' lang='lat' dir='ltr'><strong>da</strong></span> <span class='ocrx_word' id='word_1_192' title='bbox 1152 3589 1416 3682; x_wconf 82' lang='lat' dir='ltr'><strong>Trzesznya</strong></span> <span class='ocrx_word' id='word_1_193' title='bbox 1442 3590 1519 3683; x_wconf 89' lang='lat' dir='ltr'><strong>sita,</strong></span> <span class='ocrx_word' id='word_1_194' title='bbox 1546 3590 1643 3664; x_wconf 88' lang='lat' dir='ltr'><strong>onius</strong></span> <span class='ocrx_word' id='word_1_195' title='bbox 1661 3608 1742 3681; x_wconf 91' lang='lat' dir='ltr'><strong>pro-</strong></span> 
     </span>
     <span class='ocr_line' id='line_1_23' title="bbox 180 3709 1741 3807; baseline 0 -24"><span class='ocrx_word' id='word_1_196' title='bbox 180 3711 322 3807; x_wconf 89' lang='lat' dir='ltr'><strong>prietas</strong></span> <span class='ocrx_word' id='word_1_197' title='bbox 348 3710 394 3783; x_wconf 87' lang='lat' dir='ltr'><strong>ad</strong></span> <span class='ocrx_word' id='word_1_198' title='bbox 420 3711 582 3784; x_wconf 85' lang='lat' dir='ltr'><strong>abbatem</strong></span> <span class='ocrx_word' id='word_1_199' title='bbox 600 3716 636 3783; x_wconf 91' lang='lat' dir='ltr'><strong>et</strong></span> <span class='ocrx_word' id='word_1_200' title='bbox 653 3712 903 3784; x_wconf 86' lang='lat' dir='ltr'><strong>monasterinm</strong></span> <span class='ocrx_word' id='word_1_201' title='bbox 929 3709 1206 3785; x_wconf 85' lang='lat' dir='ltr'><strong>Wanhocensenr</strong></span> <span class='ocrx_word' id='word_1_202' title='bbox 1233 3712 1395 3803; x_wconf 87' lang='lat' dir='ltr'><strong>pertinet,</strong></span> <span class='ocrx_word' id='word_1_203' title='bbox 1423 3713 1547 3803; x_wconf 85' lang='lat' dir='ltr'><strong>inqua</strong></span> <span class='ocrx_word' id='word_1_204' title='bbox 1569 3718 1741 3784; x_wconf 88' lang='lat' dir='ltr'><strong>sunttres</strong></span> 
     </span>
    </p>

    <p class='ocr_par' dir='ltr' id='par_1_8' title="bbox 74 3830 1833 4165">
     <span class='ocr_line' id='line_1_24' title="bbox 158 3830 1833 3924; baseline 0 -22"><span class='ocrx_word' id='word_1_205' title='bbox 158 3853 161 3858; x_wconf 89' lang='lat'><em>·</em></span> <span class='ocrx_word' id='word_1_206' title='bbox 190 3830 283 3904; x_wconf 89' lang='lat' dir='ltr'><strong>lanei</strong></span> <span class='ocrx_word' id='word_1_207' title='bbox 310 3831 545 3904; x_wconf 85' lang='lat' dir='ltr'><strong>amathonalcs</strong></span> <span class='ocrx_word' id='word_1_208' title='bbox 572 3831 671 3923; x_wconf 86' lang='lat' dir='ltr'><strong>largi,</strong></span> <span class='ocrx_word' id='word_1_209' title='bbox 698 3830 742 3903; x_wconf 91' lang='lat' dir='ltr'><strong>de</strong></span> <span class='ocrx_word' id='word_1_210' title='bbox 770 3833 895 3924; x_wconf 90' lang='lat' dir='ltr'><strong>quibus</strong></span> <span class='ocrx_word' id='word_1_211' title='bbox 922 3831 1069 3905; x_wconf 86' lang='lat' dir='ltr'><strong>solvitur</strong></span> <span class='ocrx_word' id='word_1_212' title='bbox 1092 3831 1224 3904; x_wconf 90' lang='lat' dir='ltr'><strong>decima</strong></span> <span class='ocrx_word' id='word_1_213' title='bbox 1250 3832 1474 3922; x_wconf 89' lang='lat' dir='ltr'><strong>manipularis</strong></span> <span class='ocrx_word' id='word_1_214' title='bbox 1501 3840 1538 3904; x_wconf 89' lang='lat' dir='ltr'><strong>et</strong></span> <span class='ocrx_word' id='word_1_215' title='bbox 1564 3831 1741 3922; x_wconf 88' lang='lat' dir='ltr'><strong>canapalis</strong></span> <span class='ocrx_word' id='word_1_216' title='bbox 1831 3867 1833 3871; x_wconf 95' lang='lat'>·</span> 
     </span>
     <span class='ocr_line' id='line_1_25' title="bbox 74 3951 1742 4045; baseline -0.004 -14"><span class='ocrx_word' id='word_1_217' title='bbox 74 4024 78 4031; x_wconf 87' lang='lat'>.</span> <span class='ocrx_word' id='word_1_218' title='bbox 189 3951 340 4024; x_wconf 71' lang='lat' dir='ltr'><strong>ucenae</strong></span> <span class='ocrx_word' id='word_1_219' title='bbox 366 3952 555 4045; x_wconf 83' lang='lat' dir='ltr'><strong>praefatae,</strong></span> <span class='ocrx_word' id='word_1_220' title='bbox 582 3958 619 4025; x_wconf 91' lang='lat' dir='ltr'><strong>et</strong></span> <span class='ocrx_word' id='word_1_221' title='bbox 646 3954 850 4026; x_wconf 89' lang='lat' dir='ltr'><strong>aestimatur</strong></span> <span class='ocrx_word' id='word_1_222' title='bbox 875 3951 973 4025; x_wconf 83' lang='lat' dir='ltr'><strong>valor</strong></span> <span class='ocrx_word' id='word_1_223' title='bbox 1000 3953 1075 4024; x_wconf 89' lang='lat' dir='ltr'><strong>eius</strong></span> <span class='ocrx_word' id='word_1_224' title='bbox 1102 3952 1146 4024; x_wconf 93' lang='lat' dir='ltr'><strong>ad</strong></span> <span class='ocrx_word' id='word_1_225' title='bbox 1173 3952 1260 4025; x_wconf 91' lang='lat' dir='ltr'><strong>duas</strong></span> <span class='ocrx_word' id='word_1_226' title='bbox 1286 3972 1430 4025; x_wconf 89' lang='lat' dir='ltr'><strong>marcas.</strong></span> <span class='ocrx_word' id='word_1_227' title='bbox 1474 3954 1563 4026; x_wconf 89' lang='lat' dir='ltr'><strong>Item</strong></span> <span class='ocrx_word' id='word_1_228' title='bbox 1591 3976 1658 4025; x_wconf 91' lang='lat' dir='ltr'><strong>non</strong></span> <span class='ocrx_word' id='word_1_229' title='bbox 1687 3960 1742 4026; x_wconf 88' lang='lat' dir='ltr'><strong>est</strong></span> 
     </span>
     <span class='ocr_line' id='line_1_26' title="bbox 188 4061 1708 4165; baseline 0.003 -22"><span class='ocrx_word' id='word_1_230' title='bbox 188 4072 239 4144; x_wconf 85' lang='lat' dir='ltr'><strong>ibi</strong></span> <span class='ocrx_word' id='word_1_231' title='bbox 264 4072 453 4164; x_wconf 89' lang='lat' dir='ltr'><strong>praedium,</strong></span> <span class='ocrx_word' id='word_1_232' title='bbox 480 4093 550 4146; x_wconf 93' lang='lat' dir='ltr'><strong>non</strong></span> <span class='ocrx_word' id='word_1_233' title='bbox 576 4080 659 4147; x_wconf 89' lang='lat' dir='ltr'><strong>aunt</strong></span> <span class='ocrx_word' id='word_1_234' title='bbox 684 4074 858 4165; x_wconf 85' lang='lat' dir='ltr'><strong>tabernae,</strong></span> <span class='ocrx_word' id='word_1_235' title='bbox 885 4093 955 4146; x_wconf 95' lang='lat' dir='ltr'><strong>non</strong></span> <span class='ocrx_word' id='word_1_236' title='bbox 982 4079 1065 4145; x_wconf 91' lang='lat' dir='ltr'><strong>sunt</strong></span> <span class='ocrx_word' id='word_1_237' title='bbox 1090 4064 1317 4147; x_wconf 88' lang='lat' dir='ltr'><strong>hortulaniae.</strong></span> <span class='ocrx_word' id='word_1_238' title='bbox 1422 4123 1425 4127; x_wconf 93' lang='lat'><em>-</em></span> <span class='ocrx_word' id='word_1_239' title='bbox 1514 4140 1521 4149; x_wconf 86' lang='lat'>.</span> <span class='ocrx_word' id='word_1_240' title='bbox 1691 4061 1708 4084; x_wconf 70' lang='grc'><strong>“’</strong></span> 
     </span>
    </p>
   </div>
   <div class='ocr_carea' id='block_1_7' title="bbox 517 4334 1310 4420">
    <p class='ocr_par' dir='ltr' id='par_1_9' title="bbox 517 4334 1310 4420">
     <span class='ocr_line' id='line_1_27' title="bbox 517 4334 1310 4420; baseline 0.001 -3"><span class='ocrx_word' id='word_1_241' title='bbox 517 4334 520 4340; x_wconf 79' lang='grc'><strong>’</strong></span> <span class='ocrx_word' id='word_1_242' title='bbox 626 4335 881 4420; x_wconf 72' lang='lat' dir='ltr'><strong>suburbium</strong></span> <span class='ocrx_word' id='word_1_243' title='bbox 915 4334 1310 4419; x_wconf 80' lang='lat' dir='ltr'><strong>Markuacbowake.</strong></span> 
     </span>
    </p>
   </div>
   <div class='ocr_carea' id='block_1_8' title="bbox 186 4554 1765 4905">
    <p class='ocr_par' dir='ltr' id='par_1_10' title="bbox 186 4554 1765 4905">
     <span class='ocr_line' id='line_1_28' title="bbox 290 4554 1733 4652; baseline -0.001 -23"><span class='ocrx_word' id='word_1_244' title='bbox 290 4554 578 4630; x_wconf 87' lang='lat' dir='ltr'><strong>Sandomiriensis</strong></span> <span class='ocrx_word' id='word_1_245' title='bbox 605 4558 724 4649; x_wconf 91' lang='lat' dir='ltr'><strong>oppidi</strong></span> <span class='ocrx_word' id='word_1_246' title='bbox 750 4558 963 4650; x_wconf 88' lang='lat' dir='ltr'><strong>suburbium,</strong></span> <span class='ocrx_word' id='word_1_247' title='bbox 990 4559 1082 4652; x_wconf 91' lang='lat' dir='ltr'><strong>quod</strong></span> <span class='ocrx_word' id='word_1_248' title='bbox 1109 4557 1280 4632; x_wconf 89' lang='lat' dir='ltr'><strong>communi</strong></span> <span class='ocrx_word' id='word_1_249' title='bbox 1306 4557 1537 4649; x_wconf 88' lang='lat' dir='ltr'><strong>appellatione</strong></span> <span class='ocrx_word' id='word_1_250' title='bbox 1565 4557 1609 4630; x_wconf 93' lang='lat' dir='ltr'><strong>ad</strong></span> <span class='ocrx_word' id='word_1_251' title='bbox 1636 4556 1733 4629; x_wconf 86' lang='lat' dir='ltr'><strong>dille-</strong></span> 
     </span>
     <span class='ocr_line' id='line_1_29' title="bbox 186 4677 1735 4771; baseline 0.002 -22"><span class='ocrx_word' id='word_1_252' title='bbox 186 4677 337 4750; x_wconf 90' lang='lat' dir='ltr'><strong>rentiam</strong></span> <span class='ocrx_word' id='word_1_253' title='bbox 363 4678 509 4752; x_wconf 90' lang='lat' dir='ltr'><strong>aliorum</strong></span> <span class='ocrx_word' id='word_1_254' title='bbox 535 4684 680 4753; x_wconf 85' lang='lat' dir='ltr'><strong>vocatur</strong></span> <span class='ocrx_word' id='word_1_255' title='bbox 705 4677 1022 4771; x_wconf 85' lang='lat' dir='ltr'><strong>Markuscbowske,</strong></span> <span class='ocrx_word' id='word_1_256' title='bbox 1050 4681 1115 4753; x_wconf 90' lang='lat' dir='ltr'><strong>sub</strong></span> <span class='ocrx_word' id='word_1_257' title='bbox 1137 4680 1305 4770; x_wconf 90' lang='lat' dir='ltr'><strong>parochia</strong></span> <span class='ocrx_word' id='word_1_258' title='bbox 1331 4679 1496 4752; x_wconf 88' lang='lat' dir='ltr'><strong>ecclesiae</strong></span> <span class='ocrx_word' id='word_1_259' title='bbox 1514 4679 1558 4751; x_wconf 89' lang='lat' dir='ltr'><strong>de</strong></span> <span class='ocrx_word' id='word_1_260' title='bbox 1576 4679 1609 4751; x_wconf 86' lang='lat' dir='ltr'><strong>S.</strong></span> <span class='ocrx_word' id='word_1_261' title='bbox 1629 4679 1735 4752; x_wconf 88' lang='lat' dir='ltr'><strong>Petro</strong></span> 
     </span>
     <span class='ocr_line' id='line_1_30' title="bbox 189 4797 1765 4905; baseline 0.002 -37"><span class='ocrx_word' id='word_1_262' title='bbox 189 4799 225 4868; x_wconf 95' lang='lat' dir='ltr'><strong>in</strong></span> <span class='ocrx_word' id='word_1_263' title='bbox 251 4797 546 4872; x_wconf 87' lang='lat' dir='ltr'><strong>Sandomiria</strong></span> <span class='ocrx_word' id='word_1_264' title='bbox 572 4801 677 4873; x_wconf 90' lang='lat' dir='ltr'><strong>sitnm</strong></span> <span class='ocrx_word' id='word_1_265' title='bbox 705 4806 766 4892; x_wconf 83' lang='lat' dir='ltr'><strong>est,</strong></span> <span class='ocrx_word' id='word_1_266' title='bbox 794 4800 839 4872; x_wconf 91' lang='lat' dir='ltr'><strong>ad</strong></span> <span class='ocrx_word' id='word_1_267' title='bbox 865 4801 1136 4874; x_wconf 89' lang='lat' dir='ltr'><strong>illustrissimum</strong></span> <span class='ocrx_word' id='word_1_268' title='bbox 1154 4801 1318 4874; x_wconf 90' lang='lat' dir='ltr'><strong>Poloniae</strong></span> <span class='ocrx_word' id='word_1_269' title='bbox 1344 4822 1461 4892; x_wconf 80' lang='lat' dir='ltr'><strong>regem</strong></span> <span class='ocrx_word' id='word_1_270' title='bbox 1488 4800 1674 4891; x_wconf 88' lang='lat' dir='ltr'><strong>pertinens,</strong></span> <span class='ocrx_word' id='word_1_271' title='bbox 1700 4801 1765 4905; x_wconf 67' lang='lat' dir='ltr'><strong>in¹</strong></span> 
     </span>
    </p>
   </div>
   <div class='ocr_carea' id='block_1_9' title="bbox 44 4921 1851 5147">
    <p class='ocr_par' dir='ltr' id='par_1_11' title="bbox 44 4921 1851 5147">
     <span class='ocr_line' id='line_1_31' title="bbox 189 4921 1851 5015; baseline 0.001 -25"><span class='ocrx_word' id='word_1_272' title='bbox 189 4939 258 5010; x_wconf 89' lang='lat' dir='ltr'><strong>qno</strong></span> <span class='ocrx_word' id='word_1_273' title='bbox 285 4925 366 4992; x_wconf 89' lang='lat' dir='ltr'><strong>sunt</strong></span> <span class='ocrx_word' id='word_1_274' title='bbox 393 4921 469 5012; x_wconf 83' lang='lat' dir='ltr'><strong>agri</strong></span> <span class='ocrx_word' id='word_1_275' title='bbox 495 4922 665 4994; x_wconf 90' lang='lat' dir='ltr'><strong>notabiles</strong></span> <span class='ocrx_word' id='word_1_276' title='bbox 697 4927 734 4994; x_wconf 94' lang='lat' dir='ltr'><strong>et</strong></span> <span class='ocrx_word' id='word_1_277' title='bbox 758 4921 904 5013; x_wconf 91' lang='lat' dir='ltr'><strong>uberes,</strong></span> <span class='ocrx_word' id='word_1_278' title='bbox 937 4921 982 4994; x_wconf 92' lang='lat' dir='ltr'><strong>ad</strong></span> <span class='ocrx_word' id='word_1_279' title='bbox 1009 4923 1159 5015; x_wconf 90' lang='lat' dir='ltr'><strong>quinque</strong></span> <span class='ocrx_word' id='word_1_280' title='bbox 1185 4927 1246 4994; x_wconf 90' lang='lat' dir='ltr'><strong>ant</strong></span> <span class='ocrx_word' id='word_1_281' title='bbox 1273 4942 1335 4992; x_wconf 83' lang='lat' dir='ltr'><strong>sex</strong></span> <span class='ocrx_word' id='word_1_282' title='bbox 1361 4921 1539 4992; x_wconf 89' lang='lat' dir='ltr'><strong>laneorum</strong></span> <span class='ocrx_word' id='word_1_283' title='bbox 1575 4921 1737 5010; x_wconf 89' lang='lat' dir='ltr'><strong>amplitu-</strong></span> <span class='ocrx_word' id='word_1_284' title='bbox 1842 4994 1851 5010; x_wconf 24' lang='lat' dir='ltr'>x</span> 
     </span>
     <span class='ocr_line' id='line_1_32' title="bbox 44 5039 1786 5147; baseline 0.002 -37"><span class='ocrx_word' id='word_1_285' title='bbox 44 5086 52 5092; x_wconf 82' lang='lat'>-</span> <span class='ocrx_word' id='word_1_286' title='bbox 188 5039 303 5126; x_wconf 86' lang='lat' dir='ltr'><strong>dinem</strong></span> <span class='ocrx_word' id='word_1_287' title='bbox 329 5061 367 5113; x_wconf 89' lang='lat' dir='ltr'><strong>se</strong></span> <span class='ocrx_word' id='word_1_288' title='bbox 394 5040 636 5133; x_wconf 85' lang='lat' dir='ltr'><strong>extendentes,</strong></span> <span class='ocrx_word' id='word_1_289' title='bbox 668 5043 767 5115; x_wconf 87' lang='lat' dir='ltr'><strong>iuxta</strong></span> <span class='ocrx_word' id='word_1_290' title='bbox 792 5042 1085 5132; x_wconf 87' lang='lat' dir='ltr'><strong>aestimationem,</strong></span> <span class='ocrx_word' id='word_1_291' title='bbox 1112 5040 1307 5147; x_wconf 86' lang='lat' dir='ltr'><strong>dequibus</strong></span> <span class='ocrx_word' id='word_1_292' title='bbox 1335 5041 1482 5112; x_wconf 84' lang='lat' dir='ltr'><strong>solvitur</strong></span> <span class='ocrx_word' id='word_1_293' title='bbox 1508 5040 1735 5131; x_wconf 88' lang='lat' dir='ltr'><strong>manipularis</strong></span> <span class='ocrx_word' id='word_1_294' title='bbox 1784 5121 1786 5124; x_wconf 56' lang='grc'><strong>,</strong></span> 
     </span>
    </p>
   </div>
   <div class='ocr_carea' id='block_1_10' title="bbox 187 5157 1837 5517">
    <p class='ocr_par' dir='ltr' id='par_1_12' title="bbox 187 5157 1837 5517">
     <span class='ocr_line' id='line_1_33' title="bbox 188 5157 1837 5256; baseline 0.001 -26"><span class='ocrx_word' id='word_1_295' title='bbox 188 5157 358 5233; x_wconf 86' lang='lat' dir='ltr'><strong>duntaxat</strong></span> <span class='ocrx_word' id='word_1_296' title='bbox 383 5161 517 5234; x_wconf 89' lang='lat' dir='ltr'><strong>decima</strong></span> <span class='ocrx_word' id='word_1_297' title='bbox 542 5163 693 5234; x_wconf 85' lang='lat' dir='ltr'><strong>vicariae</strong></span> <span class='ocrx_word' id='word_1_298' title='bbox 720 5162 943 5236; x_wconf 87' lang='lat' dir='ltr'><strong>canonicatus</strong></span> <span class='ocrx_word' id='word_1_299' title='bbox 970 5160 1231 5256; x_wconf 86' lang='lat' dir='ltr'><strong>Mydlowskiey,</strong></span> <span class='ocrx_word' id='word_1_300' title='bbox 1249 5168 1286 5233; x_wconf 92' lang='lat' dir='ltr'><strong>et</strong></span> <span class='ocrx_word' id='word_1_301' title='bbox 1304 5161 1435 5233; x_wconf 89' lang='lat' dir='ltr'><strong>ducunt</strong></span> <span class='ocrx_word' id='word_1_302' title='bbox 1451 5181 1528 5233; x_wconf 89' lang='lat' dir='ltr'><strong>eam</strong></span> <span class='ocrx_word' id='word_1_303' title='bbox 1546 5162 1737 5234; x_wconf 89' lang='lat' dir='ltr'><strong>suburbani</strong></span> <span class='ocrx_word' id='word_1_304' title='bbox 1781 5215 1784 5225; x_wconf 64' lang='grc'>,</span> <span class='ocrx_word' id='word_1_305' title='bbox 1834 5180 1837 5189; x_wconf 66' lang='grc'><em>’</em></span> 
     </span>
     <span class='ocr_line' id='line_1_34' title="bbox 187 5278 1736 5373; baseline 0.001 -21"><span class='ocrx_word' id='word_1_306' title='bbox 187 5278 336 5370; x_wconf 83' lang='lat' dir='ltr'><strong>praelati</strong></span> <span class='ocrx_word' id='word_1_307' title='bbox 361 5282 399 5373; x_wconf 80' lang='lat' dir='ltr'><strong>ip</strong></span> <span class='ocrx_word' id='word_1_308' title='bbox 424 5282 589 5355; x_wconf 90' lang='lat' dir='ltr'><strong>borreum</strong></span> <span class='ocrx_word' id='word_1_309' title='bbox 616 5304 637 5355; x_wconf 93' lang='lat' dir='ltr'><strong>a</strong></span> <span class='ocrx_word' id='word_1_310' title='bbox 663 5285 793 5358; x_wconf 78' lang='lat' dir='ltr'><strong>sicario</strong></span> <span class='ocrx_word' id='word_1_311' title='bbox 819 5285 1002 5359; x_wconf 90' lang='lat' dir='ltr'><strong>locandum</strong></span> <span class='ocrx_word' id='word_1_312' title='bbox 1028 5291 1066 5357; x_wconf 91' lang='lat' dir='ltr'><strong>et</strong></span> <span class='ocrx_word' id='word_1_313' title='bbox 1090 5282 1189 5356; x_wconf 84' lang='lat' dir='ltr'><strong>valor</strong></span> <span class='ocrx_word' id='word_1_314' title='bbox 1206 5284 1412 5355; x_wconf 90' lang='lat' dir='ltr'><strong>aestimatur</strong></span> <span class='ocrx_word' id='word_1_315' title='bbox 1437 5283 1512 5354; x_wconf 91' lang='lat' dir='ltr'><strong>eius</strong></span> <span class='ocrx_word' id='word_1_316' title='bbox 1539 5283 1583 5355; x_wconf 91' lang='lat' dir='ltr'><strong>ad</strong></span> <span class='ocrx_word' id='word_1_317' title='bbox 1602 5283 1736 5372; x_wconf 83' lang='lat' dir='ltr'><strong>septem</strong></span> 
     </span>
     <span class='ocr_line' id='line_1_35' title="bbox 187 5403 1806 5517; baseline 0.001 -46"><span class='ocrx_word' id='word_1_318' title='bbox 187 5407 248 5474; x_wconf 91' lang='lat' dir='ltr'><strong>aut</strong></span> <span class='ocrx_word' id='word_1_319' title='bbox 275 5408 354 5477; x_wconf 92' lang='lat' dir='ltr'><strong>octo</strong></span> <span class='ocrx_word' id='word_1_320' title='bbox 380 5423 524 5478; x_wconf 88' lang='lat' dir='ltr'><strong>marcas.</strong></span> <span class='ocrx_word' id='word_1_321' title='bbox 550 5403 640 5476; x_wconf 87' lang='lat' dir='ltr'><strong>Item</strong></span> <span class='ocrx_word' id='word_1_322' title='bbox 665 5405 814 5496; x_wconf 77' lang='lat' dir='ltr'><strong>praefati</strong></span> <span class='ocrx_word' id='word_1_323' title='bbox 839 5408 916 5498; x_wconf 80' lang='lat' dir='ltr'><strong>agri</strong></span> <span class='ocrx_word' id='word_1_324' title='bbox 943 5405 1111 5478; x_wconf 89' lang='lat' dir='ltr'><strong>decimam</strong></span> <span class='ocrx_word' id='word_1_325' title='bbox 1138 5403 1337 5496; x_wconf 88' lang='lat' dir='ltr'><strong>canapalem</strong></span> <span class='ocrx_word' id='word_1_326' title='bbox 1363 5424 1432 5476; x_wconf 94' lang='lat' dir='ltr'><strong>non</strong></span> <span class='ocrx_word' id='word_1_327' title='bbox 1460 5404 1616 5493; x_wconf 88' lang='lat' dir='ltr'><strong>solvunt,</strong></span> <span class='ocrx_word' id='word_1_328' title='bbox 1650 5405 1735 5475; x_wconf 88' lang='lat' dir='ltr'><strong>item</strong></span> <span class='ocrx_word' id='word_1_329' title='bbox 1799 5496 1806 5517; x_wconf 40' lang='grc' dir='ltr'><em>Ι</em></span> 
     </span>
    </p>
   </div>
   <div class='ocr_carea' id='block_1_11' title="bbox 291 5543 1580 5615">
    <p class='ocr_par' dir='ltr' id='par_1_13' title="bbox 291 5543 1580 5615">
     <span class='ocr_line' id='line_1_36' title="bbox 291 5543 1580 5615; baseline 0.002 -3"><span class='ocrx_word' id='word_1_330' title='bbox 291 5571 339 5613; x_wconf 80' lang='lat' dir='ltr'><strong>bib.</strong></span> <span class='ocrx_word' id='word_1_331' title='bbox 354 5572 449 5615; x_wconf 67' lang='lat' dir='ltr'><strong>nouella.</strong></span> <span class='ocrx_word' id='word_1_332' title='bbox 1540 5543 1580 5600; x_wconf 69' lang='lat'><strong>49</strong></span> 
     </span>
    </p>
   </div>
   <div class='ocr_carea' id='block_1_12' title="bbox 0 0 2030 6054">
    <p class='ocr_par' dir='ltr' id='par_1_14' title="bbox 0 0 2030 6054">
     <span class='ocr_line' id='line_1_37' title="bbox 0 0 2030 6054; baseline 0 0"><span class='ocrx_word' id='word_1_333' title='bbox 0 0 2030 6054; x_wconf 95' lang='lat' dir='ltr'><strong> </strong></span> 
     </span>
    </p>
   </div>
  </div>
 </body>
</html>
