4050 6054
1652 430 1725 502 tat

279 633 367 704 Item
394 631 551 724 praelata
576 634 700 725 quinta
725 632 925 723 praebenda
951 631 1246 706 Scarbimirieusis
1272 634 1379 706 habet
1406 633 1442 703 in
1470 632 1596 723 oppido
1624 632 1725 705 Scar-

174 754 313 827 bimiria
340 760 490 844 quatuor
515 755 732 827 hortulanias
758 754 803 827 de
829 775 891 827 sua
918 754 1050 827 ditione
1076 760 1113 827 et
1139 757 1370 847 proprietate,
1388 755 1424 824 in
1452 774 1596 845 quarum
1614 754 1727 845 prima

177 876 276 948 sedet
302 874 515 967 Lyschak
543 875 705 966 carnifex,
731 876 768 947 in
795 875 946 948 secunda
971 876 1212 968 Mrziglod,
1241 877 1277 947 in
1303 876 1411 948 tertia
1428 875 1579 947 Jacohus
1596 875 1726 948 molen·

175 997 323 1086 dinator,
351 998 386 1067 in
415 1002 540 1086 quarta
566 1052 574 1067 .
601 1052 609 1067 .
637 1051 663 1088 .,
699 1004 736 1069 et
762 997 939 1088 quaelibet
964 997 1102 1069 illarum
1127 998 1403 1070 hortulaniarum
1429 997 1535 1070 soluit
1561 996 1725 1069 canonico

175 1120 316 1209 quintae
342 1098 561 1208 praebendae
587 1140 651 1209 pro
679 1139 784 1191 censu
810 1139 871 1190 sex
897 1139 1048 1209 grossos.

285 1239 374 1310 Item
409 1239 566 1329 praelata
602 1240 723 1330 quinta
757 1240 956 1330 praebenda
991 1238 1283 1312 Scarbimirieusis
1318 1240 1425 1312 habet
1453 1238 1598 1329 singulis
1624 1238 1724 1311 annis

174 1378 277 1432 unam
304 1360 358 1431 vel
385 1360 472 1432 duas
499 1382 542 1431 ex
569 1361 712 1432 decimis
739 1361 1012 1451 manipularibus
1031 1361 1196 1433 ccclesiae
1214 1359 1521 1450 Scarbimirieusis,
1541 1381 1584 1431 ex
1603 1360 1725 1430 ordine

174 1502 251 1552 eam
278 1481 543 1572 contingentem,
571 1503 659 1572 quae
685 1487 757 1554 tam
785 1482 861 1572 sibi,
889 1504 992 1573 quam
1018 1484 1096 1553 aliis
1123 1484 1159 1552 in
1178 1483 1400 1572 perceptione
1419 1486 1500 1553 sunt
1518 1502 1724 1552 communes.

174 1603 262 1675 Item
298 1603 420 1693 quinta
437 1650 440 1655 -
455 1603 653 1694 praebenda
688 1604 794 1675 hahet
820 1624 955 1693 aream,
983 1605 1017 1674 in
1046 1624 1115 1694 qua
1141 1607 1256 1693 petest
1283 1602 1405 1674 domus
1431 1623 1495 1693 per
1521 1603 1723 1674 canonicum

174 1724 348 1794 aedificari
376 1729 411 1795 et
438 1724 629 1814 pomerium
655 1725 807 1816 plantari
833 1746 897 1815 pro
924 1725 1081 1796 canonIci
1106 1724 1322 1795 habitatione
1348 1729 1385 1795 et
1411 1745 1484 1795 usu.

276 1845 364 1916 Item
391 1845 549 1934 praelata
574 1846 773 1935 praebenda
800 1846 920 1936 quinta
945 1844 1239 1917 Scarbimirieusis
1266 1850 1321 1917 est
1346 1849 1468 1916 taxata
1495 1845 1540 1915 ad
1567 1899 1575 1913 .
1603 1900 1610 1914 .
1638 1899 1646 1915 .

610 2178 774 2261 llicaria
808 2178 979 2282 quintae
1013 2179 1295 2285 praebendae.

278 2449 407 2540 Quinta
442 2452 641 2541 praebenda
676 2451 971 2550 Scarbimirieusis
998 2453 1105 2524 habet
1130 2452 1328 2542 habereque
1355 2451 1533 2522 consuevit
1559 2449 1724 2523 vicariam

173 2578 377 2662 perpetuam
404 2574 439 2642 iu
467 2574 613 2644 ecclesia
639 2574 933 2663 Scarbimirieusi,
960 2575 1059 2645 cuius
1084 2574 1206 2644 unicus
1233 2573 1380 2643 collator
1406 2577 1443 2643 et
1468 2578 1640 2661 patronus
1668 2579 1723 2642 est

174 2694 360 2764 canonicus
397 2694 537 2784 quintae
573 2695 789 2784 praebendae
824 2693 1136 2784 Scarbimirieusis,
1164 2715 1266 2785 quam
1292 2713 1382 2764 nunc
1409 2692 1545 2764 obtinet
1570 2692 1724 2764 Joannes

172 2813 364 2885 Zamath
390 2813 434 2885 de
460 2815 732 2907 Borunycze
767 2812 1085 2907 presbyter,'quae
1113 2815 1253 2906 quidem
1278 2814 1410 2884 vicaria
1436 2834 1500 2904 pro
1528 2833 1590 2885 suo
1616 2811 1723 2912 hudo

172 2939 210 3005 et
235 2933 316 3005 dote
342 2934 448 3006 habet
474 2935 642 3007 decimam
667 2936 918 3027 manipularem
940 2941 1020 3026 post
1038 2937 1124 3007 duos
1142 2935 1261 3007 laneos
1280 2934 1514 3006 cmethouales
1531 2934 1605 3006 sive
1622 2953 1724 3024 prae·

173 3055 281 3127 diales
309 3055 345 3126 in
372 3056 499 3146 oppido
526 3055 811 3148 Scarbimirieusi,
839 3057 884 3128 ad
911 3057 1113 3130 canonicum
1142 3057 1283 3148 quintae
1309 3055 1528 3146 praebendae
1546 3055 1724 3146 pertinen·

172 3181 239 3265 tes,
267 3198 369 3266 qnam
396 3178 595 3250 cmetbenes
622 3182 785 3249 tenentur
811 3178 939 3249 ducere
965 3178 1119 3269 propriis
1146 3178 1305 3248 curribus
1332 3176 1376 3248 ad
1403 3176 1567 3248 horreum
1592 3175 1725 3266 ricard,

174 3302 210 3367 et
236 3299 440 3369 aestimatur
475 3274 579 3370 valor¹
600 3300 675 3369 eius
702 3299 746 3371 ad
773 3301 925 3389 quinque
952 3319 1106 3386 marcas;
1134 3299 1216 3369 item
1244 3297 1351 3369 habet
1376 3298 1571 3387 portionem
1598 3316 1723 3387 aequa·

172 3417 241 3489 lem
268 3439 344 3491 cum
370 3421 511 3491 vicariis
538 3421 581 3492 de
607 3421 780 3492 univcrsIs
800 3420 1033 3510 ¹proventibus
1059 3419 1174 3490 dIctae
1197 3419 1373 3508 ecclesiae,
1392 3419 1554 3490 videlicet
1570 3416 1613 3488 de
1632 3418 1723 3488 deci-

174 3539 248 3629 mis,
276 3541 538 3631 columhatione,
566 3539 743 3612 offertorio
770 3544 806 3611 et
833 3541 980 3613 caeteris
1007 3539 1218 3632 quaestibus.

276 3661 364 3732 Item
391 3661 497 3733 habet
524 3661 663 3733 domum
689 3661 865 3752 propriam
891 3682 956 3751 pro
983 3680 1047 3732 sna
1072 3660 1300 3732 habitatione.

215 3993 414 4079 Decimae
447 3993 741 4102 manipulares,
773 3995 824 4077 ad
858 3996 1093 4078 custodiam
1126 4001 1170 4077 et
1201 3954 1385 4099 qulnque
1419 3996 1685 4099 praebendas

462 4136 839 4219 Scarbimiriensee
872 4138 912 4215 in
945 4135 1125 4216 solidum
1158 4136 1433 4241 pertinentes.

276 4389 544 4482 Pnzuarnuozn,
570 4392 653 4463 villa
680 4391 744 4463 sub
772 4391 937 4483 parochia
954 4391 1119 4462 ecclesiae
1137 4390 1180 4463 de
1198 4389 1505 4463 Scarbimiria
1531 4390 1606 4480 sita,
1625 4391 1721 4463 cuius

171 4510 341 4583 haeredes
368 4513 558 4583 Stanislaus
584 4512 705 4583 Keth
732 4513 775 4584 de
802 4514 910 4584 armis
937 4511 1129 4603 Pylawa,
1155 4511 1332 4583 Johannes
1360 4511 1660 4602 Swyraczsky
1686 4515 1723 4582 et

173 4631 339 4722 Pyelsz
366 4632 408 4703 de
436 4635 542 4705 armis
568 4633 769 4724 Zahawa,
797 4635 833 4703 in
860 4637 1036 4724 quaeunt
1062 4637 1194 4723 septem
1219 4633 1312 4704 lanei
1338 4632 1566 4722 cmethonum,
1585 4631 1628 4702 de
1646 4631 1723 4721 qui-

172 4753 237 4824 hus
273 4752 377 4825 datur
412 4754 545 4825 decima
579 4754 804 4844 manipularis
832 4759 868 4824 et
893 4774 956 4843 per
984 4759 1132 4843 quatuor
1158 4753 1297 4844 ierugas
1324 4753 1499 4843 canapalis
1525 4751 1723 4845 custodiet

172 4875 394 4946 universitati
420 4876 661 4947 canonicorum
689 4875 1032 4963 Scarbimirieusium‚
1060 4879 1097 4944 et
1115 4873 1244 4945 ducunt
1261 4893 1336 4944 eam
1355 4873 1552 4944 cmetbenes
1570 4873 1722 4963 propriis

174 4994 333 5067 curribus
368 4997 403 5066 in
439 4997 602 5067 horreum
637 5017 658 5066 a
693 4995 834 5068 custode
870 4996 925 5067 vel
961 4995 1077 5085 aliquo
1109 5015 1153 5066 ex
1180 4994 1354 5065 canonicis
1380 4993 1721 5066 Scarbimirieusihue

174 5115 366 5208 locandum,
393 5123 430 5191 et
456 5119 554 5189 valor
580 5119 654 5189 eius
682 5119 885 5189 aestimatur
912 5117 958 5187 ((1
985 5120 1116 5205 septem
1143 5136 1287 5186 marcas,
1313 5115 1402 5185 Item
1429 5115 1465 5184 in
1491 5114 1611 5185 eadem
1637 5114 1722 5186 uilla

172 5243 226 5308 est
252 5259 323 5308 uua
349 5239 504 5330 taberna,
529 5238 663 5310 habeus
690 5260 801 5329 agros,
829 5238 872 5308 de
899 5238 1023 5327 quibus
1050 5237 1197 5308 solvitur
1219 5235 1352 5306 decIma
1369 5234 1595 5324 manipularis
1613 5235 1721 5307 eccle-

173 5357 243 5428 siae
271 5365 307 5430 et
334 5360 481 5449 plebano
509 5361 544 5430 in
571 5359 813 5450 Malozow3
840 5360 923 5430 Item
951 5359 985 5428 in
1013 5357 1134 5429 eadem
1160 5357 1244 5431 villa
1270 5362 1352 5428 sunt
1378 5356 1466 5431 duae
1493 5356 1720 5451 hortulaniae,
