4050 6054
1608 536 1613 553 ,
1696 483 1776 557 605

233 694 270 760 et
294 688 496 777 decernens,
524 693 563 758 ut
579 688 633 758 ad
660 688 856 778 praedictas
882 637 1101 778 praelaturas
1128 693 1165 758 ot
1194 688 1411 777 praebendas
1446 689 1583 760 nonnisi
1618 707 1781 778 praesen·

141 852 145 861 ,
232 814 352 881 tantur
369 828 432 898 per
450 807 643 899 praefatum
673 808 869 880 Johannem
903 809 947 880 de
983 808 1205 881 Tharnow
1232 808 1423 898 palatinum
1458 807 1781 899 Sandomiriensem,
1893 881 1896 888 Δ

235 935 273 1002 et
307 951 389 1002 suos
425 930 641 1001 ‘successores
667 929 711 1000 de
737 929 838 1000 domo
864 930 1034 1002 duntaxat
1064 929 1395 1018 Lelivitarum,
1421 929 1488 1000 loci
1515 928 1711 1019 ordinario;
1737 929 1781 1000 ad

233 1051 381 1122 vicarias
409 1071 491 1122 vero
518 1070 581 1141 per
607 1032 781 1139 praelatos
809 1057 845 1120 et
871 1050 1053 1121 canonicos
1080 1050 1279 1140 praeposito
1307 1050 1551 1139 Tarnoviensi,
1578 1056 1658 1122 actu
1683 1071 1782 1142 pres-

232 1172 368 1261 byteri,
402 1162 628 1241 residentiam
664 1171 709 1241 ad
744 1171 863 1241 aedem
900 1170 1171 1242 Tarnoviensem
1198 1169 1390 1261 praelatam
1416 1170 1529 1242 acturi
1555 1171 1781 1260 personalem,

232 1291 457 1382 privilegians
484 1292 626 1381 insuper
651 1292 888 1381 praepositum
916 1290 1186 1363 Tarnoviensem
1213 1291 1400 1381 quemlibet
1426 1311 1489 1380 pro
1508 1295 1663 1381 tompore
1680 1293 1783 1362 iuris·

232 1412 384 1484 dictione
419 1417 606 1502 perpetua,
634 1432 702 1501 qua
737 1418 860 1501 potens
895 1412 942 1482 sit
969 1411 1123 1501 singulos
1149 1411 1341 1501 praelatae,
1369 1413 1570 1501 canonicos,
1596 1413 1783 1501 altaristas,
1859 1427 1866 1456 ³

233 1532 391 1622 vicarios,
420 1539 455 1603 et
481 1532 655 1622 quoslibet
680 1532 846 1603 ecclesiae
865 1531 1108 1603 Tarnoviensis
1126 1530 1348 1602 beneficiatos
1366 1537 1402 1602 et
1419 1532 1598 1603 ministros
1616 1533 1651 1602 in
1670 1532 1784 1604 causis

234 1674 296 1725 sex
329 1652 538 1725 florenorum
565 1672 733 1725 summam
759 1674 828 1724 non
855 1651 1118 1740 excedentibus,
1144 1652 1236 1741 apud
1262 1673 1362 1723 suum
1388 1652 1629 1724 consistorium
1656 1659 1694 1724 et
1719 1655 1783 1724 tri·

232 1774 337 1846 bunal
373 1774 409 1859 in
445 1773 651 1862 Tarnow,
689 1793 733 1843 ne
771 1793 891 1845 eorum
926 1773 1086 1846 absentia
1121 1771 1376 1845 ecclesiasticae
1410 1773 1619 1844 residentiae
1646 1771 1783 1863 officiat,

231 1893 407 1983 iudicare;
443 1893 663 1983 praepositus
698 1913 784 1964 vero
820 1893 895 1982 ipse
930 1893 1069 1964 nonnisi
1104 1912 1220 1963 coram
1255 1894 1417 1991 episcopo
1444 1893 1571 1964 debeat
1597 1893 1783 1965 conveniri

234 2014 405 2086 Processu
432 2034 515 2084 vero
542 2014 686 2102 dierum,
714 2033 790 2083 cum
816 2012 921 2084 Petro
948 2012 1114 2103 Wysch
1141 2013 1183 2084 de
1211 2012 1431 2085 cracoviensi
1457 2013 1677 2103 episcopatu,
1703 2033 1782 2114 per·

233 2155 353 2225 peram
379 2141 416 2206 et
441 2134 579 2224 iniuste,
606 2134 705 2224 quasi
730 2132 937 2224 lethargiam
963 2139 1163 2224 pateretur,
1189 2134 1309 2223 eiecto,
1335 2133 1503 2206 Albertus
1529 2133 1553 2207 J
1562 2140 1783 2225 astrzam·

233 2237 373 2346 byeca
401 2254 513 2326 eidem
540 2254 737 2344 succedens,
764 2255 942 2326 ecclesiam
968 2254 1161 2344 praelatam
1188 2254 1335 2345 amplius
1353 2246 1597 2344 honoraturus,
1614 2256 1782 2345 petitione

234 2374 403 2447 Johannis
430 2373 473 2445 de
501 2374 725 2446 Tharnow
751 2375 897 2464 palatini
923 2373 1161 2446 Gracoviensis
1189 2380 1387 2467 promotus,
1414 2374 1456 2446 A.
1481 2375 1524 2444 D.
1555 2376 1651 2447 1416
1680 2375 1783 2449 iuris-

234 2496 420 2568 dictionem
446 2495 657 2566 ordinariam
683 2495 720 2565 in
746 2495 983 2585 praepositum
1011 2495 1280 2567 Tarnoviensem
1306 2500 1474 2585 perpetuo
1493 2496 1649 2584 contulit,
1668 2495 1782 2566 dando

235 2617 304 2687 sibi
328 2617 365 2686 in
393 2615 546 2705 singulos
572 2615 747 2704 praelatos
774 2621 810 2685 et
836 2616 1018 2687 canonicos
1044 2615 1267 2688 beneficiatos
1294 2621 1398 2706 atque
1423 2616 1601 2687 ministros
1619 2616 1784 2713 ecclesiae

238 2735 492 2824 Tarnoviensis,
519 2735 555 2806 in
582 2735 695 2837 causis
721 2734 960 2807 tantummodo
988 2756 1156 2808 summam
1181 2736 1299 2807 decem
1317 2756 1512 2807 marcarum
1530 2757 1598 2807 non
1617 2735 1784 2807 exceden-

234 2857 338 2945 tibus,
364 2855 649 2944 iurisdictionem,
676 2855 875 2928 subiciendo
903 2855 1009 2929 etiam
1035 2856 1189 2928 eiusdem
1216 2856 1408 2946 praepositi
1434 2855 1678 2928 Tarnoviensis
1705 2874 1783 2945 per·

233 2981 360 3067 petuas
393 2975 585 3047 visitationi
622 2995 683 3047 sex
709 2974 872 3055 ecclesias
899 2968 1116 3066 parochiales
1143 2976 1362 3066 propinguas.
1380 2980 1417 3048 et
1441 2976 1589 3067 vicinas,
1617 2975 1780 3048 videlicet

235 3097 543 3187 Shrzysszov,
570 3095 852 3188 Sthynwald,
878 3097 1220 3188 Zalyosszowa,
1247 3096 1481 3188 Poramba,
1506 3096 1783 3201 Lys'zagora

235 3223 271 3288 et
306 3216 626 3305 Lankowicza,
663 3237 749 3307 quae
785 3217 872 3289 alias
909 3217 1101 3289 visitationi
1136 3217 1372 3289 archidiaconi
1409 3216 1648 3289 Oracoviensis
1684 3224 1785 3289 erant

237 3337 423 3409 subiectae.
457 3337 499 3407 In
526 3357 616 3408 anno
644 3342 760 3408 autem
783 3337 926 3408 ¹Domini
956 3339 1054 3409 1410
1081 3336 1257 3428 praefatus
1283 3336 1462 3410 lohannes
1489 3338 1531 3408 de
1559 3337 1784 3409 Tharnow

237 3459 413 3549 palatinus
440 3457 688 3547 Gracoviensis,
716 3477 793 3529 cum
818 3477 983 3547 germano
1001 3457 1110 3530 fratre
1128 3478 1191 3529 suo
1209 3457 1437 3547 Spitkone
1463 3443 1784 3548 Jaroslawsky

174 3624 180 3633 -
235 3579 280 3651 de
306 3578 465 3651 conflictu
490 3578 699 3649 Prutbenico
727 3582 763 3649 et
780 3577 990 3668 cruciferico,
1009 3579 1068 3668 qui
1086 3598 1175 3650 anno
1194 3579 1313 3650 eodem
1333 3577 1580 3649 Vladislao
1598 3577 1791 3650 Secundo·

234 3700 400 3773 Poloniae
426 3699 500 3789 regi
527 3704 563 3770 et
589 3699 661 3770 suis
688 3699 891 3788 proceribus
917 3697 1065 3769 leboiter
1091 3704 1310 3789 provenerat,
1336 3699 1488 3789 reversi,
1515 3699 1656 3771 tertiam
1684 3717 1785 3788 prae·
1880 3685 1888 3695 ’

154 3813 158 3820 ’
233 3820 383 3893 bendam
421 3819 458 3891 in
494 3819 639 3890 ecclesia
665 3818 909 3909 Tarnoviensi,
937 3839 1024 3909 quae
1051 3839 1073 3890 a
1097 3817 1214 3890 fundo·
1230 3825 1267 3890 et
1292 3819 1376 3891 villa
1402 3820 1469 3890 sibi
1494 3819 1531 3890 in
1557 3818 1673 3890 dotem
1699 3820 1785 3890 assi-

234 3939 576 4031 gnata·Lulrowska
601 3940 806 4030 appellatur,
832 3938 996 4031 hrndant,
1024 3940 1163 4030 erigunt
1189 3945 1292 4030 atque
1319 3941 1462 4029 dotant,
1488 3941 1552 4012 sub
1579 3939 1784 4030 pontificatu

235 4060 334 4134 Petri
360 4060 512 4132 Wisoh
548 4061 700 4151 episcopi
735 4060 983 4132 Cracoviensis.
1022 4061 1110 4141 Item
1145 4061 1302 4151 quamvis
1337 4066 1541 4151 atempore
1568 4060 1782 4134 hmdationis

234 4180 412 4272 praefatae
447 4182 612 4252 ecclesiae
649 4182 901 4271 Tarnoviensis,
939 4182 1059 4253 vicarii
1095 4202 1156 4253 sex
1191 4181 1331 4253 vicariis
1358 4181 1696 4272 Tharnoviensibus,
1723 4203 1784 4253 sex

235 4303 447 4393 praelaturis
474 4307 511 4373 et
537 4302 744 4392 praebendis
771 4302 1025 4393 deservientes,
1051 4302 1191 4374 fuerunt
1217 4321 1353 4392 semper
1380 4302 1576 4392 manuales,
1603 4308 1640 4373 et
1666 4323 1688 4374 a
1713 4303 1785 4374 suis

234 4425 401 4514 praelatis
428 4428 464 4496 et
491 4424 664 4496 canonicis
692 4423 838 4514 quilibet
863 4424 1013 4495 vicarius
1040 4423 1085 4496 ad
1102 4405 1355 4514 beneplacitum
1373 4422 1607 4495 instituendus
1626 4429 1662 4495 et
1680 4423 1785 4494 desti-

234 4544 392 4635 tuendus,
419 4545 557 4616 nonnisi
583 4550 732 4634 quatuor
758 4545 883 4616 marcis
910 4545 1100 4617 communis
1118 4545 1284 4635 pecuniae
1303 4522 1544 4644 solaiiabatnr,
1562 4565 1652 4615 anno
1669 4549 1786 4616 tamen

234 4665 375 4737 Domini
405 4666 476 4737 145
505 4719 513 4734 .
540 4719 548 4734 .
576 4718 583 4734 .
610 4667 673 4737 sub
700 4665 904 4755 pontificatu
931 4664 1083 4737 Thomas
1102 4664 1460 4756 Strzainpinsky
1487 4665 1641 4755 episcopi
1658 4663 1784 4737 craco-

235 4786 374 4876 viensis,
399 4791 437 4858 et
463 4785 505 4858 de
532 4787 607 4857 eius
634 4806 802 4858 consensu
829 4792 866 4857 et
892 4787 1112 4876 auctoritate,
1128 4787 1212 4859 item
1230 4787 1274 4858 de
1292 4787 1480 4858 annuentis
1497 4786 1637 4876 patroni
1654 4785 1785 4859 Johan-

235 4907 291 4979 nia
317 4905 452 4978 Amor
478 4905 521 4977 de
548 4906 748 4996 Tarnow,
775 4907 860 4978 item
886 4907 929 4978 de
956 4927 1125 4980 consensu
1151 4906 1286 4979 Nicolai
1309 4906 1353 4979 de
1371 4906 1559 4979 Radlow
1586 4907 1786 4997 praepositi,

236 5032 273 5099 et
299 5032 517 5100 caeterorum
542 5026 778 5118 praelatorum
805 5032 841 5098 et
867 5028 1110 5100 canonicorum
1137 5027 1457 5117 Tharnoviensium,
1484 5028 1607 5098 vicarii
1625 5028 1785 5117 perpetui
1866 5041 1869 5060 ¹

236 5147 347 5218 creati
372 5153 467 5237 sunt,
493 5152 531 5218 et
556 5166 642 5219 cura
668 5148 778 5219 omnis
805 5148 998 5233 animarum
1023 5149 1228 5239 parochiae,
1255 5168 1344 5239 quae
1370 5149 1539 5219 hactenus
1566 5147 1659 5238 apud
1685 5167 1786 5238 prae-

237 5267 390 5357 positum
428 5267 657 5357 consistebat,
692 5267 729 5337 in
763 5260 911 5340 vicarios
947 5268 1121 5340 transfusa
1156 5272 1227 5358 est,
1254 5273 1290 5339 et
1325 5269 1498 5340 institutio
1526 5289 1645 5341 eorum
1673 5268 1783 5339 eidem

236 5388 436 5483 praeposito
465 5388 734 5481 Tharuoviensi,
760 5390 995 5490 praesentatio
1022 5410 1105 5466 vero
1131 5390 1296 5487 praelatis
1323 5394 1358 5467 et
1385 5389 1558 5466 canonicis
1585 5389 1787 5484 singillatim
