4050 6054
1552 495 1578 507 -
1701 440 1775 512 461

231 649 330 720 valor
357 647 401 719 ad
428 651 576 738 quatuor
601 667 735 719 marcas
762 647 979 718 aestimatur.
1005 647 1101 717 Item·
1121 647 1269 717 taberna
1294 646 1344 717 ibi
1370 666 1439 717 ιιοιι
1465 650 1520 723 'est
1545 646 1677 737 aliqua·
1695 647 1778 718 item

230 768 449 842 hortulaniae
475 790 544 839 ncn
572 773 661 856 sunt,
688 769 771 839 item
797 767 978 857 praedium
1005 768 1138 838 nullum
1163 773 1219 839 est
1245 768 1281 838 in
1307 768 1400 839 villa.
1416 766 1546 839 eadem.

333 889 475 961 Zvncw
501 888 646 960 Macra
672 889 758 958 alias
785 888 999 976 Mmruarus,
1026 887 1110 958 villa
1127 889 1191 959 sub
1210 889 1376 977 parochia
1391 889 1564 960 ecclesiae
1592 888 1634 960 de
1661 889 1777 981 Kyie

231 1013 307 1100 sita,
335 1011 432 1081 cuius
459 1011 583 1079 haeres
610 1009 700 1080 idem
719 995 883 1099 Raphael'
903 1007 1245 1100 Gcluchcwsky
1273 1010 1315 1080 de
1343 1009 1448 1080 armis
1474 1009 1779 1100 Lyelyvva,·‘in

233 1153 301 1223 qua
337 1136 419 1202 sunt
455 1138 604 1221 quatuor
638 1131 729 1201 lanei
767 1130 1019 1219 cmethonales‚
1056 1129 1099 1200 de
1127 1131 1251 1220 quibus
1279 1131 1437 1201 omnibus
1473 1130 1621 1202 solvitur
1647 1131 1780 1203 decima
1918 1114 1921 1117 “

229 1252 456 1342 manipularis
475 1257 511 1321 et
528 1272 592 1340 per
610 1257 759 1342 quatuor
786 1251 925 1341 ierugas
952 1250 1128 1339 canapalis
1155 1251 1375 1340 praebendae
1400 1251 1608 1322 Kielcziensi
1634 1252 1778 1343 Zydcvv-

231 1375 314 1463 ska,
350 1379 386 1444 et
421 1373 551 1446 ducunt
587 1395 662 1444 eam
698 1373 897 1444 cmethcnes
933 1373 1085 1461 propriis
1121 1373 1280 1444 curribus
1314 1374 1351 1445 in
1377 1374 1541 1444 horreum
1568 1394 1590 1443 a
1615 1373 1778 1445 canonico

120 1463 127 1483 ⁸
231 1494 422 1582 locandum,
450 1495 547 1565 cuius
575 1495 672 1601 valor
700 1494 744 1565 ad
770 1498 844 1565 tres
870 1514 1005 1564 marcas
1032 1493 1229 1563 estimatur.
1272 1494 1360 1564 Item
1388 1500 1461 1565 tres
1488 1495 1663 1583 tabernae,
1690 1493 1779 1566 duae

231 1617 401 1688 habentes
429 1635 541 1705 agree,
569 1620 605 1685 ct
631 1612 771 1686 solvunt
797 1615 963 1686 decimam
990 1613 1240 1703 manipularem
1266 1615 1483 1702 praebendae
1502 1613 1697 1686 Kelcziemi
1715 1614 1781 1686 0Zi-

231 1736 373 1808 dcwska
399 1737 436 1807 in
459 1732 676 1830 panaceam,
703 1736 811 1806 tertia
836 1735 942 1806 etiam
968 1734 1101 1805 habens
1128 1755 1241 1824 agros,
1268 1740 1393 1825 quarta
1411 1736 1517 1806 etiam
1542 1736 1649 1806 habet
1666 1755 1779 1825 agros,
1919 1737 1925 1753 '

232 1863 267 1929 et
284 1876 403 1929 omnes
422 1856 563 1927 solvunt
580 1856 799 1944 praebendae
818 1856 994 1927 decimam.
1020 1855 1346 1928 ltembortulaniae
1372 1856 1461 1927 duae
1479 1856 1648 1927 habentes
1667 1877 1779 1945 agros,

232 1979 291 2068 qui
317 1977 457 2050 solvunt
484 1978 650 2048 decimam
675 1977 926 2065 manipularem
963 1975 1182 2065 praebendae
1208 1976 1403 2049 Kelczieusi
1429 1958 1625 2066 Zydowska
1659 1977 1696 2047 in
1719 1996 1780 2070 po·

231 2095 402 2187 billiacum,
426 2099 513 2169 item
539 2096 719 2193 praedium
746 2097 878 2168 nullum
905 2103 959 2168 est
985 2096 1021 2165 in
1049 2096 1132 2166 villa
1158 2098 1286 2169 eadem.

334 2219 424 2289 Item
449 2218 607 2309 praelata
633 2218 834 2308 praebenda
859 2217 1085 2290 Kielcziensis
1111 2218 1295 2290 Zidowska
1321 2222 1441 2291 taxata
1467 2224 1521 2290 est
1548 2218 1593 2290 ad
1611 2273 1753 2290 ......

625 2584 791 2665 lllcarla
826 2583 1096 2687 praebendae
1127 2583 1384 2690 Zydowaka.

332 2820 536 2893 Praebenda
562 2821 798 2912 Kyelcziensis
825 2822 1010 2893 Zidowska
1042 2823 1148 2893 habet
1174 2823 1371 2913 habereque
1408 2824 1588 2894 consvevit
1614 2825 1781 2896 vicariam

230 2948 434 3034 perpetuam
468 2943 505 3013 in
532 2943 678 3014 ecclesia
702 2941 929 3030 Kielcziensi‚
966 2964 1069 3033 quam
1101 2965 1192 3015 nunc
1220 2945 1354 3016 obtinet
1381 2944 1533 3017 Mathias
1571 2944 1614 3016 de
1648 2945 1781 3017 Labi-

230 3084 369 3155 szync
396 3065 587 3154 presbyter,
615 3064 741 3136 nobilis
769 3064 811 3135 de
838 3063 940 3135 domo
967 3063 1269 3154 Acervcrum‚
1296 3066 1394 3137 cuius
1421 3062 1543 3137 unicus
1570 3067 1714 3138 collater
1742 3071 1778 3138 et

228 3189 401 3274 patronus
423 3190 478 3255 est
504 3185 688 3256 canonicus
724 3183 943 3274 praebendae
970 3184 1190 3275 Zidowskiey
1216 3207 1280 3275 pro
1308 3193 1480 3276 tempore,
1517 3207 1605 3276 quae
1632 3206 1696 3276 pro
1724 3170 1779 3258 sui

229 3305 335 3377 fundo
362 3311 399 3376 et
425 3304 512 3377 dcte
532 3306 640 3376 habet
665 3311 856 3395 preventus
882 3303 1133 3394 infrascriptos.
1217 3399 1218 3402 Ἴ
1720 3318 1723 3323 ·

254 3445 283 3482 -‘
332 3425 617 3514 Poszuovvvczs‚
643 3426 728 3496 villa
753 3427 818 3496 sub
845 3426 1011 3514 parochia
1037 3427 1201 3497 ecclesiae
1228 3426 1454 3499 Kielcziensis
1482 3428 1559 3519 sita,
1586 3428 1682 3499 cuius
1700 3448 1781 3520 pro-

230 3533 372 3637 prietas'
389 3550 424 3617 et
450 3545 639 3617 dominium
665 3544 709 3616 ad
737 3546 934 3634 episcopum
954 3543 1216 3617 Gracoviensem
1243 3548 1403 3637 pertinet
1431 3549 1467 3618 in
1494 3570 1564 3639 qua
1589 3548 1683 3620 ultra
1708 3554 1780 3620 tre-

138 3647 144 3655 ’
175 3671 178 3674 ’
229 3667 338 3739 decim
364 3667 484 3738 laneos
511 3665 743 3737 cmethcnales
771 3666 814 3735 ad
842 3666 1039 3754 episcopum
1067 3665 1329 3739 Graccviensem
1355 3669 1580 3757 pertinentes,
1607 3673 1661 3741 est
1686 3689 1776 3741 uuus

229 3788 350 3859 laneus
377 3786 611 3876 cmethoualis,
638 3786 816 3876 pertinens
844 3786 889 3856 ad
915 3785 1080 3857 vicariam
1114 3788 1337 3859 canonicatus
1364 3794 1399 3859 et
1425 3789 1645 3878 praebendae
1671 3789 1778 3885 Kyel-

230 3908 375 3980 cziensis
401 3906 639 3998 Zidowskiey,
675 3905 718 3977 de
745 3928 812 3997 quo
841 3906 979 3997 quidem
1014 3908 1115 3979 laneo
1142 3908 1320 3997 praelatae
1356 3910 1507 3981 vicariae
1532 3910 1672 3982 solvunt
1710 3932 1777 4000 pro

230 4049 337 4101 ceusu
363 4049 478 4100 annuc
515 4028 718 4112 cmethcnes
748 4028 785 4100 in
812 4049 852 4100 ec
880 4029 1091 4125 pesidentes,
1129 4050 1233 4100 unam
1268 4050 1345 4101 cum
1372 4030 1485 4101 media
1511 4029 1661 4121 marcas,
1697 4032 1781 4104 item

230 4155 308 4222 ecto
334 4150 459 4222 cheros
486 4170 617 4221 avenae
653 4149 832 4239 aequales,
869 4151 951 4222 item
978 4150 1166 4241 disponunt
1202 4152 1341 4223 hortum
1377 4153 1500 4223 vicarii
1527 4153 1562 4224 in
1589 4152 1781 4243 Kelcze3

229 4292 298 4342 ιιοιι
315 4270 458 4342 iaciunt
483 4270 618 4361 aliquos
644 4270 800 4360 labores,
828 4286 939 4362 neque
966 4271 1097 4343 ducunt
1122 4271 1236 4362 ligna,
1263 4294 1375 4363 neque
1402 4275 1541 4345 solvamt
1567 4294 1643 4363 ova,
1670 4295 1782 4365 neque

231 4412 360 4482 caseos,
387 4413 499 4482 neque
525 4392 647 4482 gallos
673 4393 757 4463 item
784 4392 874 4463 idem
902 4393 1022 4464 laneus
1050 4393 1276 4466 cmetbcnalis
1302 4394 1337 4465 in
1364 4394 1651 4467 Pcslcvicze
1678 4396 1783 4467 solvit

230 4512 397 4585 decimam
423 4513 674 4602 manipularem
701 4513 743 4584 de
770 4534 855 4609 agrp
883 4535 946 4584 auc
973 4514 1124 4586 vicariae
1151 4514 1328 4604 praefatae
1354 4515 1590 4607 Zidowskiey,
1625 4521 1662 4588 et
1688 4537 1779 4588 eme-

229 4635 354 4706 thcnes
380 4634 422 4719 in,
444 4633 601 4723 praefato
628 4635 727 4705 laneo
755 4635 947 4706 residentes
983 4634 1114 4707 ducunt
1149 4656 1224 4707 eam
1251 4637 1392 4727 proprio
1421 4656 1525 4719 curru
1551 4637 1587 4708 in
1612 4638 1777 4710 borreum

229 4775 251 4825 a
277 4754 407 4825 vicario
433 4754 635 4844 locandum,
671 4759 708 4826 et
734 4756 839 4827 sclvit
865 4776 928 4845 pro
957 4757 1090 4827 decima
1122 4757 1245 4846 canapi
1272 4763 1423 4848 quatuor
1449 4758 1606 4854 ierugas,
1627 4763 1679 4833 ,et
1706 4758 1780 4829 eius

231 4875 436 4956 aestimatur
463 4875 562 4946 valor
589 4875 633 4947 ad
659 4875 807 4947 mediam
834 4897 995 4947 marcam.
1679 4950 1682 4954 ,

332 4995 594 5086 Pennovvrcma,
622 4996 706 5067 villa
732 4997 797 5068 sub
825 4998 990 5086 parocbia
1017 4999 1183 5070 ecclesiae
1210 4998 1253 5070 de
1278 4998 1394 5090 Kyie
1422 4999 1505 5088 sita,
1533 4999 1630 5070 cuius
1656 5000 1781 5071 haeres
1853 5074 1857 5083 4

229 5116 383 5189 loannes
411 5117 669 5209 Szlydzyen
706 5119 749 5189 de
776 5119 882 5190 armis
917 5116 1197 5208 Griflcnum,
1234 5121 1270 5190 in
1298 5141 1365 5210 qua
1392 5125 1474 5191 sunt
1510 5121 1660 5210 quinque
1688 5121 1781 5193 lanei
1848 5152 1875 5192 ·.

230 5239 472 5330 cmethcnales‚
499 5240 542 5312 de
569 5241 694 5330 quibus
721 5240 869 5311 solvitur
896 5239 1029 5312 decima
1056 5241 1282 5332 maniprdaris
1309 5247 1346 5312 et
1371 5262 1435 5331 per
1462 5245 1611 5332 quatuor
1636 5242 1777 5333 ierugas

231 5360 405 5451 canapalis
433 5361 582 5435 vicariae
608 5359 786 5455 praefatae
812 5359 1044 5460 avalonensi,
1081 5367 1117 5441 et
1143 5361 1273 5441 ducunt
1299 5383 1375 5440 eam
1404 5363 1604 5441 cmethones
1630 5363 1790 5456 propriis
