4050 6054
1705 483 1779 557 607

232 683 389 781 plenarie
414 685 602 779 pertinens,
629 686 727 760 iuxta
752 685 874 761 dumos
900 686 1146 779 Dunayeez
1172 689 1210 758 et
1234 685 1412 779 Byalya
1438 686 1515 778 sita,
1541 688 1577 759 in
1604 710 1674 778 qua
1700 696 1782 769 sunt

234 814 311 883 octo
337 809 429 880 lanei
456 809 697 898 emethonales,
725 815 762 880 et
788 810 934 898 quilibet
959 808 1080 880 laneus
1106 828 1170 897 pro
1197 827 1302 879 censu
1326 828 1440 879 annuo
1460 808 1564 881 solvit
1581 811 1780 899 praeposito

229 950 334 1001 unam
360 948 576 1020 sexagenum,
602 930 687 1001 Item
713 929 861 1020 triginta
888 949 963 1019 ova,
989 929 1073 1000 item
1100 928 1188 999 duos
1213 928 1343 1018 gallos3
1370 929 1452 1000 item
1479 949 1598 1001 caseos
1621 951 1691 1001 uon
1708 931 1779 1003 sol-

230 1051 292 1123 vit
325 1051 414 1123 Item
448 1051 595 1140 quilibet
630 1050 673 1122 de
708 1050 808 1122 laneo
844 1050 949 1123 solvit
984 1049 1070 1121 duas
1096 1069 1276 1121 mensuras
1302 1069 1433 1122 avenae
1459 1071 1640 1122 mensurae
1668 1051 1778 1123 Thar-

231 1172 426 1259 noviensis3
461 1171 543 1242 item
579 1192 648 1244 non
682 1170 844 1243 laborant
879 1171 1013 1260 aliquos
1049 1169 1123 1242 dies
1158 1170 1195 1240 in
1221 1169 1430 1261 septimana,
1457 1171 1568 1243 solum
1595 1172 1630 1242 in
1658 1171 1780 1245 diebus

231 1292 353 1365 messis
379 1291 466 1363 duos
493 1290 536 1362 de
563 1293 717 1381 quolibet
743 1292 855 1381 laneo,
882 1298 919 1363 et
945 1291 1105 1381 inquilini
1131 1310 1234 1361 unam
1260 1289 1382 1363 falcem
1408 1293 1552 1363 mittunt
1578 1291 1622 1363 ad
1649 1298 1780 1364 meten-

232 1410 313 1483 dum
338 1410 512 1485 frumenta
537 1412 728 1501 praepositi
754 1412 790 1482 ln
818 1411 1049 1483 Tharnow.
1079 1411 1166 1483 Item
1202 1416 1285 1481 sunt
1318 1410 1355 1481 in
1391 1411 1511 1483 eadem
1545 1411 1630 1483 villa
1654 1406 1780 1504 'sylvae

233 1532 436 1623 quercinae,
463 1552 550 1622 quae
577 1533 714 1622 quoties
740 1532 935 1622 producunt
959 1531 1113 1621 glandes,
1139 1531 1246 1603 toties
1273 1532 1472 1603 emethoues
1498 1538 1661 1603 tenentur
1687 1553 1781 1605 scro-

231 1653 319 1745 phas
347 1652 540 1744 praepositi
568 1651 837 1724 Tharnoviensir
864 1671 1005 1753 pascere
1042 1657 1077 1722 et
1103 1650 1279 1723 custodire
1313 1652 1351 1722 in
1381 1651 1488 1742 sylvis
1514 1651 1681 1741 praelatis
1709 1654 1781 1725 suis

231 1773 400 1859 custodiis
432 1779 468 1844 et
495 1773 675 1863 expensis;
701 1775 785 1844 item
809 1793 878 1844 non
905 1772 1021 1844 estin
1047 1770 1168 1843 eadem
1195 1771 1279 1844 villa
1306 1771 1446 1863 aliquod
1472 1772 1652 1862 praedium
1677 1794 1779 1863 prae-

231 1894 347 1984 positi.
380 1893 469 1965 Item
505 1896 560 1965 est
589 1893 625 1963 in
651 1891 770 1963 eadem
796 1892 881 1963 villa
911 1892 1144 1964 molendinum
1171 1891 1206 1962 in
1233 1890 1372 1963 flumine
1397 1890 1660 1984 Dunayecz,
1688 1894 1781 1983 quod

232 2014 338 2086 solvit
372 2034 572 2102 mensuras3
608 2014 691 2084 item
726 2013 762 2084 in
798 2012 918 2084 eadem
954 2013 1037 2085 villa
1072 2017 1126 2083 est
1151 2012 1299 2084 taberna
1333 2012 1464 2084 habens
1500 2013 1633 2103 aliquos
1668 2035 1781 2105 agros,

232 2155 320 2223 quae
345 2154 409 2224 pro
437 2154 542 2205 censu
568 2154 682 2206 annuo
711 2133 820 2204 solvit·
840 2133 1103 2223 praepositurae
1127 2132 1378 2204 Tharnoviensi
1395 2153 1499 2204 unam
1516 2154 1668 2206 marcam
1688 2155 1780 2207 com-

232 2255 346 2339 munis
363 2254 545 2344 pecuniam
572 2255 656 2325 item
682 2275 751 2325 non
777 2252 862 2325 iacit
889 2254 1024 2343 aliquos
1045 2253 1193 2324 labores.
1219 2253 1307 2323 Item
1335 2251 1468 2324 decima
1493 2254 1718 2345 manipularis
1743 2255 1780 2328 iu

232 2373 389 2463 praefata
414 2374 497 2446 villa
522 2379 604 2464 post
630 2394 747 2446 omnes
774 2395 877 2464 agros
900 2374 1047 2445 soluitur
1064 2372 1229 2444 ecelesiae
1252 2373 1443 2463 parochiali
1469 2373 1505 2445 in
1533 2371 1669 2465 Gora,
1696 2376 1780 2447 item

232 2494 335 2566 villae
361 2494 513 2566 eiusdem
530 2494 915 2582 medietatemcontulit
932 2495 1195 2584 praepositurae
1214 2493 1464 2566 ThamovIeusi
1491 2549 1499 2565 .
1526 2548 1534 2564 .
1561 2548 1588 2584 .,
1614 2501 1650 2566 et
1677 2496 1780 2568 aliam

231 2615 450 2689 medietatem
476 2635 539 2705 pro
559 2621 655 2687 certa
673 2635 807 2687 summa
823 2615 989 2704 pecuniae
1012 2613 1179 2704 vendidit,
1196 2614 1333 2685 ratione
1351 2615 1448 2685 cuius
1466 2615 1663 2687 donationis
1680 2636 1780 2705 prae-

230 2736 366 2825 positus
393 2734 661 2807 Tharnoviensis
687 2739 827 2806 tenetur
851 2754 916 2824 per
942 2755 989 2824 se,
1016 2740 1077 2805 aut
1103 2733 1208 2805 alium
1235 2734 1380 2823 singulis
1407 2732 1503 2805 feriis
1530 2735 1689 2807 secundis
1713 2756 1779 2825 pro
1816 2779 1826 2797 ο

232 2854 384 2927 remedio
411 2854 546 2926 ammae
572 2859 609 2927 et
635 2874 776 2926 suorum
802 2854 1063 2945 progenitorum
1089 2853 1206 2944 legere
1233 2873 1336 2924 unam
1363 2854 1505 2925 missam
1532 2853 1780 2928 defunctorum.

332 2976 421 3047 Item
447 2975 532 3047 villa
558 2975 709 3047 confluat
734 2994 812 3047 oum
838 2971 967 3064 Gora,
995 2973 1294 3062 Swirczkow,
1320 2975 1402 3045 item
1430 2995 1507 3045 eum
1536 2975 1631 3066 angs
1657 2976 1781 3049 subur-

229 3095 397 3168 banomm
424 3100 460 3167 et
486 3094 735 3185 oppidanorum
763 3093 995 3183 Tharnow,
1023 3100 1161 3165 etcum
1188 3094 1281 3184 agris
1299 3093 1403 3165 villae
1428 3093 1728 3188 Kostczycze.

334 3215 536 3289 Tusanow.
570 3217 658 3288 Item
694 3216 731 3286 in
765 3215 932 3286 suburbio
965 3213 1114 3305 praefati
1141 3213 1260 3305 oppidi
1288 3213 1513 3286 Tharnow
1539 3215 1645 3287 hahet
1671 3237 1773 3305 prae·

229 3337 388 3427 posItura
413 3337 520 3409 alium
544 3335 695 3425 fundum,
723 3335 902 3425 praedium
928 3333 1092 3407 videlieet
1118 3334 1300 3423 optimum,
1328 3334 1372 3405 ad
1398 3354 1504 3406 unum
1530 3356 1608 3407 eum
1635 3335 1778 3408 dimidio

230 3457 349 3529 laneos
366 3457 597 3529 Franconicos
615 3457 844 3545 aestimatum,
872 3454 948 3525 eius
974 3454 1051 3545 agri
1077 3474 1099 3525 a
1124 3454 1216 3525 vallo
1243 3474 1305 3526 seu
1322 3452 1453 3524 fossato
1471 3454 1624 3526 civitatis
1643 3454 1780 3537 Thar-

229 3599 335 3668 now,
361 3598 483 3649 versus
509 3577 625 3649 villam
651 3575 828 3667 Kreysz
853 3575 1073 3665 progressive
1091 3574 1289 3664 tenduntur,
1310 3574 1538 3646 consistentes
1557 3576 1648 3647 inter
1665 3597 1779 3667 agros,

230 3698 374 3789 praedia
398 3702 434 3770 et
461 3717 560 3768 areas
586 3695 810 3767 Michaelis
828 3715 872 3767 ex
890 3714 969 3784 una,
987 3698 1024 3767 et
1040 3694 1277 3767 Herborth
1304 3695 1462 3784 partibus
1481 3696 1525 3768 ab
1543 3695 1664 3786 altera,
1683 3697 1780 3786 oppi-

230 3817 397 3891 danorum
425 3818 742 3905 Tharnoviensium,
769 3815 813 3888 de
839 3815 963 3907 quibus
989 3814 1128 3905 quidem
1146 3816 1241 3905 agris
1259 3816 1344 3887 ntuli
1362 3815 1467 3887 solvit
1485 3814 1652 3887 decimam
1669 3817 1779 3889 mani·

229 3937 404 4029 putarem,
430 3937 492 4009 sed
527 3958 604 4008 eam
629 3957 693 4027 pro
720 3956 757 4007 se
784 3936 877 4008 tollit
904 3941 941 4007 et
966 3937 1002 4007 in
1028 3937 1192 4007 horreum
1219 3957 1319 4007 suum
1346 3934 1489 4006 inducit.
1528 3934 1647 4009 Habet
1673 3937 1778 4008 etiam

229 4057 323 4131 eirea
355 4057 553 4131 huiusmodi
586 4057 766 4147 praedium
800 4062 903 4146 prata
936 4056 1043 4146 bona,
1069 4057 1155 4128 item
1190 4056 1310 4128 hortos
1336 4055 1484 4146 liberos,
1512 4055 1594 4128 item
1621 4057 1779 4147 pomeria

231 4178 370 4270 optima
1023 4160 1029 4169 ’

331 4298 493 4373 Psscun.
532 4298 646 4370 Erant
681 4297 852 4388 quondam
888 4317 1017 4388 pascua
1051 4295 1170 4388 oppidi
1205 4295 1474 4370 Thamoriensis
1510 4298 1610 4371 iuxta
1635 4295 1777 4371 fluvium

230 4416 261 4489 B
268 4417 385 4509 yala,
412 4419 560 4491 ethaeo
586 4418 778 4490 communia
803 4400 987 4507 habebant
1014 4423 1051 4488 et
1077 4436 1291 4489 communem
1317 4416 1455 4490 illorum
1482 4418 1647 4509 oppidani
1667 4417 1777 4490 Thar-

229 4538 412 4613 novienses
437 4539 614 4612 habebant
638 4559 757 4627 usum3
783 4544 907 4628 expost
933 4557 1016 4609 vero
1043 4535 1223 4627 oppidanis
1251 4535 1542 4610 Tamoviensibus
1569 4538 1605 4609 in
1623 4538 1779 4628 privatas

228 4660 465 4749 possessiones
491 4666 528 4731 et
553 4679 657 4749 agros
683 4659 869 4731 distributa
894 4660 1030 4729 suntet
1048 4657 1083 4728 in
1101 4662 1305 4747 perpetuam
1322 4659 1576 4747 possessionem
1593 4659 1796 4750 assignata„

229 4779 415 4871 dequibus
432 4799 612 4869 possessor
637 4778 760 4850 haeres
787 4777 1069 4873 Tarnawsky
1095 4777 1200 4851 solvit
1224 4775 1391 4849 decimam
1408 4778 1658 4868 manipularem
1674 4798 1776 4871 prae·

227 4900 406 4991 positurae
432 4898 667 4988 Tarnoviensi,
693 4905 731 4970 et
755 4897 908 4989 propriis
934 4896 1092 4969 cmribus
1119 4896 1248 4969 ducunt
1273 4917 1349 4969 eam
1375 4898 1412 4969 in
1438 4898 1601 4971 horreum
1627 4918 1650 4970 a
1674 4918 1777 4989 prae-

228 5020 343 5110 posito
382 5019 576 5093 locandum
603 5025 641 5091 et
680 5017 778 5091 valor
818 5019 892 5090 eius
928 5019 1148 5090 aestimatur·
1167 5018 1211 5089 ad
1246 5023 1324 5091 octo
1358 5038 1512 5107 mareas;
1547 5019 1623 5109 agri
1660 5025 1779 5093 autem
1860 5037 1862 5040 ’

227 5139 424 5213 huiusmodi
450 5139 679 5211 aestimantur
707 5139 751 5210 ad
777 5158 958 5210 numerum
985 5139 1136 5228 quinque
1162 5137 1351 5210 laneorum.
1568 5222 1571 5227 ⁸

331 5259 577 5332 Suburbium
602 5266 817 5350 utrumque
844 5258 1161 5330 Tharuoviense.
1196 5257 1237 5329 In
1263 5262 1410 5363 utroque
1436 5258 1602 5332 suburbio
1620 5257 1778 5332 Tharne·
