4050 6054
683 793 902 898 Hospitale
934 792 1225 901 Wisliciense.

280 1029 453 1101 Fundatio
481 1029 697 1101 Visliciensis
724 1029 907 1119 hospitalis
924 1030 1126 1120 primariam
1145 1050 1243 1101 suam
1261 1031 1429 1120 originem
1447 1034 1561 1123 coepit
1579 1055 1600 1105 a
1617 1034 1722 1107 biduo

177 1151 261 1222 viris
288 1150 534 1240 spectabilibus
561 1155 598 1220 et
623 1149 806 1240 religiosis,
833 1149 857 1220 J
867 1150 1009 1223 acobo
1037 1149 1198 1222 videlicet
1229 1150 1272 1222 de
1298 1150 1477 1242 Zabow,
1505 1153 1723 1227 decretorum

177 1270 257 1341 Dre.
285 1270 449 1340 canonico
468 1267 697 1359 cracoviensi,
724 1270 832 1341 nobili
855 1269 898 1341 de
925 1270 1027 1343 domo
1039 1324 1162 1361 ......
1188 1270 1354 1341 molarem
1381 1270 1530 1361 lapidem
1548 1274 1584 1344 iu
1602 1295 1723 1366 campo

131 1474 134 1479 y
177 1390 364 1462 coelestino
399 1410 463 1480 pro
489 1391 618 1480 insigni
645 1389 894 1481 deferentium,
929 1396 965 1461 et
990 1391 1156 1481 magistro
1183 1390 1343 1462 Johanne
1370 1389 1653 1486 Oszkowsky
1679 1395 1722 1468 de

175 1512 345 1600 Dobra‚
372 1511 560 1582 medicinae
586 1511 667 1601 Dre,
695 1511 755 1601 qui
781 1512 1030 1584 miserabilium
1056 1531 1291 1601 personarum,
1318 1513 1355 1582 in
1374 1514 1500 1604 oppido
1523 1514 1723 1588 Visliciensi

176 1631 382 1722 degentium,
410 1630 599 1703 conditioni
626 1632 805 1723 compassi,
832 1632 1005 1723 hospitale
1032 1630 1117 1702 illud
1144 1653 1174 1702 a
1190 1631 1234 1703 D.
1266 1635 1312 1703 14
1428 1633 1472 1705 de
1498 1633 1721 1708 facultatibus
1860 1727 1863 1731 ,

176 1752 249 1823 suis
275 1753 366 1824 inste
394 1751 583 1842 acquisitis,
609 1752 674 1824 sub
701 1752 906 1843 pontificatu
931 1751 1127 1843 Sbignei
1154 1752 1196 1824 do
1223 1750 1507 1824 Oleschnica
1533 1756 1720 1828 cardinalis
1776 1761 1779 1765 ’

175 1879 213 1944 et
238 1873 392 1963 episcopi
417 1870 666 1962 cracoviensis
692 1871 892 1964 bandarunt,
910 1877 947 1945 et
964 1874 1130 1964 coemptis
1157 1872 1362 1965 quibusdam
1381 1875 1617 1967 proventibus,
1635 1897 1721 1968 qnos
1763 1876 1765 1881 ’

175 1993 319 2066 inferius
345 1992 585 2064 annotabimus
612 1992 788 2082 dotarunt,
815 1998 1012 2079 statuentes
1028 1998 1074 2064 et
1099 1994 1266 2083 volentes,
1295 1999 1336 2064 ut
1361 1993 1511 2084 praefati
1537 1998 1721 2088 hospitalis
1789 2034 1792 2041 ‹

175 2115 328 2206 regimen
356 2119 392 2185 et
417 2114 624 2204 gubernatio
652 2113 744 2204 apud
772 2115 930 2186 consules
956 2114 1181 2186 Vislicienses
1208 2119 1375 2205 perpetuo
1403 2117 1617 2189 consisteret.
1735 2095 1736 2098 Ἴ

278 2234 512 2325 Sznnnvacz,
538 2234 621 2306 villa
647 2234 711 2306 sub
737 2235 904 2326 parochia
930 2234 1095 2306 ecclesiae
1121 2234 1340 2306 Visliciensis
1368 2236 1588 2328 collegiatae,
1615 2242 1651 2309 et
1677 2237 1721 2309 ad
1785 2259 1788 2262 ·

172 2356 302 2427 fluenta
327 2354 422 2425 fluvii
450 2353 568 2426 Nida
593 2356 677 2445 sita,
714 2356 811 2429 cuius
846 2355 1045 2445 proprietas
1079 2376 1142 2445 pro
1169 2355 1293 2426 maiori
1320 2361 1421 2446 parte
1457 2356 1502 2428 ad
1528 2359 1720 2429 cantoriam

175 2476 413 2548 Visliciensem
441 2475 613 2564 pertinet;
648 2476 717 2546 alia
742 2496 827 2548 vero
854 2475 1021 2546 medietas
1057 2475 1170 2546 minor
1201 2475 1246 2546 ad
1274 2477 1531 2549 serenissimum
1557 2477 1721 2550 Poloniae

174 2617 291 2687 regem
326 2596 487 2687 pertinet
531 2595 572 2665 In
598 2615 640 2666 ea
675 2597 792 2686 itaque
827 2595 942 2666 media
977 2601 1077 2686 parte
1111 2596 1205 2686 regis
1240 2596 1344 2667 villae
1380 2596 1632 2690 Szedlyecz
1668 2603 1721 2670 est

104 2814 107 2823 Δ
175 2718 355 2808 praedium
389 2716 527 2787 Pauli
563 2717 691 2787 notarii
718 2715 871 2788 civitatis
897 2715 1132 2809 Visliciensis,
1168 2717 1305 2789 intres
1337 2738 1475 2809 campos
1508 2719 1720 2808 distinctum,
1799 2746 1802 2751 ·

146 2822 305 2910 ‘habens
331 2843 434 2928 pratu
460 2835 633 2927 specialia,
662 2835 822 2907 censuale
848 2837 932 2927 regi,
959 2841 997 2907 et
1014 2836 1106 2926 quod
1124 2858 1187 2927 pro
1206 2859 1312 2909 censu
1339 2838 1434 2928 regio
1453 2858 1566 2911 annuo
1586 2840 1720 2911 solvere

99 3030 103 3042 ,
173 2964 312 3030 tenetur
339 2962 416 3029 octo
444 2962 575 3029 scottos
610 2957 776 3048 pecuniae
804 2957 1010 3047 communis,
1037 2963 1075 3028 et
1101 2957 1198 3029 cuius
1233 2957 1372 3047 quidem
1407 2958 1541 3049 praedii
1573 2959 1648 3048 agri
1675 2958 1720 3030 ad

172 3081 259 3152 duos
284 3079 404 3151 laneos
430 3078 667 3150 aestimantur.
711 3077 788 3150 Hoc
813 3079 932 3169 itaque
959 3078 1139 3176 praedium
1165 3079 1200 3148 in
1227 3078 1312 3149 villa
1342 3051 1616 3170 Syedlyecz,
1651 3079 1719 3151 duo

173 3199 322 3291 praelati
358 3199 518 3271 doctores
543 3199 696 3271 lacobus
727 3199 1038 3289 Zaborovvsky
1074 3205 1110 3270 ct
1136 3198 1313 3270 lohannes
1340 3197 1621 3289 Oszkowsky
1655 3221 1719 3290 pro

174 3322 437 3413 quadringentis
472 3320 598 3392 marcis
633 3319 784 3391 latorum
817 3340 1018 3409 grossorum
1054 3319 1281 3409 Prageusium
1316 3318 1505 3391 aPaulo
1541 3320 1719 3410 praedicto

173 3444 310 3519 notario
337 3442 553 3514 Visliciensis
580 3440 733 3512 civitatis
760 3440 907 3529 pecunia
932 3439 1104 3511 affectuali
1122 3444 1158 3510 et
1175 3444 1358 3512 numerata
1375 3447 1621 3531 comparatum,
1639 3441 1720 3510 hos-

173 3565 273 3655 pitali
299 3562 496 3634 Visliciensi
524 3561 711 3634 donatione
737 3566 906 3651 perpetua
932 3561 1220 3652 appropriarunt‚
1256 3567 1472 3633 annexerunt
1498 3566 1534 3633 et
1562 3561 1720 3650 incorpo-

173 3690 349 3774 raverunt,
377 3683 469 3773 quod
495 3704 517 3755 a
542 3682 741 3755 consulibus
769 3680 1033 3753 Visliciensibus
1060 3685 1097 3752 et
1121 3682 1318 3753 rectoribus
1335 3680 1600 3753 Visliciensibus
1619 3702 1719 3753 aren-

172 3806 309 3895 datum,
338 3804 443 3883 solvit
468 3825 533 3894 pro
559 3824 673 3874 annno
710 3820 816 3877 censu
842 3802 1007 3893 hospitali
1035 3801 1247 3874 Wisliciensi
1284 3806 1432 3891 quatuor
1467 3819 1602 3872 marcas
1630 3822 1720 3872 com-

173 3947 303 4016 munes,
329 3947 394 4016 pro
421 3946 503 4016 rege
527 3944 610 3996 vero
628 3943 735 3995 censu
761 3923 855 3995 ultra
880 3923 947 3995 boc
973 3923 1078 3996 solvit
1104 3927 1181 3993 octo
1201 3926 1341 3993 scottos.
1368 3922 1456 3994 Item
1484 3921 1526 3993 de
1554 3920 1720 4011 praelatis

172 4049 266 4138 agris
292 4046 526 4139 praedialibus
552 4045 737 4136 hospitalis
764 4043 914 4116 solvitur
929 4043 1062 4115 decima
1080 4042 1315 4133 manipularis
1334 4047 1369 4113 et
1386 4041 1429 4113 de
1449 4043 1604 4133 quolibet
1620 4042 1732 4114 laneo

172 4190 235 4260 per
262 4175 411 4259 quatuor
436 4168 575 4257 ierugas
602 4165 776 4257 canapalis
804 4165 980 4236 cantoriae
1007 4164 1219 4254 Visliciensi,
1247 4169 1282 4235 et
1308 4169 1449 4235 tenetur
1476 4184 1552 4234 eam
1578 4163 1719 4235 colonus

171 4290 306 4380 praedii
332 4289 474 4380 proprio
500 4308 606 4359 curru
632 4286 757 4357 ducere
783 4286 820 4355 in
846 4286 1010 4357 horreum
1038 4285 1191 4356 cantoris
1218 4285 1254 4355 in
1281 4283 1580 4376 Sayedlyecz.

276 4409 480 4482 Macella
506 4407 803 4496 carnificum,
838 4406 1034 4478 macella
1061 4412 1269 4478 sutorum
1296 4406 1340 4476 in
1366 4404 1591 4475 Wislicia.
1635 4403 1720 4474 Pcr-

172 4531 308 4602 tinebat
333 4537 449 4603 autem
475 4530 619 4603 macella
644 4527 844 4600 huiusmodi
868 4527 914 4599 ad
940 4527 1155 4600 advocatiam
1173 4525 1414 4597 Visliciensem
1440 4525 1515 4595 iure
1541 4530 1720 4615 perpetuo,

173 4657 209 4724 et
229 4652 374 4723 macella
405 4652 543 4743 quidem
569 4649 767 4724 carnificum
795 4649 977 4721 solvebant
1002 4668 1065 4739 pro
1094 4668 1209 4718 annuo
1236 4668 1342 4718 censu
1373 4667 1433 4717 sex
1465 4666 1601 4716 marcas
1628 4665 1720 4716 com-

173 4773 285 4844 munis
304 4772 469 4863 pecuniae
488 4772 689 4846 advocatiae
707 4769 916 4862 Visliciensi,
943 4768 1087 4841 macella
1112 4789 1196 4840 vero
1223 4773 1381 4840 sutorum
1408 4765 1589 4838 solvebant
1615 4765 1719 4837 etiam

173 4893 283 4965 eidem
312 4892 514 4964 advocatiae
550 4913 654 4964 unam
681 4911 832 4962 marcam
868 4889 1056 4963 communis
1092 4889 1281 4979 pecuniae·
1299 4887 1401 4958 Hunc
1435 4887 1553 4975 itaque
1580 4905 1718 4956 censum

173 5020 305 5104 septem
331 5033 535 5109 marcarum,
560 5013 596 5083 in
624 5012 781 5103 utrisque
808 5011 975 5101 macellis,
1002 5010 1179 5101 praelatus
1205 5008 1371 5098 magister
1396 5006 1549 5079 lacobus
1577 5004 1619 5076 de
1645 5004 1719 5074 Za-

172 5137 326 5208 borov
358 5136 576 5207 decretorum
603 5133 724 5206 doctor
751 5133 935 5206 canonicus
962 5130 1218 5220 cracoviensis,
1254 5130 1297 5201 ab
1324 5129 1514 5198 lmramo
1550 5125 1718 5198 advocato

172 5256 370 5328 Visliciensi
396 5277 460 5346 pro
486 5255 653 5328 trecentis
680 5253 806 5326 marcis
832 5253 982 5326 latorum
1005 5270 1206 5342 grossorum
1224 5248 1463 5339 Pragensium,
1491 5247 1574 5318 data
1599 5245 1719 5318 vendi-

171 5377 241 5458 tori
267 5376 438 5458 effectui
464 5381 501 5458 et
525 5379 706 5454 numerata
731 5375 878 5474 pecunia
903 5360 1125 5471 comparavit,
1149 5376 1186 5442 et
1202 5369 1392 5467 resignatio
1420 5389 1543 5486 census
1569 5366 1718 5465 praefati
