4050 6054
1668 447 1779 528 ‘1e1
1847 423 1850 431 '

231 663 395 739 horream
421 684 444 735 a
468 663 621 753 capitulo
647 662 840 751 locandum,
866 666 903 733 et
928 661 1027 735 valor
1053 660 1128 732 eius
1156 660 1359 734 aestimatur
1381 659 1426 731 ad
1444 654 1783 751 viginunnaa'mar·

232 806 300 857 cas.
327 786 415 857 Item
441 783 598 873 taberna,
625 783 709 856 item
735 782 922 871 hortaalani,
949 783 1033 853 item
1060 760 1274 871 praedium„¹
1405 823 1411 835 =

335 903 602 993 Gmnununow,
629 905 713 978 villa
738 904 802 976 sub
829 903 996 995 parochia
1021 902 1185 974 eeclesiae
1212 901 1331 992 oppidi
1358 900 1544 975 Xanseh
1569 902 1658 992 sita,
1684 902 1784 975 cuius

231 1029 355 1103 haeres
381 1025 559 1099 dohannes
587 1023 996 1115 Giebolthowsky‚
1023 1003 1149 1096 nobilis
1175 1022 1220 1096 de
1246 1021 1352 1095 armis
1378 1022 1627 1126 vulpium„
1645 1023 1687 1095 In
1713 1044 1784 1117 qua

233 1153 314 1224 sunt
340 1147 433 1223 lanei
459 1147 712 1236 emethonales,
739 1145 783 1218 de
819 1145 944 1238 quibus
971 1144 1130 1217 omnibus
1156 1126 1463 1219 solvitur‘decima
1486 1142 1723 1235 manipularis,
1748 1148 1786 1218 et

143 1276 165 1352 ἧ
233 1290 297 1362 per
323 1274 471 1362 quatuor
497 1269 636 1359 ierugas
662 1267 847 1360 canapalis,
874 1264 1025 1358 capitulo
1052 1263 1358 1355 Oracoviensi,.et
1384 1268 1554 1340 tenentur·
1572 1265 1668 1338 illam
1693 1282 1785 1337 eme·

236 1392 362 1465 thones
388 1391 540 1483 propriis
566 1390 728 1463 curribus
764 1389 890 1462 ducere
920 1388 957 1459 in
983 1386 1149 1459 horreum
1175 1406 1196 1457 a
1222 1385 1373 1477 capitulo
1400 1385 1598 1476 locandum,
1624 1390 1672 1458 et
1685 1385 1786 1460 valor

233 1514 309 1586 eius
335 1515 540 1586 aestimatur
566 1513 612 1587 ad
637 1512 756 1587 decem
782 1529 926 1585 mareas.
951 1508 1039 1587 lton
1064 1507 1258 1586 abersee.
1284 1561 1293 1579 .
1319 1560 1328 1582 .
1355 1561 1365 1581 .
1389 1508 1475 1585 itan
1500 1507 1677 1604 hertulspi
1703 1560 1715 1580 .
1739 1560 1749 1580 .
1775 1560 1783 1579 .

234 1636 318 1709 item
345 1633 534 1728 praedium.
717 1615 719 1620 ’

338 1757 530 1847 Boszczm,
556 1756 641 1828 villa
666 1757 731 1829 sub
757 1753 925 1847 parochia
951 1752 1118 1825 ecclesiae
1144 1750 1439 1825 Scarbimiriensis
1466 1752 1552 1842 sita,
1578 1750 1677 1825 cuius
1704 1771 1784 1844 pro·

233 1879 366 1970 prietas
402 1882 438 1948 et
474 1877 662 1951 dominium
698 1876 851 1966 pertinet
885 1874 932 1949 ad
957 1873 1116 1946 dodones
1143 1880 1179 1947 et
1204 1875 1392 1965 magistros
1419 1873 1555 1964 collegii
1582 1874 1785 1948 artistarum

236 1997 340 2071 studii
368 1997 619 2086 Oracoriensis,
645 2016 748 2088 quam
775 1994 996 2070 donavit‘eis
1022 1995 1237 2086 Beatrix,
1263 1984 1386 2069 relicta
1410 1977 1662 2084 Demetrii,
1677 1996 1787 2086 *mgni

236 2120 403 2192 Poloniae
429 2117 724 2191 ricethesaurarii.
751 2117 791 2190 [n
818 2138 886 2209 qna
912 2122 995 2190 sunt
1021 2121 1154 2208 septam
1181 2137 1258 2189 cum
1285 2115 1399 2219 medio
1425 2115 1517 2187 lanei
1542 2114 1788 2205 mathonales,

236 2243 319 2315 item
346 2240 437 2314 duae
467 2237 685 2313 hortulaniae
712 2244 749 2311 et
774 2259 844 2310 una
869 2239 1034 2327 abemra,
1059 2236 1230 2309 habentes
1255 2254 1379 2329 agros}
1405 2236 1449 2309 de
1476 2236 1602 2329 quibus
1627 2216 1795 2309 omnibus

235 2361 383 2435 solvitur
409 2360 543 2434 decima
567 2360 802 2451 manipularis,
828 2364 866 2431 et
891 2378 955 2449 per
981 2363 1130 2449 quatuor
1155 2358 1296 2448 ierugas
1321 2357 1507 2449 canapalis,
1534 2357 1686 2448 capitulo
1703 2355 1788 2429 Gra·

236 2483 397 2571 ausiensi,
424 2486 460 2552 et
485 2486 650 2553 tenentur
675 2501 752 2552 eam
779 2480 977 2553 emethones
1002 2462 1155 2571 propriis
1181 2479 1341 2553 curribus
1367 2477 1494 2550 ducere
1520 2477 1557 2550 in
1583 2477 1787 2550 horreuma

237 2602 387 2692 capitulo
413 2601 603 2692 locandum,
622 2605 660 2675 et
676 2600 776 2674 valor
803 2601 879 2676 eius
903 2600 1109 2677 aestimatur
1135 2599 1180 2673 ad
1197 2599 1315 2674 decem
1324 2618 1482 2689 :aureas
1508 2598 1595 2676 lton
1613 2599 1788 2693 aterum,

236 2723 319 2796 item
344 2722 530 2814 hortulani,
556 2722 639 2797 item
665 2707 857 2816 praedium.
933 2768 938 2777 -
972 2748 982 2765 ·
1508 2715 1533 2797 .'
1563 2776 1568 2783 .

339 2843 545 2935 Quassus,
571 2843 656 2919 villa
682 2844 747 2917 sub
772 2845 939 2935 parochia
962 2844 1130 2918 ecclesias
1155 2844 1199 2917 de
1225 2845 1523 2918 Dzerzaszna
1545 2845 1625 2919 sita
1651 2844 1693 2917 In
1718 2854 1789 2938 dua
1905 2872 1908 2879 ·

235 2966 455 3058 episcopatus
482 2964 722 3067 Oracoviensis
748 2966 855 3038 habet
880 2965 968 3039 duos
994 2967 1114 3040 loneos
1139 2966 1383 3057 amthonales,
1401 2986 1466 3083 pap
1492 2987 1556 3039 sno
1582 2966 1734 3039 dominio
1750 2970 1788 3040 et

236 3087 462 3180 proprietate.
502 3087 596 3160 Item
611 3087 869 3179 spraepositura
902 3070 1213 3178 Scarbimiriedsis,
1239 3087 1347 3160 habet
1381 3087 1430 3160 ibi
1464 3091 1537 3162 tres
1572 3106 1649 3161 eum
1676 3086 1789 3162 medie

235 3209 356 3280 laneos
390 3208 644 3299 emethnnalca3
669 3210 755 3282 item
790 3209 950 3282 custodis
983 3208 1279 3283 Scarbimiriensis
1304 3208 1418 3309 lnalpet¹
1437 3208 1525 3281 duos
1550 3208 1670 3282 laneos
1696 3228 1787 3280 eme-

236 3329 405 3418 tennala,
432 3333 469 3400 et
495 3328 539 3402 de
565 3331 724 3402 omnibus
751 3330 949 3402 huiusmodi
974 3334 1109 3420 septem
1136 3348 1215 3401 cnm
1239 3327 1355 3401 medio
1382 3308 1675 3420 idaeis„episcopi
1692 3327 1790 3401 vide·

194 3448 197 3453 ’
236 3451 335 3538 licet,
360 3451 552 3541 praepositi
588 3456 625 3522 et
659 3450 831 3539 custodis,
858 3448 1006 3523 solvitur
1040 3449 1174 3523 decime
1208 3448 1452 3540 manipularis,
1477 3453 1517 3521 et
1549 3469 1613 3538 per
1639 3453 1790 3540 quatuor

236 3572 374 3663 ierngus
400 3572 588 3662 canapalis,
614 3570 767 3660 capitulo
794 3569 1036 3683 cracoviensi,
1061 3572 1287 3643 ebtamntur
1310 3569 1406 3641 illam
1432 3569 1632 3643 emethones
1660 3569 1786 3643 ducere

100 3776 117 3803 ‚.
236 3692 273 3763 in
299 3690 464 3765 homerum
490 3712 512 3763 a
537 3691 689 3781 capitulo
715 3690 907 3780 locandum,
933 3695 970 3762 et
995 3690 1095 3763 valor
1121 3690 1198 3764 eins
1222 3690 1429 3762 aestimatur
1454 3691 1499 3762 ad
1517 3690 1708 3781 duodecim,
1726 3691 1789 3762 ali-

108 3810 114 3825 ‘
237 3813 376 3905 quando
401 3812 447 3885 ad
474 3811 736 3904 quatuordecim
762 3831 907 3883 marcas.
943 3811 1032 3883 Item
1058 3811 1202 3883 suntin
1227 3809 1350 3883 eadm
1375 3809 1610 3904 hortulaniae,
1636 3813 1682 3884 ad
1708 3794 1790 3903 pre·

216 3926 423 4025 ‘mntem
458 3939 494 4006 et
519 3932 708 4007 dominium
742 3933 1006 4024 praepositurae
1039 3912 1335 4007 soatimiriamis
1361 3933 1594 4025 pertinentes,
1620 3935 1788 4009 habentes

236 4060 352 4146 αξη,
367 4055 422 4129 »de
449 4055 573 4147 quibus
600 4053 740 4128 solmunt
765 4053 932 4126 decimam
958 4055 1208 4143 manipularem
1227 4055 1380 4146 capitulo
1399 4055 1621 4129 cracoviensi
1638 4058 1675 4129 in
1691 4055 1789 4153 porei-

235 4166 378 4247 stamar:
405 4177 489 4248 item
516 4197 586 4248 non
613 4180 668 4247 est
693 4175 729 4246 in
756 4176 876 4248 eadem
902 4176 987 4247 villa
1012 4175 1193 4266 praedium
1221 4176 1373 4268 aliquod,
1399 4197 1511 4270 neque
1537 4180 1712 4252 tabernae

314 4295 627 4386 ·l1ssszow1czn,
652 4297 738 4369 villa
764 4297 829 4370 sub
865 4297 1032 4388 parochia
1057 4299 1223 4369 ecelesiae
1249 4298 1293 4370 de
1319 4296 1615 4372 Luborsieza
1639 4303 1726 4392 sita,
1752 4303 1794 4373 in

237 4439 307 4509 qua
332 4418 550 4509 episcopatus
586 4418 826 4491 (tracoviensis
862 4420 969 4492 habet
994 4424 1148 4510 quatuor
1177 4420 1306 4511 laneos,
1332 4441 1397 4512 pro
1423 4440 1488 4494 sua
1512 4421 1726 4514 proprietate
1752 4426 1789 4493 et

233 4534 396 4612 munio.
422 4539 512 4611 Item
538 4539 629 4611 idem
656 4540 875 4631 episcopatus
902 4539 1144 4615 Graeoviensis
1169 4542 1286 4616 habet
1303 4542 1353 4616 ibi
1379 4544 1700 4636 tabernamunam,
1724 4542 1787 4616 ha-

238 4659 379 4733 tantun
404 4679 519 4751 agros.
586 4744 590 4755 .

341 4780 649 4872 anmsowsezn,
678 4781 762 4854 villa
787 4782 854 4856 sub
879 4783 1046 4874 parochia
1070 4783 1236 4886 ecclesiae
1253 4783 1298 4857 de
1314 4783 1574 4877 Nowagora
1597 4752 1675 4876 sita,
1693 4785 1791 4860 euius
1935 4880 1940 4889 ι

236 4901 365 4974 haeres
387 4900 549 4974 Andreas
574 4901 913 4997 Thanczinsluy,
940 4904 1067 4980 nobilis
1094 4906 1266 4979 dedomo
1293 4907 1615 4998 Bippenninm.
1655 4906 1696 4979 In
1723 4927 1791 5000 qua

240 5029 322 5095 aunt
355 5023 632 5114 quamomcim·
653 5024 746 5096 lanei
781 5026 1032 5117 emethonales,¹
1058 5027 1101 5100 de
1137 5029 1263 5120 quibus
1298 5028 1457 5100 omuibus
1484 5029 1632 5100 solvitur
1657 5029 1792 5101 decima

83 5216 87 5224 ,
235 5144 462 5237 manipularis
488 5151 526 5219 et
549 5165 614 5237 per
640 5152 791 5239 quatuor
815 5148 956 5239 ierugas
982 5149 1167 5240 canapalis,
1194 5148 1346 5240 capitulo
1364 5147 1594 5241 Graeovieusi,
1612 5156 1650 5222 et
1665 5155 1788 5222 tenen-

188 5270 192 5279 '
238 5264 297 5336 tur
322 5282 398 5337 mm
424 5267 803 5489 omwffis
829 5270 990 5343 omn-ibus
1007 5262 1188 5344 ducere'in
1207 5270 1413 5343 nomeuma
1429 5271 1581 5363 capitulo
1598 5271 1790 5365 locandum,

236 5385 539 5499 stranea„
670 5496 673 5501 Ι
756 5336 1864 5593 Μῆωπᾱείἐωιαὴοωιωιψεῳοῆ,
