4050 6054
232 415 308 497 450

230 634 389 721 quartam
414 627 535 699 mellis.
561 625 649 699 Ibem
676 625 712 697 in
739 624 860 698 eadem
887 623 970 698 villa
996 631 1051 698 est
1078 624 1251 716 scoltetus,
1278 625 1338 717 qui
1356 624 1452 698 ultra
1476 622 1596 701 lanas
1631 622 1789 699 anemo·

232 747 332 822 nales'
353 749 461 820 babet
488 747 573 821 duos
598 748 760 838 proprios
786 748 905 820 laneos
931 747 1075 836 liberos,
1111 747 1195 819 item
1222 745 1462 818 molendinum
1487 745 1525 817 in
1552 745 1687 836 piscina
1714 766 1790 817 sco-

231 870 344 942 1001101
370 869 509 959 maiori,
545 869 587 940 de
615 890 683 959 quo
710 869 804 941 solus
831 868 998 940 scoltetus
1025 868 1174 959 percipit
1200 867 1455 958 emolumenta,
1492 867 1577 939 item
1604 867 1789 958 septimam

233 990 414 1062 denarium
440 990 484 1061 de
511 1009 634 1080 censu,
661 990 744 1061 item
770 988 946 1080 obligatur
968 981 1174 1061 scholastico
1202 989 1246 1060 ad
1274 988 1418 1060 seruitia
1444 994 1481 1060 01
1508 986 1553 1060 ad
1578 985 1787 1077 deferendas

233 1111 379 1215 litteras,
407 1112 490 1181 item
518 1109 623 1181 solvit
637 1110 842 1181 scholastico
860 1110 995 1193 ratione
1013 1108 1160 1206 obpedcc
1185 1132 1292 1181 unum
1314 1108 1500 1198 fertonem3
1524 1110 1611 1180 item
1634 1107 1789 1181 cmetho·

234 1253 296 1305 nes
323 1253 392 1304 noa
421 1231 561 1302 solvrmt
587 1228 735 1325 odyedae
761 1235 797 1302 01
823 1232 952 1302 molere
979 1235 1142 1303 tenemur
1169 1231 1205 1302 in
1231 1231 1429 1303 molendino
1456 1231 1604 1321 scolteti,
1629 1231 1716 1302 item
1733 1234 1790 1301 est

234 1355 287 1441 ibi
310 1373 399 1423 uuus
426 1351 632 1425 hortulanus
660 1352 844 1441 scolastici,
871 1351 930 1442 qui
948 1351 1079 1423 ouillum
1099 1371 1247 1444 ,censum
1274 1353 1421 1443 solvens,
1449 1351 1541 1425 diem
1563 1350 1727 1442 pedester
1748 1349 1789 1421 -iu

234 1473 429 1565 septimana
455 1472 602 1543 laborat.
629 1471 717 1542 Item
743 1492 812 1542 non
840 1477 920 1543 sunt
938 1472 987 1544 ibi
1005 1472 1180 1563 tabernae,
1207 1473 1292 1544 item
1318 1493 1437 1544 omues
1465 1472 1542 1563 agri
1568 1471 1790 1543 cmotbouam

234 1602 271 1667 01
290 1593 468 1666 scoltetiae
488 1573 628 1664 solvunt
645 1592 812 1664 decimam
829 1593 1079 1682 manipularem
1106 1593 1332 1665 scholastriae
1349 1593 1554 1683 Kelcziensi,
1572 1598 1610 1677 et
1626 1595 1791 1664 tenemur

235 1737 312 1788 cam
338 1715 472 1787 incolae
498 1713 662 1785 inducere
689 1715 726 1784 in
753 1714 916 1786 horreum
943 1714 1138 1804 scolastici;
1174 1714 1356 1805 canapales
1383 1713 1524 1786 solvunt
1549 1733 1612 1804 per
1638 1717 1791 1804 quatuor

206 1836 209 1841 ’
236 1837 387 1929 icrugaa,
415 1835 513 1907 valor
534 1834 613 1905 eius
641 1834 686 1905 ad
712 1855 774 1907 sex
800 1855 943 1907 marcas.
1609 1824 1614 1829 ⁴

265 1942 434 2063 ...s-fflills
451 1953 609 2046 praefata
626 1955 733 2026 habet
749 1956 1014 2059 granitiescum
1035 1955 1162 2047 oppido
1189 1954 1377 2046 Kelcze,
1404 1960 1441 2026 et
1466 1955 1559 2027 villis
1585 1953 1791 2045 Moycza,

236 2054 609 2183 subdecanum
637 2081 673 2146 et
700 2075 871 2148 Sukow.
1329 2112 1332 2117 >

339 2194 646 2287 Umuauowrczn,
674 2196 756 2267 villa
773 2196 837 2267 sub
856 2196 1022 2286 parochia
1040 2197 1205 2268 ecclesiae
1233 2195 1275 2267 de
1302 2196 1459 2288 Kygye
1488 2196 1564 2287 sita,
1592 2195 1689 2267 cuius
1705 2214 1790 2286 pro·

234 2319 368 2415 prietes
405 2317 449 2388 ad
485 2317 689 2388 coenobium
725 2316 1039 2390 sanctimonialium
1075 2316 1117 2389 de
1145 2317 1271 2389 Sancto
1307 2316 1450 2388 Andrea
1484 2318 1521 2387 iu
1558 2314 1791 2388 Gracovia

234 2438 461 2532 pertinatia
489 2459 556 2528 quo
585 2443 665 2508 sunt
691 2438 816 2528 viginti
837 2426 933 2509 'lanei
961 2439 1203 2529 cmethonales,
1231 2439 1274 2509 de
1302 2439 1426 2528 quibus
1454 2437 1613 2509 omnibus
1640 2436 1789 2508 solvitur

235 2561 371 2637 dama
394 2558 621 2650 manipularis
646 2566 684 2631 ct
705 2579 773 2650 ¹per
799 2565 950 2650 quatuor
976 2560 1116 2650 ierugas
1143 2559 1318 2650 canapalis
1354 2559 1556 2631 scolastriae
1583 2557 1789 2648 Kelcziensi,

235 2674 463 2759 ‹ic-ueremur
499 2680 594 2751 illam
621 2681 820 2752 cmethoues
846 2681 998 2772 propriis
1024 2681 1185 2753 curribus
1220 2681 1385 2753 inducere
1408 2681 1447 2751 iu
1473 2679 1638 2751 horreum
1663 2698 1687 2750 a
1712 2697 1790 2751 sco·

235 2801 359 2875 1001100
385 2800 568 2873 locandam
596 2810 633 2873 et
658 2801 756 2874 valor
783 2802 857 2874 eius
885 2801 929 2872 ad
955 2802 1080 2892 viginti
1106 2822 1241 2875 marcas
1267 2802 1481 2890 aestimatur,
1507 2800 1592 2872 item
1617 2820 1687 2873 non
1703 2803 1790 2872 sunt

167 2960 171 2967 ·
235 2925 272 2996 in
299 2922 383 2995 uilla
409 2922 567 3013 praelata
592 2922 769 3012 tabernae,
797 2943 909 3013 neque
935 2923 1163 2995 hortulaniae.
1191 2923 1280 2994 Item
1306 2926 1362 2994 est
1382 2923 1418 2993 in
1437 2921 1558 2993 eadem
1585 2919 1669 2993 villa
1685 2939 1789 3035 pras*

236 3046 330 3117 dium
357 3043 576 3133 coenobiale,
603 3043 646 3114 de
673 3043 770 3116 cuius
797 3044 892 3134 agris
920 3044 1197 3122 sanctimoniales
1224 3043 1267 3114 de
1295 3042 1422 3115 Sancto
1449 3042 1592 3115 Andrea
1618 3040 1789 3113 decimam
1813 3070 1823 3107 ·.

235 3165 322 3237 nulli
348 3164 508 3254 reddunt,
535 3164 596 3234 sed
623 3164 719 3235 solae
746 3185 823 3235 eam
849 3164 1046 3255 percipiunt
1064 3168 1100 3234 01
1118 3165 1154 3234 in
1181 3164 1343 3235 horreum
1370 3185 1469 3235 suum
1496 3163 1673 3234 inducunt
1698 3160 1789 3235 ltem

235 3286 403 3358 decimam
425 3282 619 3376 praefatam
636 3283 884 3375 manipularem
910 3285 947 3355 in
965 3284 1285 3375 Umyauowicc
1296 3305 1325 3374 e,
1353 3284 1525 3374 quondam
1543 3281 1786 3374 episcopalem,

236 3407 511 3478 Bodzantba
540 3410 628 3477 tuuc
664 3405 846 3496 episcopus
880 3404 1118 3478 Oracovieusis
1154 3406 1198 3476 de
1223 3406 1331 3478 armis
1367 3405 1513 3477 Rossa
1548 3403 1788 3477 0111364.

236 3529 349 3618 prima
383 3526 439 3598 die
466 3525 647 3616 Octobris,
682 3548 746 3617 per
773 3527 1059 3599 arbitrameotum
1095 3527 1309 3598 Floriani
1340 3526 1550 3617 praepositi,
1586 3523 1791 3597 Arnoldi

235 3648 426 3737 scolastici,
462 3646 595 3748 Petri
622 3648 777 3720 cantoris
803 3647 1101 3738 Gracoriensium,
1136 3647 1324 3719 Nico-lai
1350 3646 1542 3738 praepositi
1562 3644 1788 3719 Scarbimiri·

236 3770 337 3859 ensis,
364 3776 401 3839 01
427 3767 564 3841 11100101
591 3768 634 3840 de
659 3767 842 3840 Kornik
868 3769 1038 3840 licentiati
1066 3770 1101 3839 in
1128 3769 1286 3859 decretis,
1315 3768 1557 3839 canonicorum
1578 3765 1788 3839 (110001100-

237 3889 342 3977 sium,
369 3890 405 3959 in
432 3910 689 3980 recompensam
724 3890 968 3979 tabernarum,
1003 3911 1089 3979 quas
1125 3890 1307 3962 scolastria
1342 3888 1556 3960 Kelcziensis
1591 3888 1715 3967 babuit
1747 3888 1786 3958 iu

238 4007 364 4099 oppido
391 4009 580 4099 episcopali
607 4009 863 4101 Thorszek,
891 4017 927 4082 01
953 4011 989 4080 in
1016 4030 1276 4100 recompensam
1304 4009 1456 4082 decimae
1473 4008 1627 4100 granarii
1653 3989 1788 4098 episco-

238 4128 327 4218 palis
351 4128 573 4219 Kelcziensis,
601 4150 704 4219 quam
730 4131 937 4203 scholastria
961 4130 1176 4203 Kelcziensis
1202 4133 1426 4223 percipiebat,
1453 4130 1519 4202 fuit
1536 4129 1648 4202 eidem
1675 4129 1787 4201 scola-

238 4249 345 4321 striae
371 4249 566 4321 Kelcziensi
592 4255 749 4341 tempore
775 4251 798 4323 J
808 4253 971 4324 oannis
999 4252 1173 4325 scolastici
1192 4252 1406 4324 Kelcziensis
1432 4256 1601 4346 perpetuo
1618 4250 1788 4342 inscripta

237 4379 274 4442 01
299 4370 446 4461 collata,
481 4371 524 4443 de
551 4393 719 4444 consensu
756 4373 898 4464 capituli
934 4373 1190 4464 Oracovicnsis,
1227 4374 1270 4445 de
1296 4394 1364 4464 quo
1395 4373 1551 4445 babetur
1577 4372 1614 4444 iu
1639 4370 1787 4453 ecdaaia

236 4492 433 4564 Kelcziensi
452 4493 601 4583 speciale
619 4494 848 4586 privilegium,
873 4495 998 4584 sigillis
1026 4493 1174 4586 praelati
1201 4494 1502 4566 Bodzantbae
1527 4493 1683 4584 episcopi
1694 4490 1788 4567 cra

236 4615 406 4688 coviensis
424 4619 468 4686 ct
494 4614 637 4705 capituli
658 4613 910 4706 Gracoviensis,
938 4616 1029 4706 quod
1048 4636 1111 4706 ego
1130 4615 1347 4707 originaliter
1364 4613 1438 4688 vidi
1453 4621 1491 4687 01
1507 4614 1587 4704 legi,
1604 4613 1786 4697 0001111100.

340 4733 541 4826 Wrnzaua,
568 4735 653 4807 uilla
678 4736 743 4807 sub
756 4736 928 4828 parochia
954 4736 1181 4809 ecclesiae-de
1198 4736 1292 4808 Dru
1298 4756 1419 4828 gnya
1446 4754 1555 4826 prope
1580 4732 1786 4807 Schidlow

234 4856 311 4948 sita
337 4857 435 4929 cuius
462 4857 660 4947 proprietas
686 4857 731 4928 ad
757 4857 1014 4929 serenissimum
1040 4878 1158 4948 regem
1180 4856 1350 4931 Poloniac
1375 4856 1536 4948 pertinet,
1562 4855 1599 4927 in
1618 4875 1687 4946 qua
1701 4861 1786 4929 mut

236 4978 328 5049 lanei
361 4978 615 5069 emethonales,
650 4977 846 5068 dequibus
881 4978 1029 5050 solvitur
1062 4978 1198 5051 decima
1232 4977 1459 5069 manipularis
1480 4982 1522 5049 01
1540 4997 1610 5067 por
1630 4979 1788 5067 -quataar
1863 4980 1864 4984 '

237 5097 375 5190 ierugas
401 5099 578 5190 cenapolis
604 5098 807 5172 scolastriae
833 5097 1068 5190 Kyelcciensi,
1095 5104 1131 5171 et
1156 5103 1322 5173 tenentur
1355 5099 1452 5170 illam
1476 5097 1678 5171 cmetbonos
1703 5117 1787 5187 pro·

237 5219 324 5310 priis
358 5222 519 5294 curribus
551 5220 681 5293 ducere
715 5220 753 5292 in
787 5219 951 5293 boucam
985 5240 1009 5291 a
1044 5220 1224 5293 scolastico
1259 5218 1462 5311 locandum,
1495 5226 1538 5292 -01
1571 5217 1671 5292 valor
1705 5218 1787 5291 eius
