4050 6054
1613 474 1687 546 619

142 679 204 751 sed
220 699 284 751 nec
311 685 491 769 speratur;
526 698 687 751 vasorum
705 684 823 750 autem
840 675 1078 767 praelatorum
1096 677 1177 749 talis
1194 675 1260 748 luit
1277 674 1445 768 conditio,
1471 699 1635 751 numerus
1652 684 1690 752 et

141 800 240 872 valer
257 854 426 870 .......
1175 796 1179 805 “

135 907 139 915 ’
243 920 450 993 Gnacovln.
476 920 593 992 Habet
620 918 834 991 Gnannensis
860 918 1179 1008 archiepiscopatus
1211 923 1456 991 extramuros
1482 918 1688 995 Graeeiien·

141 1062 196 1112 ses
224 1042 289 1114 sub
316 1046 432 1113 castre
459 1040 680 1115 cracoviensi
716 1040 814 1110 iuxta
847 1039 987 1121 fluvium
1015 1037 1212 1110 Rudawa
1237 1038 1376 1112 domum
1403 1041 1520 1132 sitam,
1557 1042 1688 1115 curiam

140 1162 305 1252 optimam
331 1165 369 1233 et
394 1161 531 1233 domum
558 1161 595 1231 in
621 1180 664 1232 ea
693 1159 911 1248 latericeam,
947 1178 1048 1251 quam
1076 1158 1240 1230 Nicolaus
1267 1157 1520 1252 Gurewsky
1554 1162 1688 1235 arehie-

138 1284 300 1373 piscopus
334 1287 418 1354 tunc
454 1279 685 1369 Gneznensis,
720 1300 784 1370 pre
820 1284 918 1350 certa
952 1301 1086 1351 summa
1120 1280 1344 1370 pecuniarum
1378 1300 1401 1351 a
1430 1282 1608 1356 Demetrio
1644 1284 1686 1357 de

26 1464 29 1469 .
137 1401 346 1494 Bezydar
371 1403 471 1491 regni
496 1400 661 1473 Pelopiae
695 1400 912 1472 thesaurario
949 1401 1180 1490 comparavit,
1216 1405 1253 1471 et
1287 1401 1452 1474 ecclesiae
1489 1399 1685 1476 Gneznensi

135 1544 200 1615 pre
234 1527 402 1613 perpetue
438 1522 628 1594 memoriali
664 1527 700 1593 et
725 1520 854 1611 insigni
889 1521 1047 1611 reliquit,
1084 1541 1171 1612 quae
1198 1525 1234 1592 et
1260 1520 1297 1593 in
1322 1522 1414 1594 hane
1440 1522 1531 1595 diem
1563 1523 1685 1597 demus

136 1643 441 1734 archiepiscopalis
468 1641 683 1715 Gncznensis
709 1641 914 1732 appellatur,
941 1641 1087 1713 liberam
1121 1662 1199 1713 cum
1225 1642 1297 1714 suis
1319 1642 1432 1715 hortis
1459 1648 1495 1716 et
1521 1645 1686 1735 pomeriis

136 1765 181 1838 ab
208 1764 300 1838 omni
326 1765 503 1855 servitute,
529 1784 634 1837 censu
660 1768 698 1834 et
723 1763 866 1833 tribute.

669 2025 822 2105 lliearll
855 2022 1147 2106 Gneznenses.

191 3097 303 3177 Bona
336 3098 610 3201 episcopatus
640 3096 1024 3199 wladislaviensie,
1056 3098 1332 3180 consistentia
1367 3100 1405 3178 in
1438 3100 1627 3182 dioecesi

771 3233 1061 3317 Oraeeviensl.

187 3456 190 3461 '
233 3456 531 3530 Wladislaviensis
557 3455 702 3527 ecelesia
729 3453 937 3527 cathedralis
967 3461 1003 3527 et
1029 3456 1216 3528 cathedrae
1241 3457 1409 3529 honorem
1435 3459 1528 3529 inter
1554 3480 1678 3532 novem

132 3579 316 3652 Pelenicae
343 3577 520 3649 Ecclesiae
547 3576 763 3649 cathedrales
789 3575 951 3648 ecclesias
977 3597 1000 3647 a
1026 3577 1246 3649 Beleslae
1273 3576 1454 3668 Ghabry
1471 3578 1680 3652 Pelenerum

130 3699 297 3792 principe,
324 3698 512 3789 eodemque
537 3697 757 3787 postmodum
782 3716 865 3787 rege
889 3695 1062 3786 fundatae,
1090 3696 1236 3787 sertita3
1262 3698 1412 3790 primum
1437 3699 1529 3789 apud
1546 3698 1679 3771 Krusz-

134 3821 295 3893 wiciense
330 3818 495 3911 oppidum
530 3818 574 3890 ad
609 3817 770 3909 paludem
805 3838 965 3908 magnam
993 3838 1054 3889 seu
1080 3815 1206 3908 lecum,
1234 3818 1293 3909 qui
1320 3838 1342 3889 a
1367 3817 1508 3891 Pelenis
1535 3817 1679 3911 Geple

133 3940 341 4030 nominatur,
368 3946 405 4011 st
430 3960 474 4011 ex
502 3960 570 4030 quo
595 3938 719 4011 fluvius
745 3960 813 4010 non
841 3938 1004 4029 ignobilis
1031 3938 1236 4010 Nethesz
1263 3938 1453 4029 derivatur,
1471 3939 1586 4031 situm,
1603 3939 1681 4013 fun-

132 4061 216 4134 data
241 4065 278 4133 et
305 4066 423 4132 erecta
447 4059 523 4150 init,
549 4060 669 4150 illique
696 4059 796 4131 annis
822 4060 941 4131 multis
968 4058 1169 4131 cathedram
1196 4080 1293 4131 suam
1318 4059 1355 4130 in
1382 4059 1496 4151 capite
1522 4065 1558 4133 et
1574 4083 1681 4133 mem-

130 4183 204 4255 bris
231 4182 361 4273 tenuit,
387 4180 674 4252 Kruszwiciensis
710 4200 846 4272 queque
881 4181 1099 4272 episcopatus
1127 4186 1163 4252 et
1190 4180 1356 4254 dioecesis
1383 4180 1612 4254 vocitabatur.
1638 4183 1680 4253 ln

36 4280 40 4287 ¹
133 4302 314 4375 annalibus
342 4321 479 4393 queque
505 4301 680 4375 ueteribus
707 4300 993 4374 Gracoviensibus
1020 4301 1185 4373 ecclesiae
1211 4301 1360 4393 reperio,
1376 4301 1573 4374 Burnam
1595 4324 1681 4374 uxe-

134 4444 207 4495 rem
234 4422 408 4525 quondam
434 4422 611 4513 Hogeri
637 4421 907 4494 Grusvicziensis
926 4422 1089 4495 ecclesiae
1109 4422 1270 4513 episcopi,
1289 4422 1441 4513 capitulo
1460 4420 1681 4495 Gracoviensi

130 4544 248 4616 uillam
274 4542 444 4635 insignem
470 4542 778 4633 Wilczansze,
806 4564 909 4634 quam
936 4547 972 4614 et
998 4542 1034 4613 in
1060 4543 1150 4615 hanc
1176 4542 1268 4615 diem
1295 4541 1524 4617 Crucemense
1550 4542 1680 4616 retinet

131 4664 337 4756 capitulum,
363 4664 496 4737 duobus
532 4664 724 4736 miliaribus
760 4683 782 4734 a
808 4663 1035 4735 cracovia
1061 4683 1084 4735 a
1107 4663 1213 4737 durio
1239 4663 1374 4737 Vis-la
1398 4684 1522 4754 parum
1547 4668 1679 4739 remote

130 4786 336 4876 distantem,
363 4786 481 4877 sitam,
508 4790 678 4876 perpetua
712 4784 897 4876 largitione
924 4783 1080 4857 donasse.
1116 4784 1209 4858 Dum
1235 4785 1354 4876 itaque
1380 4783 1538 4877 praefata
1563 4786 1679 4859 cathe-

132 4906 239 4979 dralis
276 4906 421 4978 eeclesia
455 4904 758 4995 Kruszwiciensis,
787 4926 875 4996 quae
909 4926 1076 4997 processu
1102 4906 1269 4997 temperis
1296 4903 1340 4977 ad
1366 4898 1679 4979 Vlsdislaviensem

131 5028 329 5117 ecclesiam,
356 5027 393 5097 in
428 5047 496 5117 qna
532 5047 621 5099 nunc
648 5026 825 5118 consistit,
851 5032 995 5119 propter
1021 5027 1127 5100 situm
1152 5027 1441 5119 praestantiorem
1467 5032 1505 5100 et
1530 5047 1678 5101 commo·

130 5148 260 5221 ditatos
286 5147 471 5239 ampliores
496 5147 588 5220 ieret
613 5149 792 5239 translata,
819 5148 913 5245 appd
935 5147 1272 5222 Kruszwieiam
1299 5148 1513 5238 consisteret,
1531 5146 1555 5220 J
1559 5147 1678 5220 udith

130 5267 294 5339 Peleniae
321 5267 448 5357 regina,
476 5266 526 5338 ita
552 5269 643 5339 enim
670 5270 714 5340 ab
742 5268 899 5341 omnibus
926 5269 1107 5340 annalibus
1133 5273 1169 5341 et
1194 5267 1485 5358 historiographis
1512 5263 1677 5341 Peleniae

131 5388 343 5484 appellatur,
372 5408 474 5481 quam
510 5394 546 5468 et
581 5410 647 5471 nes
680 5389 740 5467 ille
768 5390 950 5490 dignamur
976 5391 1126 5484 honere,
1152 5408 1298 5469 consors
1323 5387 1591 5484 Wladislai,
1618 5389 1680 5485 qui
1785 5404 1792 5409 “
