4050 6054
1705 459 1777 529 561

222 665 268 732 et
293 658 468 752 canapalis
494 658 711 761 episcopatui
737 656 968 733 cracoviensi.
994 661 1081 734 Item
1109 661 1287 752 tabernae,
1313 661 1398 733 item
1425 662 1654 753 hortulaniae‚
1682 685 1782 754 prae-

231 781 326 853 dium
351 801 422 853 non
449 787 540 853 sunt.
1346 806 1348 811 ·

334 900 614 993 BoeuszovvnA,
648 902 732 974 villa
758 902 823 974 snb
849 902 1016 993 parochia
1050 902 1217 976 ecclesiae
1243 890 1441 975 de'Nova
1471 901 1677 977 Sandecz
1704 904 1782 997 sita,

230 1021 329 1095 cuins
354 1022 552 1113 proprietas
578 1026 615 1094 et
640 1023 829 1095 dominium
856 1023 901 1095 ad
928 1024 1091 1096 abbatem
1113 1029 1149 1096 et
1166 1025 1416 1097 monasterium
1442 1022 1678 1098 Sandeczense
1704 1046 1783 1118 per-
1832 1038 1839 1051 “

229 1144 335 1234 tinet,
370 1144 407 1215 iu
433 1164 503 1237 qua
528 1150 610 1216 sunt
637 1150 788 1235 quatuor
821 1144 915 1216 lanei
949 1145 1203 1236 emethonales,
1240 1144 1435 1236 dequibus
1471 1143 1620 1217 solvitur
1651 1145 1784 1218 decima

229 1264 454 1355 manipularis
480 1264 695 1355 episcopatui
721 1263 953 1337 Gracevienai.
996 1266 1086 1339 Item
1112 1266 1295 1357 tabernae,
1323 1266 1408 1337 item
1435 1265 1674 1357 hortulaniae‚
1700 1267 1782 1338 item

230 1384 415 1474 praedium·
438 1385 510 1456 illic
536 1405 606 1457 uon
632 1386 815 1458 habentur.

333 1505 581 1597 launssova,
616 1505 700 1579 villa
726 1507 790 1579 sub
816 1507 984 1599 parochia
1019 1506 1185 1580 ecclesiae
1221 1505 1264 1579 de
1300 1505 1428 1579 Nova
1464 1506 1668 1580 Sandecz
1705 1508 1782 1598 sita,
1852 1540 1859 1552 -

230 1625 328 1697 cuius
354 1626 550 1717 proprietas
577 1631 614 1698 et
641 1624 829 1699 dominium
856 1628 901 1699 ad
928 1628 1089 1701 abbatem
1116 1632 1153 1700 et
1179 1628 1427 1699 monasterium
1446 1626 1681 1700 Sandeczense
1702 1649 1782 1718 per-

228 1747 336 1837 tinet,
373 1748 409 1817 in
437 1768 505 1838 qna
530 1753 612 1819 sunt
638 1746 818 1821 duodecim
843 1749 937 1822 lanei
964 1748 1216 1839 emethonales,
1251 1748 1295 1820 de
1322 1749 1447 1840 quibus
1474 1749 1623 1821 solvitur
1649 1749 1782 1821 decima

228 1865 456 1957 manipularis
483 1874 519 1939 et
547 1869 723 1969 canapalis
749 1869 963 1960 episcopatui
990 1867 1222 1941 Gracoviensi
1261 1869 1350 1940 Item
1377 1870 1562 1959 tabernae,
1590 1870 1672 1940 item
1700 1870 1782 1940 hur-

230 1987 384 2059 tulaniae
411 2009 480 2060 non
508 1993 607 2078 sunt3
643 1990 725 2061 item
752 1990 934 2082 praedium
959 2011 1065 2062 unum
1092 1990 1311 2080 coenobiale,
1345 1990 1477 2063 habens
1503 2011 1609 2062 unum
1636 1989 1782 2079 laneum,

230 2107 368 2199 dequo
395 2109 499 2181 etiam
527 2111 710 2183 solvuntur
736 2111 876 2183 vicariis
903 2109 1198 2184 Sandeczensibus
1225 2131 1393 2183 annonae.

335 2229 595 2320 Onnosnrczn,
631 2231 715 2303 villa
740 2232 804 2304 sub
831 2232 999 2323 parochia
1033 2232 1197 2305 eeclesiae
1234 2232 1278 2311 de
1303 2231 1430 2305 Nova
1465 2230 1665 2331 Sandecz
1701 2233 1778 2322 sita,

149 2400 152 2404 -
230 2348 328 2420 cuius
367 2347 491 2421 haeres
530 2349 695 2423 Nicolaus
735 2351 1032 2442 Zavaczsky,
1071 2352 1198 2424 nobilis
1234 2352 1277 2423 de
1316 2351 1424 2423 armis
1464 2350 1779 2442 Antiquarum

230 2467 477 2560 Equorum,
503 2471 540 2542 in
567 2492 636 2562 qua
662 2478 744 2544 sunt
769 2472 862 2543 lanei
888 2478 961 2543 tres
985 2471 1230 2561 emethonales,
1257 2471 1444 2561 dequibus
1471 2470 1619 2544 solvitur
1645 2472 1781 2544 decima

230 2590 453 2680 manipularis
479 2597 516 2662 et
542 2593 718 2683 canapalIs
748 2593 971 2665 universitati
997 2593 1205 2665 vicariorum
1231 2592 1538 2683 Sandeezensium,
1572 2593 1664 2664 inter
1691 2614 1778 2683 quos

228 2714 284 2781 est
308 2732 397 2783 unus
423 2711 544 2784 laneus
570 2713 783 2786 scoltetialis.
809 2714 898 2787 Item
924 2714 1101 2805 tabernae,
1128 2714 1212 2785 item
1229 2713 1459 2804 hortulaniae‚
1486 2713 1569 2785 item
1595 2713 1776 2803 praedium

229 2830 301 2902 illie
328 2852 397 2902 non
423 2832 606 2905 habentur.

332 2951 597 3046 Prannxova,
632 2955 716 3028 villa
741 2956 806 3028 sub
833 2954 999 3049 parochia
1024 2955 1188 3028 ecclesiae
1223 2955 1267 3027 de
1302 2953 1429 3027 Nova
1462 2953 1670 3027 Sandoen
1702 2956 1779 3045 sita,

197 3042 325 3144 ’euius
351 3074 547 3164 proprietas
574 3081 610 3148 et
630 3075 820 3148 dominium
838 3075 1058 3149 ad'consnles
1084 3073 1317 3148 Sandecenses
1342 3075 1505 3167 pertinet,
1531 3076 1568 3146 in
1600 3097 1669 3167 qua
1695 3084 1778 3149 sunt

228 3193 328 3285 lanei,
355 3195 472 3267 decem
499 3189 537 3267 e't
562 3215 684 3268 novem
711 3196 803 3268 lanei
830 3196 1083 3286 emethouales,
1109 3195 1153 3267 de
1180 3197 1305 3286 quibus
1332 3196 1480 3268 soletur
1506 3196 1640 3267 decima
1666 3198 1777 3267 mani-

227 3313 359 3404 pularis
385 3320 422 3387 et
447 3316 624 3406 canapalis
659 3316 821 3408 episcopo
857 3314 1097 3406 Oraeoviensi,
1134 3316 1226 3388 inter
1252 3337 1339 3417 quos
1366 3321 1421 3387 est
1446 3336 1536 3388 unus
1573 3315 1777 3388 scoltetialis

227 3434 358 3507 laneus.
397 3435 487 3508 Item
512 3436 750 3528 hortulaniae‚
778 3438 861 3509 item
887 3438 1073 3527 tabernae,
1100 3437 1184 3508 item
1209 3435 1457 3527 molendinum,
1485 3436 1569 3508 item
1595 3433 1777 3527 praedium

232 3554 304 3628 illie
328 3576 398 3628 non
424 3556 606 3629 habentur.
808 3557 811 3563 '

334 3676 632 3768 Rosznowvczs,
659 3678 743 3749 villa
769 3678 834 3750 sub
861 3678 1028 3769 parochia
1054 3676 1219 3749 eeclesiae
1246 3676 1289 3748 de
1316 3674 1443 3748 Nova
1469 3673 1673 3748 Sandecz
1699 3676 1781 3767 sita,

228 3797 326 3869 cuius
353 3798 549 3890 proprietas
567 3805 604 3870 et
620 3799 809 3871 dominium
836 3798 881 3871 ad
907 3799 1066 3871 consules
1084 3795 1339 3869 Sandeczcnses
1365 3797 1529 3887 pertIuet,
1555 3797 1592 3868 in
1611 3818 1679 3887 qua
1696 3805 1779 3870 sunt

230 3917 298 3991 duo
324 3917 417 3990 lanei
442 3920 693 4010 emethonales,
729 3919 774 3991 de
801 3919 926 4010 quibus
953 3919 1100 3992 solvitur
1126 3917 1262 3991 decima
1285 3916 1513 4009 manipularis
1540 3921 1576 3988 et
1603 3918 1780 4008 canapalis

229 4040 442 4131 episcopatui
460 4038 690 4113 cracoviensi.
708 4040 797 4112 Item
814 4038 991 4131 tabernae,
1007 4038 1239 4130 hortulaniae‚
1256 4037 1490 4111 molendinum
1508 4038 1580 4109 illic
1597 4060 1666 4110 non
1686 4044 1779 4110 sunt.

333 4159 579 4252 Gammausa,
614 4162 698 4233 villa
724 4161 789 4233 sub
816 4161 982 4251 parochia
1016 4159 1181 4233 ecclesiae
1201 4158 1259 4233 ·-·de
1292 4158 1422 4231 blava
1457 4157 1664 4231 Sandecz
1700 4159 1779 4249 sita,

229 4282 327 4354 euius
361 4283 558 4375 proprietas
585 4287 622 4354 et
648 4283 837 4354 dominium
872 4282 917 4354 ad
943 4278 1223 4355 sanctimonlales
1258 4281 1302 4353 de
1328 4280 1538 4371 Antiqua
1572 4280 1779 4352 Sandeez

229 4404 392 4494 pertinet,
418 4403 455 4475 in
482 4424 551 4494 qua
577 4409 659 4474 sunt
686 4403 803 4475 decem
830 4408 867 4475 et
892 4422 1016 4475 novem
1040 4402 1135 4475 lanei
1160 4401 1415 4493 emethonales,
1449 4401 1493 4472 de
1520 4401 1646 4491 quibus
1672 4386 1778 4472 solvi-

227 4528 287 4594 tur
313 4524 445 4596 decima
470 4522 696 4614 manipularis
723 4528 759 4595 et
785 4524 960 4613 canapaIIs
987 4522 1201 4616 epIscopatni
1227 4520 1458 4596 cracoviensi.
1484 4522 1572 4594 Item
1599 4521 1780 4611 tabernae,

229 4642 458 4736 hortulaniae‚
485 4644 728 4736 molendinum,
755 4642 936 4736 praedium
962 4643 1034 4716 illic
1063 4664 1133 4716 non
1160 4648 1251 4717 snut

332 4763 591 4838 vavnvnasuo
617 4764 756 4855 Muros,
782 4764 865 4836 villa
883 4765 947 4836 sub
965 4764 1133 4855 parochia
1157 4753 1327 4837 ecelesiae
1349 4763 1394 4837 de
1420 4760 1454 4834 N
1463 4783 1547 4835 ova
1574 4760 1777 4835 Sandecz

228 4887 316 4977 sita,
350 4886 447 4957 cuius
483 4887 677 4976 proprietas
704 4892 741 4958 et
766 4885 955 4957 dominium
988 4885 1034 4957 ad
1061 4885 1264 4958 coenobium
1300 4860 1612 4956 sanctimonialium
1647 4882 1779 4953 Sanda-

229 5006 402 5079 czensium
429 5006 599 5096 pertinet,
636 5007 672 5078 in
701 5026 768 5096 qua
794 5011 876 5077 sunt
903 5026 964 5077 sex
998 5005 1091 5083 lanei
1119 4982 1372 5094 cmethoirales,
1408 5002 1452 5076 de
1478 5003 1604 5094 quibus
1630 5002 1780 5073 solvitur

230 5126 363 5199 decima
389 5120 613 5217 manipularis
639 5127 801 5217 episeopo
828 5124 1060 5199 cracoviensi.
1103 5125 1191 5198 Item
1217 5125 1384 5195 tabernae
1410 5126 1479 5195 hon
1506 5127 1596 5215 sunt,
1622 5122 1781 5195 hortula-

229 5247 289 5318 nia
303 5252 370 5319 ‚est
395 5248 445 5327 ibi
474 5267 561 5337 una,
595 5247 828 5323 molendinum
864 5267 933 5319 non
960 5251 1033 5335 est3
1068 5246 1151 5317 item
1186 5244 1367 5336 praedium
1401 5264 1508 5316 nuum
1543 5248 1625 5327 ante
1660 5242 1778 5315 villam

229 5367 476 5446 Leukova.
1671 5376 1675 5381 '

332 5536 381 5582 nra.
396 5535 494 5577 emme.
1238 5574 1243 5579 ,
1568 5502 1612 5567 vt
