4080 6068
42 482 45 494 ’
281 496 329 569 la

275 705 431 793 fundum,
454 704 571 774 villam
582 704 742 774 videIIcet
760 703 927 775 minorem
942 699 1093 794 Gorlra,
1116 704 1251 775 ratione
1266 704 1362 774 culus
1376 699 1608 775 Goreczslra
1626 701 1830 799 appellatur,

277 826 340 896 sub
359 825 523 914 parochia
546 824 711 895 ecclcsiae
738 824 781 895 de
799 824 991 930 Zelonlrp.
1034 822 1075 895 In
1094 845 1162 914 qua
1180 831 1234 895 est
1252 825 1349 896 curia
1374 825 1466 896 bona
1485 823 1638 914 pulchris
1665 821 1830 896 aedificiis
1875 847 1878 853 ·

272 952 484 1033 constructa,
504 946 635 1015 babens
650 966 753 1034 agros
783 944 977 1034 praediales
1004 944 1039 1014 in
1063 951 1212 1035 quatuor
1239 964 1377 1036 campos
1409 943 1605 1035 distinctor,
1641 944 1684 1016 de
1702 945 1827 1035 quibus

275 1065 653 1154 soluscanonicuspro
677 1073 832 1155 tempore
856 1064 1023 1136 decimam
1045 1065 1295 1155 manipularem
1314 1067 1479 1156 percipit,
1507 1066 1593 1137 nulli
1611 1086 1686 1137 eam
1704 1066 1829 1136 dando.

272 1185 361 1257 Item
380 1186 486 1258 habet
504 1194 653 1275 quatuor
671 1185 788 1257 laneos
803 1186 1049 1275 cmethonaleS,
1072 1206 1217 1275 quorum
1231 1186 1377 1276 quilibet
1395 1207 1458 1276 pro
1472 1206 1577 1257 censu
1591 1207 1705 1257 annuo
1724 1186 1829 1257 solvit

272 1306 357 1377 duas
376 1327 523 1395 marcae,
550 1307 634 1376 item
651 1307 790 1377 laborat
808 1306 893 1378 duos
912 1307 985 1378 dies
1008 1307 1045 1377 in
1063 1307 1256 1396 septimana
1273 1308 1415 1397 proprio
1434 1327 1538 1378 curru
1561 1312 1623 1379 aut
1643 1312 1772 1396 aratro,
1791 1308 1826 1376 in

272 1427 392 1499 labore
424 1434 540 1497 autem
571 1427 725 1517 pedestri
757 1434 922 1498 tenentur
952 1405 1113 1499 laborare
1146 1436 1295 1518 quatuor
1326 1429 1400 1499 dies
1432 1428 1468 1499 in
1499 1429 1700 1518 septimana.
1739 1427 1828 1498 Item

272 1547 437 1618 ducturas
454 1547 599 1636 faciunt,
622 1548 682 1619 sed
706 1547 750 1619 ad
768 1549 939 1619 rationem
959 1548 1093 1619 dierum
1114 1549 1151 1618 in
1170 1549 1364 1639 septimana
1386 1548 1596 1638 debitornm;
1621 1549 1706 1619 item
1723 1547 1828 1620 solvit
1915 1581 1920 1590 ·

260 1664 420 1759 'triginta
447 1690 521 1759 ova,
553 1669 639 1740 duos
667 1689 799 1758 caseos,
835 1669 922 1742 duos
948 1669 1074 1761 gallos,
1109 1668 1153 1739 ad
1180 1669 1387 1741 solutionem
1423 1689 1553 1741 avenae
1589 1669 1675 1740 alias
1711 1689 1827 1763 omepy

271 1810 341 1860 non
359 1796 532 1861 tenentur.
572 1790 661 1860 Item
679 1791 786 1861 habet
805 1812 909 1862 unam
927 1791 1124 1879 tabernam,
1141 1790 1328 1877 habentem
1347 1810 1450 1881 agros
1469 1791 1650 1881 speciales,
1669 1795 1704 1861 et
1724 1789 1827 1861 solvit
1884 1813 1892 1823 ·

273 1932 337 2000 pro
365 1931 468 1982 censu
485 1917 633 2002 septem
660 1910 828 2003 fertones,
857 1911 943 1983 nihil
970 1911 1133 1982 laborans
1160 1911 1228 1982 nisi
1246 1909 1440 2005 powobom.
1475 1910 1564 1982 Item
1588 1911 1696 1982 habet
1721 1930 1826 1982 unum

271 2032 507 2120 hortulanum,
536 2033 594 2122 qui
621 2031 815 2104 nonhabet
841 2053 962 2124 agros,
990 2031 1051 2103 sed
1077 2032 1217 2103 hortum
1244 2036 1280 2103 et
1307 2032 1412 2103 solvit
1427 2031 1578 2103 sedecim
1604 2051 1744 2121 grossos
1762 2050 1825 2120 pro

236 2207 239 2211 .
269 2158 376 2223 'censu
393 2158 429 2224 et
446 2174 552 2224 unum
571 2153 661 2223 diem
681 2154 716 2223 ln
735 2153 933 2242 septimana·
945 2153 1107 2243 pedester
1125 2152 1271 2223 laborat.
1293 2152 1395 2223 Item
1414 2160 1486 2223 tam
1504 2151 1703 2223 cmethones
1722 2171 1823 2241 quam

271 2273 476 2380 tabernator
495 2279 530 2344 et
549 2272 755 2343 hortulanus
774 2277 938 2344 tenentur
956 2272 1000 2343 ad
1019 2272 1189 2362 duplicem
1201 2270 1386 2365 portabam
1407 2292 1483 2344 cum
1502 2293 1622 2344 eorum
1639 2270 1826 2361 inquilinis.

270 2393 358 2464 Item
386 2413 503 2463 omnes
526 2392 617 2463 lanei
640 2394 874 2464 emetbonales
897 2401 933 2464 et
947 2394 1022 2482 agri
1040 2393 1207 2464 tabernae
1226 2393 1365 2464 solvunt
1387 2393 1554 2464 decImam
1576 2390 1824 2482 manipularem

142 2570 145 2575 ,
265 2519 307 2585 'et
321 2512 519 2603 canapalem
533 2512 752 2602 praebendae
784 2514 963 2603 praefatae
999 2521 1035 2585 et
1052 2522 1218 2585 tenentur
1249 2533 1325 2585 eam
1352 2514 1503 2604 propriis
1535 2514 1693 2584 curribus
1724 2512 1825 2584 indu·

270 2655 349 2706 cere
375 2635 411 2704 in
438 2634 618 2722 praedium
636 2634 834 2706 canonIoale
861 2642 897 2706 et
922 2635 1089 2707 dealmam
1116 2637 1238 2725 canapi
1266 2635 1405 2707 solvunt
1432 2655 1494 2724 per
1517 2641 1667 2725 quatuor
1685 2634 1821 2705 iunctu-

270 2777 346 2844 ras,
374 2761 410 2825 et
428 2755 632 2826 aestimatur
650 2754 747 2826 valor
766 2755 917 2828 decimae
936 2758 980 2828 ad
998 2778 1059 2829 sex
1077 2777 1219 2828 marcas.
1243 2766 1248 2775 ‘

294 2875 314 2898 ‘¹
375 2876 463 2947 Item
483 2875 564 2946 villa
576 2875 734 2965 praelata
748 2868 898 2948 confluat
911 2899 988 2949 cum
1006 2877 1325 2969 Wythkowicze,
1349 2876 1718 2966 villapraestImoniali
1732 2875 1825 2965 eapi-

272 2997 379 3069 tulari
397 2996 626 3086 Cracoviensi,
645 3002 681 3067 et
695 2998 730 3066 in
747 2997 918 3087 aliquibus
937 2999 1031 3089 agris
1050 2998 1253 3071 divisionem
1271 2997 1460 3069 ostendunt
1478 2997 1629 3088 lapides,
1647 2997 1683 3066 ln
1701 2996 1825 3087 aliqui-

272 3119 337 3190 bus
354 3117 478 3187 fluvius
505 3103 735 3208 Bybyczlra,
761 3116 845 3188 item
864 3138 940 3189 cum
959 3117 1041 3189 villa
1058 3117 1245 3208 episcopali
1271 3115 1491 3209 Prandnylr
1514 3118 1587 3189 sive
1604 3115 1760 3207 praedio,
1788 3125 1824 3187 et

175 3255 188 3264 ·
270 3237 401 3310 fossata
427 3237 608 3326 dirimunt3
634 3238 719 3307 item
747 3258 824 3311 cum
851 3246 952 3327 prato
979 3237 1162 3326 hospitalis
1191 3235 1446 3327 cracoviensis,
1474 3237 1534 3308 ubi
1550 3235 1675 3308 fluvius
1698 3234 1823 3307 Pran-
1907 3287 1914 3293 -

271 3358 379 3449 dnyk
400 3359 498 3429 limes
517 3366 584 3447 est,
606 3359 690 3429 item
705 3379 781 3430 cum
795 3357 878 3430 villa
895 3357 1115 3450 Prandnylr
1134 3358 1271 3430 abbatis
1285 3358 1534 3449 Tynicziensis,
1553 3364 1589 3429 et
1601 3358 1637 3428 in
1652 3356 1823 3447 aliquibus

269 3479 354 3550 locis
372 3478 502 3550 fossata
521 3479 724 3550 divisionem
742 3479 938 3570 ostendunt,
956 3481 992 3550 in
1011 3479 1183 3570 aliquibus
1203 3500 1285 3551 veru
1303 3484 1416 3550 strata
1434 3477 1707 3549 Slumniczensis.

373 3601 460 3671 Item
475 3600 581 3672 habet
590 3600 735 3671 alteram
750 3599 916 3671 decimam
930 3599 1179 3689 manipularem
1194 3600 1229 3669 in
1243 3598 1414 3689 Sluporr,
1432 3598 1528 3687 villa,
1548 3599 1644 3668 cuius
1654 3597 1822 3669 medietas

269 3721 334 3794 sub
361 3720 526 3810 parocbia
552 3723 716 3793 ecclesiae
748 3721 790 3792 de
814 3721 1081 3793 Slawoschow
1108 3727 1145 3791 et
1170 3720 1338 3791 medietas
1370 3740 1447 3790 cum
1478 3718 1621 3809 praedio
1647 3739 1711 3808 pro
1740 3718 1823 3789 villa

269 3842 305 3914 in
323 3816 645 3933 Dzialoscbicze,
672 3844 769 3913 cuins
796 3843 920 3914 haeres
942 3842 1120 3914 dohannes
1138 3842 1181 3913 de
1200 3839 1377 3933 Ozyzosv,
1405 3840 1530 3912 nobilis
1558 3840 1600 3911 de
1619 3841 1724 3912 armis
1749 3839 1821 3912 Po·
1864 3829 1866 3833 ⁷

180 4008 185 4014 -
271 3962 427 4033 lukoza.
467 3962 507 4032 In
535 3984 603 4052 qua
625 3970 706 4034 sunt
733 3984 794 4033 sex
820 3964 911 4035 lanei
939 3963 1185 4052 emethonales,
1213 3962 1255 4033 de
1284 3962 1407 4052 quibus
1438 3960 1636 4050 praebenda
1666 3938 1823 4050 prafflta

269 4083 417 4170 percipit
445 4083 611 4153 decimam
629 4086 879 4174 manipularem
904 4085 1096 4175 aequaliter
1117 4089 1153 4154 et
1172 4080 1320 4174 integre,
1340 4082 1382 4153 de
1406 4082 1483 4153 aliis
1498 4068 1584 4153 ¹vero
1605 4081 1715 4153 laneis
1733 4100 1823 4152 cme·

269 4203 481 4292 tbonalibus,
509 4204 544 4273 in
563 4204 675 4274 altera
700 4205 886 4276 medietate
918 4206 1020 4276 villae
1039 4204 1319 4293 consistentibus,
1352 4210 1388 4274 et
1405 4203 1448 4273 de
1476 4203 1569 4292 agris
1587 4202 1821 4292 praedIalibus

126 4341 133 4349 “
269 4322 441 4412 omnibus,
465 4324 523 4412 qui
542 4325 718 4412 pertinent
740 4324 783 4395 ad
803 4326 1003 4415 parochIam
1020 4324 1338 4416 Dzaloschycze,
1361 4324 1509 4415 percipit
1528 4322 1695 4395 decimam
1712 4323 1822 4394 mani·

164 4513 168 4519 r
268 4444 424 4534 pnlarem
451 4444 617 4533 plebanus
642 4447 774 4518 mediae
801 4448 912 4537 partis
948 4447 1113 4518 ecclesiae
1144 4445 1304 4518 Omnium
1331 4444 1535 4516 Sanctorum
1561 4444 1598 4514 in
1625 4442 1822 4515 Craeovia

268 4564 389 4636 domus
407 4564 550 4655 ligneae.
586 4566 673 4637 Item
692 4567 734 4638 de
763 4568 934 4657 aliquibus
952 4568 1061 4639 laneis
1089 4574 1125 4638 et
1151 4567 1244 4656 agris
1263 4567 1411 4657 percipit
1441 4586 1517 4637 eam
1535 4564 1680 4635 ecclesia
1697 4569 1733 4635 et
1750 4564 1823 4655 ple-

268 4687 378 4759 banus
397 4688 432 4757 in
451 4687 655 4759 Bodzanow.

371 4808 459 4880 Item
486 4809 592 4881 habet
619 4811 760 4880 tertiam
778 4809 1026 4900 manipularem
1045 4809 1211 4880 decImam
1229 4810 1265 4878 in
1287 4806 1548 4899 Pelcznycna,
1565 4807 1666 4896 villa,
1693 4805 1729 4875 in
1752 4824 1821 4895 qna

268 4935 323 5000 est
341 4931 485 5002 ecclesia
512 4931 735 5020 parochialis,
763 4932 860 5002 euius
887 4930 1056 5001 haeredes
1082 4929 1242 5000 Andreas
1277 4934 1314 5000 et
1339 4927 1465 5001 Petrus
1500 4927 1731 5018 Mokrzsky,
1757 4948 1820 4997 no·

242 5116 246 5121 .
267 5049 354 5120 biles
381 5049 423 5120 de
442 5051 542 5122 domo
561 5050 826 5142 Koszlerogy,
858 5057 894 5121 et
912 5050 1081 5139 Sbigneus
1109 5049 1388 5140 Lapanowsky
1416 5048 1458 5120 de
1478 5046 1578 5121 dumo
1604 5047 1817 5120 Druszina.

266 5169 306 5240 In
335 5192 402 5260 qua
429 5179 510 5242 sunt
527 5171 685 5242 undecim
708 5172 799 5242 lanei
819 5170 1065 5261 emethonaleS,
1089 5169 1274 5262 dequibus
1297 5171 1474 5261 perceptio
1498 5154 1651 5241 decimae
1674 5169 1819 5240 diversi·

264 5288 390 5362 fleatur
420 5291 455 5362 in
482 5298 700 5382 praesentem
726 5292 972 5382 praebendam,
1005 5311 1093 5381 qnae
1125 5314 1193 5363 uno
1230 5311 1319 5364 anno
1361 5292 1510 5382 percipit
1540 5292 1706 5362 maiorem
1738 5311 1818 5380 par-

265 5418 338 5484 tem
366 5412 533 5503 decimae,
578 5419 614 5483 et
632 5413 799 5502 plebanus
835 5412 888 5485 de·
909 5402 1158 5503 Pelcznycza
1192 5413 1387 5503 minorem3·
1420 5411 1554 5485 duobus
1594 5432 1678 5485 vero
1703 5411 1818 5482 'annis
