<?xml version="1.0" encoding="UTF-8"?>
<!DOCTYPE html PUBLIC "-//W3C//DTD XHTML 1.0 Transitional//EN"
    "http://www.w3.org/TR/xhtml1/DTD/xhtml1-transitional.dtd">
<html xmlns="http://www.w3.org/1999/xhtml" xml:lang="en" lang="en">
 <head>
  <title>
</title>
<meta http-equiv="Content-Type" content="text/html;charset=utf-8" />
  <meta name='ocr-system' content='tesseract 3.04.00' />
  <meta name='ocr-capabilities' content='ocr_page ocr_carea ocr_par ocr_line ocrx_word'/>
</head>
<body>
  <div class='ocr_page' id='page_1' title='image "./joannisdugoszse00dugoog_0643.png"; bbox 0 0 4050 6054; ppageno 0'>
   <div class='ocr_carea' id='block_1_1' title="bbox 287 471 362 543">
    <p class='ocr_par' dir='ltr' id='par_1_1' title="bbox 287 471 362 543">
     <span class='ocr_line' id='line_1_1' title="bbox 287 471 362 543; baseline 0 0"><span class='ocrx_word' id='word_1_1' title='bbox 287 471 362 543; x_wconf 73' lang='lat' dir='ltr'><strong>clu</strong></span> 
     </span>
    </p>
   </div>
   <div class='ocr_carea' id='block_1_2' title="bbox 282 674 1893 3764">
    <p class='ocr_par' dir='ltr' id='par_1_2' title="bbox 387 674 1846 768">
     <span class='ocr_line' id='line_1_2' title="bbox 387 674 1846 768; baseline -0.001 -20"><span class='ocrx_word' id='word_1_2' title='bbox 387 677 692 765; x_wconf 79' lang='lat' dir='ltr'><strong>Tunuuowrncz,</strong></span> <span class='ocrx_word' id='word_1_3' title='bbox 718 676 802 746; x_wconf 83' lang='lat' dir='ltr'><strong>villa</strong></span> <span class='ocrx_word' id='word_1_4' title='bbox 828 676 891 747; x_wconf 91' lang='lat' dir='ltr'><strong>sub</strong></span> <span class='ocrx_word' id='word_1_5' title='bbox 919 676 1085 768; x_wconf 90' lang='lat' dir='ltr'><strong>parochia</strong></span> <span class='ocrx_word' id='word_1_6' title='bbox 1111 675 1276 746; x_wconf 90' lang='lat' dir='ltr'><strong>ecclesiae</strong></span> <span class='ocrx_word' id='word_1_7' title='bbox 1303 674 1346 746; x_wconf 92' lang='lat' dir='ltr'><strong>de</strong></span> <span class='ocrx_word' id='word_1_8' title='bbox 1374 674 1600 747; x_wconf 88' lang='lat' dir='ltr'><strong>Tharnow</strong></span> <span class='ocrx_word' id='word_1_9' title='bbox 1625 676 1714 766; x_wconf 84' lang='lat' dir='ltr'><strong>sita,</strong></span> <span class='ocrx_word' id='word_1_10' title='bbox 1741 675 1846 747; x_wconf 90' lang='lat' dir='ltr'><strong>cuius</strong></span> 
     </span>
    </p>

    <p class='ocr_par' dir='ltr' id='par_1_3' title="bbox 282 794 1893 2818">
     <span class='ocr_line' id='line_1_3' title="bbox 283 794 1845 886; baseline -0.003 -15"><span class='ocrx_word' id='word_1_11' title='bbox 283 801 405 871; x_wconf 81' lang='lat' dir='ltr'><strong>haeres</strong></span> <span class='ocrx_word' id='word_1_12' title='bbox 432 797 566 868; x_wconf 87' lang='lat' dir='ltr'><strong>Amor</strong></span> <span class='ocrx_word' id='word_1_13' title='bbox 591 796 771 868; x_wconf 77' lang='lat' dir='ltr'><strong>lohannes</strong></span> <span class='ocrx_word' id='word_1_14' title='bbox 789 796 832 869; x_wconf 91' lang='lat' dir='ltr'><strong>de</strong></span> <span class='ocrx_word' id='word_1_15' title='bbox 850 796 1032 868; x_wconf 87' lang='lat' dir='ltr'><strong>Tharne</strong></span> <span class='ocrx_word' id='word_1_16' title='bbox 1045 819 1085 886; x_wconf 88' lang='lat' dir='ltr'><strong>w,</strong></span> <span class='ocrx_word' id='word_1_17' title='bbox 1111 796 1149 868; x_wconf 91' lang='lat' dir='ltr'><strong>in</strong></span> <span class='ocrx_word' id='word_1_18' title='bbox 1168 816 1235 885; x_wconf 88' lang='lat' dir='ltr'><strong>qua</strong></span> <span class='ocrx_word' id='word_1_19' title='bbox 1253 799 1335 866; x_wconf 92' lang='lat' dir='ltr'><strong>sunt</strong></span> <span class='ocrx_word' id='word_1_20' title='bbox 1353 849 1451 866; x_wconf 93' lang='grc'><strong>.....</strong></span> <span class='ocrx_word' id='word_1_21' title='bbox 1469 795 1688 868; x_wconf 88' lang='lat' dir='ltr'><strong>hortulaniae</strong></span> <span class='ocrx_word' id='word_1_22' title='bbox 1706 794 1845 868; x_wconf 89' lang='lat' dir='ltr'><strong>hahen-</strong></span> 
     </span>
     <span class='ocr_line' id='line_1_4' title="bbox 283 916 1845 1008; baseline -0.001 -18"><span class='ocrx_word' id='word_1_23' title='bbox 283 928 336 990; x_wconf 91' lang='lat' dir='ltr'><strong>tes</strong></span> <span class='ocrx_word' id='word_1_24' title='bbox 363 940 485 1008; x_wconf 80' lang='lat' dir='ltr'><strong>agros,</strong></span> <span class='ocrx_word' id='word_1_25' title='bbox 516 917 711 1008; x_wconf 88' lang='lat' dir='ltr'><strong>dequibus</strong></span> <span class='ocrx_word' id='word_1_26' title='bbox 739 917 884 988; x_wconf 83' lang='lat' dir='ltr'><strong>solvitur</strong></span> <span class='ocrx_word' id='word_1_27' title='bbox 912 916 1045 987; x_wconf 89' lang='lat' dir='ltr'><strong>decima</strong></span> <span class='ocrx_word' id='word_1_28' title='bbox 1070 917 1296 1005; x_wconf 83' lang='lat' dir='ltr'><strong>manipularis</strong></span> <span class='ocrx_word' id='word_1_29' title='bbox 1323 917 1500 987; x_wconf 82' lang='lat' dir='ltr'><strong>cantoriae</strong></span> <span class='ocrx_word' id='word_1_30' title='bbox 1528 916 1779 1007; x_wconf 86' lang='lat' dir='ltr'><strong>Tamoviensi,</strong></span> <span class='ocrx_word' id='word_1_31' title='bbox 1806 924 1845 988; x_wconf 91' lang='lat' dir='ltr'><strong>et</strong></span> 
     </span>
     <span class='ocr_line' id='line_1_5' title="bbox 282 1036 1844 1126; baseline 0.001 -16"><span class='ocrx_word' id='word_1_32' title='bbox 282 1040 413 1110; x_wconf 92' lang='lat' dir='ltr'><strong>ducunt</strong></span> <span class='ocrx_word' id='word_1_33' title='bbox 447 1060 523 1110; x_wconf 92' lang='lat' dir='ltr'><strong>eam</strong></span> <span class='ocrx_word' id='word_1_34' title='bbox 558 1039 757 1109; x_wconf 90' lang='lat' dir='ltr'><strong>emethones</strong></span> <span class='ocrx_word' id='word_1_35' title='bbox 793 1038 951 1126; x_wconf 90' lang='lat' dir='ltr'><strong>propriis·</strong></span> <span class='ocrx_word' id='word_1_36' title='bbox 981 1039 1140 1109; x_wconf 89' lang='lat' dir='ltr'><strong>curribus</strong></span> <span class='ocrx_word' id='word_1_37' title='bbox 1175 1036 1211 1106; x_wconf 91' lang='lat' dir='ltr'><strong>in</strong></span> <span class='ocrx_word' id='word_1_38' title='bbox 1238 1037 1403 1109; x_wconf 88' lang='lat' dir='ltr'><strong>horreum</strong></span> <span class='ocrx_word' id='word_1_39' title='bbox 1428 1057 1451 1109; x_wconf 91' lang='lat' dir='ltr'><strong>a</strong></span> <span class='ocrx_word' id='word_1_40' title='bbox 1477 1044 1618 1110; x_wconf 90' lang='lat' dir='ltr'><strong>cantore</strong></span> <span class='ocrx_word' id='word_1_41' title='bbox 1653 1038 1844 1113; x_wconf 86' lang='lat' dir='ltr'><strong>locandum</strong></span> 
     </span>
     <span class='ocr_line' id='line_1_6' title="bbox 283 1157 1845 1250; baseline 0.001 -19"><span class='ocrx_word' id='word_1_42' title='bbox 283 1167 320 1231; x_wconf 90' lang='lat' dir='ltr'><strong>et</strong></span> <span class='ocrx_word' id='word_1_43' title='bbox 336 1161 435 1232; x_wconf 85' lang='lat' dir='ltr'><strong>valor</strong></span> <span class='ocrx_word' id='word_1_44' title='bbox 462 1161 536 1230; x_wconf 91' lang='lat' dir='ltr'><strong>eius</strong></span> <span class='ocrx_word' id='word_1_45' title='bbox 564 1160 770 1230; x_wconf 89' lang='lat' dir='ltr'><strong>aestimatur</strong></span> <span class='ocrx_word' id='word_1_46' title='bbox 796 1158 840 1229; x_wconf 89' lang='lat' dir='ltr'><strong>ad</strong></span> <span class='ocrx_word' id='word_1_47' title='bbox 858 1158 1007 1229; x_wconf 85' lang='lat' dir='ltr'><strong>sedecim</strong></span> <span class='ocrx_word' id='word_1_48' title='bbox 1033 1178 1178 1229; x_wconf 90' lang='lat' dir='ltr'><strong>marcas.</strong></span> <span class='ocrx_word' id='word_1_49' title='bbox 1221 1158 1311 1228; x_wconf 91' lang='lat' dir='ltr'><strong>ltem</strong></span> <span class='ocrx_word' id='word_1_50' title='bbox 1337 1157 1373 1228; x_wconf 92' lang='lat' dir='ltr'><strong>iu</strong></span> <span class='ocrx_word' id='word_1_51' title='bbox 1400 1157 1521 1230; x_wconf 89' lang='lat' dir='ltr'><strong>eadem</strong></span> <span class='ocrx_word' id='word_1_52' title='bbox 1547 1159 1630 1230; x_wconf 86' lang='lat' dir='ltr'><strong>villa</strong></span> <span class='ocrx_word' id='word_1_53' title='bbox 1655 1165 1711 1232; x_wconf 88' lang='lat' dir='ltr'><strong>est</strong></span> <span class='ocrx_word' id='word_1_54' title='bbox 1737 1180 1845 1250; x_wconf 84' lang='lat' dir='ltr'><strong>prae-</strong></span> 
     </span>
     <span class='ocr_line' id='line_1_7' title="bbox 282 1278 1845 1369; baseline 0.001 -17"><span class='ocrx_word' id='word_1_55' title='bbox 282 1282 376 1352; x_wconf 85' lang='lat' dir='ltr'><strong>dium</strong></span> <span class='ocrx_word' id='word_1_56' title='bbox 404 1286 578 1351; x_wconf 82' lang='lat' dir='ltr'><strong>castrense</strong></span> <span class='ocrx_word' id='word_1_57' title='bbox 606 1281 740 1350; x_wconf 90' lang='lat' dir='ltr'><strong>intres</strong></span> <span class='ocrx_word' id='word_1_58' title='bbox 772 1300 910 1369; x_wconf 90' lang='lat' dir='ltr'><strong>campos</strong></span> <span class='ocrx_word' id='word_1_59' title='bbox 945 1279 1165 1368; x_wconf 91' lang='lat' dir='ltr'><strong>distinctum,</strong></span> <span class='ocrx_word' id='word_1_60' title='bbox 1201 1278 1244 1350; x_wconf 92' lang='lat' dir='ltr'><strong>de</strong></span> <span class='ocrx_word' id='word_1_61' title='bbox 1271 1281 1368 1351; x_wconf 91' lang='lat' dir='ltr'><strong>cuius</strong></span> <span class='ocrx_word' id='word_1_62' title='bbox 1406 1280 1500 1369; x_wconf 82' lang='lat' dir='ltr'><strong>agris</strong></span> <span class='ocrx_word' id='word_1_63' title='bbox 1532 1280 1679 1352; x_wconf 90' lang='lat' dir='ltr'><strong>solvitur</strong></span> <span class='ocrx_word' id='word_1_64' title='bbox 1704 1281 1845 1353; x_wconf 77' lang='lat' dir='ltr'><strong>decima</strong></span> 
     </span>
     <span class='ocr_line' id='line_1_8' title="bbox 285 1399 1843 1492; baseline 0.001 -20"><span class='ocrx_word' id='word_1_65' title='bbox 285 1402 509 1492; x_wconf 84' lang='lat' dir='ltr'><strong>manipularis</strong></span> <span class='ocrx_word' id='word_1_66' title='bbox 536 1401 711 1470; x_wconf 89' lang='lat' dir='ltr'><strong>cantoriae</strong></span> <span class='ocrx_word' id='word_1_67' title='bbox 739 1399 976 1489; x_wconf 88' lang='lat' dir='ltr'><strong>Tarnoviensi,</strong></span> <span class='ocrx_word' id='word_1_68' title='bbox 1003 1405 1038 1470; x_wconf 91' lang='lat' dir='ltr'><strong>et</strong></span> <span class='ocrx_word' id='word_1_69' title='bbox 1064 1400 1162 1471; x_wconf 86' lang='lat' dir='ltr'><strong>valor</strong></span> <span class='ocrx_word' id='word_1_70' title='bbox 1189 1401 1263 1470; x_wconf 92' lang='lat' dir='ltr'><strong>eius</strong></span> <span class='ocrx_word' id='word_1_71' title='bbox 1290 1401 1496 1471; x_wconf 90' lang='lat' dir='ltr'><strong>aestimatur</strong></span> <span class='ocrx_word' id='word_1_72' title='bbox 1522 1400 1568 1473; x_wconf 89' lang='lat' dir='ltr'><strong>ad</strong></span> <span class='ocrx_word' id='word_1_73' title='bbox 1594 1401 1843 1473; x_wconf 48' lang='lat' dir='ltr'><strong>...mitem</strong></span> 
     </span>
     <span class='ocr_line' id='line_1_9' title="bbox 285 1520 1844 1613; baseline 0.001 -20"><span class='ocrx_word' id='word_1_74' title='bbox 285 1522 506 1593; x_wconf 89' lang='lat' dir='ltr'><strong>hortulaniae</strong></span> <span class='ocrx_word' id='word_1_75' title='bbox 524 1526 605 1592; x_wconf 89' lang='lat' dir='ltr'><strong>sunt</strong></span> <span class='ocrx_word' id='word_1_76' title='bbox 622 1521 671 1591; x_wconf 93' lang='lat' dir='ltr'><strong>ibi</strong></span> <span class='ocrx_word' id='word_1_77' title='bbox 690 1574 698 1590; x_wconf 93' lang='lat'><strong>.</strong></span> <span class='ocrx_word' id='word_1_78' title='bbox 717 1574 725 1590; x_wconf 93' lang='lat'><strong>.</strong></span> <span class='ocrx_word' id='word_1_79' title='bbox 745 1574 753 1590; x_wconf 93' lang='lat'>.</span> <span class='ocrx_word' id='word_1_80' title='bbox 772 1574 800 1610; x_wconf 91' lang='lat'><strong>.,</strong></span> <span class='ocrx_word' id='word_1_81' title='bbox 826 1520 870 1592; x_wconf 90' lang='lat' dir='ltr'><strong>de</strong></span> <span class='ocrx_word' id='word_1_82' title='bbox 889 1521 1013 1610; x_wconf 87' lang='lat' dir='ltr'><strong>quibus</strong></span> <span class='ocrx_word' id='word_1_83' title='bbox 1032 1521 1165 1593; x_wconf 90' lang='lat' dir='ltr'><strong>decima</strong></span> <span class='ocrx_word' id='word_1_84' title='bbox 1182 1521 1357 1592; x_wconf 90' lang='lat' dir='ltr'><strong>cantoriae</strong></span> <span class='ocrx_word' id='word_1_85' title='bbox 1384 1574 1552 1592; x_wconf 89' lang='lat'><strong>.......</strong></span> <span class='ocrx_word' id='word_1_86' title='bbox 1556 1576 1565 1613; x_wconf 93' lang='lat'><strong>,</strong></span> <span class='ocrx_word' id='word_1_87' title='bbox 1591 1522 1674 1594; x_wconf 85' lang='lat' dir='ltr'><strong>item</strong></span> <span class='ocrx_word' id='word_1_88' title='bbox 1692 1522 1844 1594; x_wconf 84' lang='lat' dir='ltr'><strong>taberna</strong></span> 
     </span>
     <span class='ocr_line' id='line_1_10' title="bbox 283 1641 1255 1731; baseline -0.001 -19"><span class='ocrx_word' id='word_1_89' title='bbox 283 1663 354 1713; x_wconf 93' lang='lat' dir='ltr'><strong>una</strong></span> <span class='ocrx_word' id='word_1_90' title='bbox 379 1643 510 1713; x_wconf 86' lang='lat' dir='ltr'><strong>habens</strong></span> <span class='ocrx_word' id='word_1_91' title='bbox 538 1663 660 1731; x_wconf 87' lang='lat' dir='ltr'><strong>agros,</strong></span> <span class='ocrx_word' id='word_1_92' title='bbox 688 1642 731 1712; x_wconf 93' lang='lat' dir='ltr'><strong>de</strong></span> <span class='ocrx_word' id='word_1_93' title='bbox 759 1641 883 1731; x_wconf 88' lang='lat' dir='ltr'><strong>quibus</strong></span> <span class='ocrx_word' id='word_1_94' title='bbox 911 1641 1043 1712; x_wconf 93' lang='lat' dir='ltr'><strong>decima</strong></span> <span class='ocrx_word' id='word_1_95' title='bbox 1069 1642 1255 1714; x_wconf 80' lang='lat' dir='ltr'><strong>cantoriae.</strong></span> 
     </span>
     <span class='ocr_line' id='line_1_11' title="bbox 299 1760 1843 1863; baseline 0 -29"><span class='ocrx_word' id='word_1_96' title='bbox 299 1760 303 1765; x_wconf 77' lang='grc'>’</span> <span class='ocrx_word' id='word_1_97' title='bbox 387 1762 716 1851; x_wconf 81' lang='lat' dir='ltr'><strong>Sczurnuowrczo,</strong></span> <span class='ocrx_word' id='word_1_98' title='bbox 752 1762 836 1833; x_wconf 85' lang='lat' dir='ltr'><strong>uilla</strong></span> <span class='ocrx_word' id='word_1_99' title='bbox 862 1763 926 1834; x_wconf 92' lang='lat' dir='ltr'><strong>suh</strong></span> <span class='ocrx_word' id='word_1_100' title='bbox 953 1763 1120 1852; x_wconf 90' lang='lat' dir='ltr'><strong>parochia</strong></span> <span class='ocrx_word' id='word_1_101' title='bbox 1146 1762 1313 1833; x_wconf 87' lang='lat' dir='ltr'><strong>eeclesiae</strong></span> <span class='ocrx_word' id='word_1_102' title='bbox 1341 1763 1383 1833; x_wconf 91' lang='lat' dir='ltr'><strong>de</strong></span> <span class='ocrx_word' id='word_1_103' title='bbox 1410 1761 1450 1832; x_wconf 91' lang='lat' dir='ltr'>M</span> <span class='ocrx_word' id='word_1_104' title='bbox 1458 1763 1612 1855; x_wconf 83' lang='lat' dir='ltr'><strong>yedzw</strong></span> <span class='ocrx_word' id='word_1_105' title='bbox 1619 1763 1737 1863; x_wconf 64' lang='lat' dir='ltr'><strong>md:</strong></span> <span class='ocrx_word' id='word_1_106' title='bbox 1760 1764 1843 1855; x_wconf 84' lang='lat' dir='ltr'><strong>sita,</strong></span> 
     </span>
     <span class='ocr_line' id='line_1_12' title="bbox 284 1881 1844 1991; baseline 0.003 -38"><span class='ocrx_word' id='word_1_107' title='bbox 284 1885 381 1954; x_wconf 91' lang='lat' dir='ltr'><strong>cuius</strong></span> <span class='ocrx_word' id='word_1_108' title='bbox 417 1883 614 1973; x_wconf 82' lang='lat' dir='ltr'><strong>proprietas</strong></span> <span class='ocrx_word' id='word_1_109' title='bbox 650 1881 694 1953; x_wconf 93' lang='lat' dir='ltr'><strong>ad</strong></span> <span class='ocrx_word' id='word_1_110' title='bbox 729 1882 924 1954; x_wconf 63' lang='lat' dir='ltr'><strong>,Iohannem</strong></span> <span class='ocrx_word' id='word_1_111' title='bbox 960 1882 1093 1954; x_wconf 85' lang='lat' dir='ltr'><strong>Amor</strong></span> <span class='ocrx_word' id='word_1_112' title='bbox 1128 1884 1172 1954; x_wconf 93' lang='lat' dir='ltr'><strong>de</strong></span> <span class='ocrx_word' id='word_1_113' title='bbox 1199 1883 1388 1954; x_wconf 88' lang='lat' dir='ltr'><strong>Tarnow</strong></span> <span class='ocrx_word' id='word_1_114' title='bbox 1415 1885 1587 1973; x_wconf 87' lang='lat' dir='ltr'><strong>pertinet,</strong></span> <span class='ocrx_word' id='word_1_115' title='bbox 1621 1884 1760 1991; x_wconf 59' lang='lat' dir='ltr'><strong>iugpga</strong></span> <span class='ocrx_word' id='word_1_116' title='bbox 1786 1891 1844 1959; x_wconf 84' lang='lat' dir='ltr'><strong>eat</strong></span> 
     </span>
     <span class='ocr_line' id='line_1_13' title="bbox 283 2003 1843 2095; baseline 0.002 -20"><span class='ocrx_word' id='word_1_117' title='bbox 283 2005 421 2075; x_wconf 92' lang='lat' dir='ltr'><strong>unicum</strong></span> <span class='ocrx_word' id='word_1_118' title='bbox 448 2003 627 2093; x_wconf 87' lang='lat' dir='ltr'><strong>praedium</strong></span> <span class='ocrx_word' id='word_1_119' title='bbox 654 2003 823 2092; x_wconf 90' lang='lat' dir='ltr'><strong>militare,</strong></span> <span class='ocrx_word' id='word_1_120' title='bbox 854 2003 897 2074; x_wconf 89' lang='lat' dir='ltr'><strong>de</strong></span> <span class='ocrx_word' id='word_1_121' title='bbox 924 2005 1021 2075; x_wconf 89' lang='lat' dir='ltr'><strong>cuius</strong></span> <span class='ocrx_word' id='word_1_122' title='bbox 1048 2005 1142 2094; x_wconf 81' lang='lat' dir='ltr'><strong>agris</strong></span> <span class='ocrx_word' id='word_1_123' title='bbox 1169 2003 1318 2075; x_wconf 88' lang='lat' dir='ltr'><strong>solvitur</strong></span> <span class='ocrx_word' id='word_1_124' title='bbox 1343 2003 1477 2075; x_wconf 89' lang='lat' dir='ltr'><strong>decima</strong></span> <span class='ocrx_word' id='word_1_125' title='bbox 1503 2004 1731 2095; x_wconf 78' lang='lat' dir='ltr'><strong>manipularis</strong></span> <span class='ocrx_word' id='word_1_126' title='bbox 1755 2027 1843 2077; x_wconf 85' lang='lat' dir='ltr'><strong>can·</strong></span> 
     </span>
     <span class='ocr_line' id='line_1_14' title="bbox 284 2123 1841 2217; baseline 0.003 -22"><span class='ocrx_word' id='word_1_127' title='bbox 284 2125 396 2195; x_wconf 86' lang='lat' dir='ltr'><strong>toriae</strong></span> <span class='ocrx_word' id='word_1_128' title='bbox 424 2124 668 2212; x_wconf 83' lang='lat' dir='ltr'><strong>Tauroviensi,</strong></span> <span class='ocrx_word' id='word_1_129' title='bbox 694 2130 732 2195; x_wconf 93' lang='lat' dir='ltr'><strong>et</strong></span> <span class='ocrx_word' id='word_1_130' title='bbox 757 2124 856 2195; x_wconf 80' lang='lat' dir='ltr'><strong>valor</strong></span> <span class='ocrx_word' id='word_1_131' title='bbox 883 2125 957 2195; x_wconf 91' lang='lat' dir='ltr'><strong>eius</strong></span> <span class='ocrx_word' id='word_1_132' title='bbox 982 2125 1188 2196; x_wconf 90' lang='lat' dir='ltr'><strong>aestimatur</strong></span> <span class='ocrx_word' id='word_1_133' title='bbox 1223 2123 1267 2195; x_wconf 90' lang='lat' dir='ltr'><strong>ad</strong></span> <span class='ocrx_word' id='word_1_134' title='bbox 1294 2145 1398 2195; x_wconf 91' lang='lat' dir='ltr'><strong>unam</strong></span> <span class='ocrx_word' id='word_1_135' title='bbox 1435 2145 1586 2195; x_wconf 90' lang='lat' dir='ltr'><strong>marcam</strong></span> <span class='ocrx_word' id='word_1_136' title='bbox 1616 2124 1660 2197; x_wconf 93' lang='lat' dir='ltr'><strong>de</strong></span> <span class='ocrx_word' id='word_1_137' title='bbox 1687 2126 1841 2217; x_wconf 85' lang='lat' dir='ltr'><strong>quodam</strong></span> 
     </span>
     <span class='ocr_line' id='line_1_15' title="bbox 283 2244 1843 2335; baseline 0.003 -20"><span class='ocrx_word' id='word_1_138' title='bbox 283 2266 391 2334; x_wconf 87' lang='lat' dir='ltr'><strong>parvo</strong></span> <span class='ocrx_word' id='word_1_139' title='bbox 419 2266 541 2335; x_wconf 90' lang='lat' dir='ltr'><strong>campo</strong></span> <span class='ocrx_word' id='word_1_140' title='bbox 569 2265 632 2334; x_wconf 91' lang='lat' dir='ltr'><strong>per</strong></span> <span class='ocrx_word' id='word_1_141' title='bbox 658 2245 939 2334; x_wconf 87' lang='lat' dir='ltr'><strong>abstractionem,</strong></span> <span class='ocrx_word' id='word_1_142' title='bbox 967 2245 1010 2316; x_wconf 92' lang='lat' dir='ltr'><strong>de</strong></span> <span class='ocrx_word' id='word_1_143' title='bbox 1029 2244 1107 2316; x_wconf 89' lang='lat' dir='ltr'><strong>aliis</strong></span> <span class='ocrx_word' id='word_1_144' title='bbox 1134 2253 1248 2317; x_wconf 91' lang='lat' dir='ltr'><strong>autem</strong></span> <span class='ocrx_word' id='word_1_145' title='bbox 1276 2246 1406 2334; x_wconf 89' lang='lat' dir='ltr'><strong>campis</strong></span> <span class='ocrx_word' id='word_1_146' title='bbox 1433 2244 1668 2334; x_wconf 84' lang='lat' dir='ltr'><strong>praedialibus</strong></span> <span class='ocrx_word' id='word_1_147' title='bbox 1692 2246 1843 2319; x_wconf 87' lang='lat' dir='ltr'><strong>soluitur</strong></span> 
     </span>
     <span class='ocr_line' id='line_1_16' title="bbox 284 2342 1843 2456; baseline 0.001 -19"><span class='ocrx_word' id='word_1_148' title='bbox 284 2366 388 2438; x_wconf 91' lang='lat' dir='ltr'><strong>altari</strong></span> <span class='ocrx_word' id='word_1_149' title='bbox 415 2365 673 2455; x_wconf 85' lang='lat' dir='ltr'><strong>Assumptionis</strong></span> <span class='ocrx_word' id='word_1_150' title='bbox 691 2366 839 2438; x_wconf 86' lang='lat' dir='ltr'><strong>Sanctae</strong></span> <span class='ocrx_word' id='word_1_151' title='bbox 855 2365 991 2437; x_wconf 90' lang='lat' dir='ltr'><strong>Mariae</strong></span> <span class='ocrx_word' id='word_1_152' title='bbox 1017 2367 1053 2436; x_wconf 93' lang='lat' dir='ltr'><strong>in</strong></span> <span class='ocrx_word' id='word_1_153' title='bbox 1071 2342 1218 2437; x_wconf 77' lang='lat' dir='ltr'><strong>ecclesia</strong></span> <span class='ocrx_word' id='word_1_154' title='bbox 1235 2365 1457 2437; x_wconf 86' lang='lat' dir='ltr'><strong>Gracouiensi</strong></span> <span class='ocrx_word' id='word_1_155' title='bbox 1482 2387 1546 2456; x_wconf 92' lang='lat' dir='ltr'><strong>per</strong></span> <span class='ocrx_word' id='word_1_156' title='bbox 1564 2352 1843 2439; x_wconf 85' lang='lat' dir='ltr'><strong>Gasimiruru</strong></span> 
     </span>
     <span class='ocr_line' id='line_1_17' title="bbox 283 2485 1842 2577; baseline 0.002 -19"><span class='ocrx_word' id='word_1_157' title='bbox 283 2487 477 2558; x_wconf 89' lang='lat' dir='ltr'><strong>Secundum</strong></span> <span class='ocrx_word' id='word_1_158' title='bbox 512 2485 677 2557; x_wconf 91' lang='lat' dir='ltr'><strong>Poloniae</strong></span> <span class='ocrx_word' id='word_1_159' title='bbox 704 2507 839 2577; x_wconf 83' lang='lat' dir='ltr'><strong>regem,</strong></span> <span class='ocrx_word' id='word_1_160' title='bbox 875 2487 971 2557; x_wconf 90' lang='lat' dir='ltr'><strong>cuius</strong></span> <span class='ocrx_word' id='word_1_161' title='bbox 1007 2493 1090 2558; x_wconf 91' lang='lat' dir='ltr'><strong>tuuc</strong></span> <span class='ocrx_word' id='word_1_162' title='bbox 1117 2492 1194 2558; x_wconf 88' lang='lat' dir='ltr'><strong>erat</strong></span> <span class='ocrx_word' id='word_1_163' title='bbox 1219 2487 1319 2576; x_wconf 88' lang='lat' dir='ltr'><strong>villa,</strong></span> <span class='ocrx_word' id='word_1_164' title='bbox 1346 2485 1500 2559; x_wconf 84' lang='lat' dir='ltr'><strong>fundate.</strong></span> <span class='ocrx_word' id='word_1_165' title='bbox 1537 2488 1628 2559; x_wconf 91' lang='lat' dir='ltr'><strong>Item</strong></span> <span class='ocrx_word' id='word_1_166' title='bbox 1653 2487 1690 2559; x_wconf 90' lang='lat' dir='ltr'><strong>iu</strong></span> <span class='ocrx_word' id='word_1_167' title='bbox 1716 2487 1842 2561; x_wconf 86' lang='lat' dir='ltr'><strong>eadem</strong></span> 
     </span>
     <span class='ocr_line' id='line_1_18' title="bbox 282 2607 1893 2699; baseline 0.005 -21"><span class='ocrx_word' id='word_1_168' title='bbox 282 2607 367 2679; x_wconf 87' lang='lat' dir='ltr'><strong>villa</strong></span> <span class='ocrx_word' id='word_1_169' title='bbox 392 2613 474 2679; x_wconf 88' lang='lat' dir='ltr'><strong>sunt</strong></span> <span class='ocrx_word' id='word_1_170' title='bbox 500 2660 613 2677; x_wconf 92' lang='grc'><strong>.....</strong></span> <span class='ocrx_word' id='word_1_171' title='bbox 639 2607 732 2677; x_wconf 90' lang='lat' dir='ltr'><strong>lanei</strong></span> <span class='ocrx_word' id='word_1_172' title='bbox 758 2608 1004 2698; x_wconf 88' lang='lat' dir='ltr'><strong>emethonales,</strong></span> <span class='ocrx_word' id='word_1_173' title='bbox 1032 2608 1074 2680; x_wconf 92' lang='lat' dir='ltr'><strong>de</strong></span> <span class='ocrx_word' id='word_1_174' title='bbox 1101 2629 1247 2699; x_wconf 90' lang='lat' dir='ltr'><strong>quorum</strong></span> <span class='ocrx_word' id='word_1_175' title='bbox 1274 2608 1368 2698; x_wconf 84' lang='lat' dir='ltr'><strong>agris</strong></span> <span class='ocrx_word' id='word_1_176' title='bbox 1395 2607 1543 2680; x_wconf 89' lang='lat' dir='ltr'><strong>solvitur</strong></span> <span class='ocrx_word' id='word_1_177' title='bbox 1568 2607 1702 2680; x_wconf 88' lang='lat' dir='ltr'><strong>decima</strong></span> <span class='ocrx_word' id='word_1_178' title='bbox 1728 2609 1841 2682; x_wconf 81' lang='lat' dir='ltr'><strong>maui-</strong></span> <span class='ocrx_word' id='word_1_179' title='bbox 1878 2657 1893 2687; x_wconf 54' lang='lat' dir='ltr'><strong>a</strong></span> 
     </span>
     <span class='ocr_line' id='line_1_19' title="bbox 285 2728 639 2818; baseline -0.006 -19"><span class='ocrx_word' id='word_1_180' title='bbox 285 2728 416 2818; x_wconf 88' lang='lat' dir='ltr'><strong>pularis</strong></span> <span class='ocrx_word' id='word_1_181' title='bbox 444 2780 639 2797; x_wconf 89' lang='grc'><strong>........</strong></span> 
     </span>
    </p>

    <p class='ocr_par' dir='ltr' id='par_1_4' title="bbox 283 2845 1842 3764">
     <span class='ocr_line' id='line_1_20' title="bbox 388 2845 1840 2940; baseline 0.003 -21"><span class='ocrx_word' id='word_1_182' title='bbox 388 2845 619 2937; x_wconf 63' lang='lat' dir='ltr'><strong>(desumere,</strong></span> <span class='ocrx_word' id='word_1_183' title='bbox 654 2846 737 2918; x_wconf 88' lang='lat' dir='ltr'><strong>villa</strong></span> <span class='ocrx_word' id='word_1_184' title='bbox 771 2849 837 2921; x_wconf 86' lang='lat' dir='ltr'><strong>sub</strong></span> <span class='ocrx_word' id='word_1_185' title='bbox 868 2849 1035 2938; x_wconf 88' lang='lat' dir='ltr'><strong>parochia</strong></span> <span class='ocrx_word' id='word_1_186' title='bbox 1071 2848 1115 2920; x_wconf 90' lang='lat' dir='ltr'><strong>de</strong></span> <span class='ocrx_word' id='word_1_187' title='bbox 1151 2846 1273 2921; x_wconf 88' lang='lat' dir='ltr'><strong>Gora</strong></span> <span class='ocrx_word' id='word_1_188' title='bbox 1308 2850 1389 2938; x_wconf 87' lang='lat' dir='ltr'><strong>sita,</strong></span> <span class='ocrx_word' id='word_1_189' title='bbox 1426 2850 1523 2922; x_wconf 89' lang='lat' dir='ltr'><strong>cuius</strong></span> <span class='ocrx_word' id='word_1_190' title='bbox 1559 2850 1758 2940; x_wconf 83' lang='lat' dir='ltr'><strong>proprietas</strong></span> <span class='ocrx_word' id='word_1_191' title='bbox 1793 2851 1840 2925; x_wconf 89' lang='lat' dir='ltr'><strong>ad</strong></span> 
     </span>
     <span class='ocr_line' id='line_1_21' title="bbox 284 2965 1842 3064; baseline 0.004 -24"><span class='ocrx_word' id='word_1_192' title='bbox 284 2968 469 3040; x_wconf 88' lang='lat' dir='ltr'><strong>haeredem</strong></span> <span class='ocrx_word' id='word_1_193' title='bbox 494 2967 645 3039; x_wconf 89' lang='lat' dir='ltr'><strong>nobilem</strong></span> <span class='ocrx_word' id='word_1_194' title='bbox 672 2965 866 3040; x_wconf 90' lang='lat' dir='ltr'><strong>Jehannem</strong></span> <span class='ocrx_word' id='word_1_195' title='bbox 904 2969 1103 3059; x_wconf 88' lang='lat' dir='ltr'><strong>Rokosz,</strong></span> <span class='ocrx_word' id='word_1_196' title='bbox 1139 2971 1289 3043; x_wconf 90' lang='lat' dir='ltr'><strong>nohilem</strong></span> <span class='ocrx_word' id='word_1_197' title='bbox 1328 2969 1371 3041; x_wconf 90' lang='lat' dir='ltr'><strong>de</strong></span> <span class='ocrx_word' id='word_1_198' title='bbox 1406 2972 1512 3042; x_wconf 90' lang='lat' dir='ltr'><strong>armis</strong></span> <span class='ocrx_word' id='word_1_199' title='bbox 1548 2969 1725 3063; x_wconf 81' lang='lat' dir='ltr'><strong>Ostoya</strong></span> <span class='ocrx_word' id='word_1_200' title='bbox 1757 2993 1842 3064; x_wconf 86' lang='lat' dir='ltr'><strong>pcr-</strong></span> 
     </span>
     <span class='ocr_line' id='line_1_22' title="bbox 285 3089 1841 3182; baseline 0.005 -23"><span class='ocrx_word' id='word_1_201' title='bbox 285 3089 392 3177; x_wconf 92' lang='lat' dir='ltr'><strong>tinet,</strong></span> <span class='ocrx_word' id='word_1_202' title='bbox 419 3089 455 3159; x_wconf 94' lang='lat' dir='ltr'><strong>in</strong></span> <span class='ocrx_word' id='word_1_203' title='bbox 483 3095 658 3177; x_wconf 81' lang='lat' dir='ltr'><strong>quaeunt</strong></span> <span class='ocrx_word' id='word_1_204' title='bbox 685 3093 780 3160; x_wconf 91' lang='lat' dir='ltr'><strong>certa</strong></span> <span class='ocrx_word' id='word_1_205' title='bbox 807 3110 892 3161; x_wconf 85' lang='lat' dir='ltr'><strong>arva</strong></span> <span class='ocrx_word' id='word_1_206' title='bbox 919 3091 991 3162; x_wconf 89' lang='lat' dir='ltr'><strong>sive</strong></span> <span class='ocrx_word' id='word_1_207' title='bbox 1023 3090 1114 3162; x_wconf 91' lang='lat' dir='ltr'><strong>lanei</strong></span> <span class='ocrx_word' id='word_1_208' title='bbox 1143 3091 1377 3162; x_wconf 90' lang='lat' dir='ltr'><strong>emethonales</strong></span> <span class='ocrx_word' id='word_1_209' title='bbox 1407 3096 1442 3162; x_wconf 90' lang='lat' dir='ltr'><strong>et</strong></span> <span class='ocrx_word' id='word_1_210' title='bbox 1469 3092 1546 3182; x_wconf 82' lang='lat' dir='ltr'><strong>agri</strong></span> <span class='ocrx_word' id='word_1_211' title='bbox 1572 3093 1671 3163; x_wconf 83' lang='lat' dir='ltr'><strong>iuxta</strong></span> <span class='ocrx_word' id='word_1_212' title='bbox 1695 3091 1841 3167; x_wconf 83' lang='lat' dir='ltr'><strong>durium</strong></span> 
     </span>
     <span class='ocr_line' id='line_1_23' title="bbox 286 3209 1842 3335; baseline 0.004 -56"><span class='ocrx_word' id='word_1_213' title='bbox 286 3209 479 3300; x_wconf 87' lang='lat' dir='ltr'><strong>Byalya,</strong></span> <span class='ocrx_word' id='word_1_214' title='bbox 515 3229 637 3280; x_wconf 87' lang='lat' dir='ltr'><strong>versus</strong></span> <span class='ocrx_word' id='word_1_215' title='bbox 671 3214 810 3299; x_wconf 91' lang='lat' dir='ltr'><strong>pontem</strong></span> <span class='ocrx_word' id='word_1_216' title='bbox 846 3211 882 3281; x_wconf 91' lang='lat' dir='ltr'><strong>in</strong></span> <span class='ocrx_word' id='word_1_217' title='bbox 918 3215 1031 3283; x_wconf 90' lang='lat' dir='ltr'><strong>strata</strong></span> <span class='ocrx_word' id='word_1_218' title='bbox 1064 3211 1204 3301; x_wconf 91' lang='lat' dir='ltr'><strong>publica</strong></span> <span class='ocrx_word' id='word_1_219' title='bbox 1238 3213 1404 3300; x_wconf 89' lang='lat' dir='ltr'><strong>iacentes,</strong></span> <span class='ocrx_word' id='word_1_220' title='bbox 1450 3212 1493 3283; x_wconf 90' lang='lat' dir='ltr'><strong>de</strong></span> <span class='ocrx_word' id='word_1_221' title='bbox 1530 3213 1654 3304; x_wconf 90' lang='lat' dir='ltr'><strong>quihus</strong></span> <span class='ocrx_word' id='word_1_222' title='bbox 1667 3213 1842 3335; x_wconf 48' lang='lat' dir='ltr'><strong>xsoluitur</strong></span> 
     </span>
     <span class='ocr_line' id='line_1_24' title="bbox 286 3329 1842 3425; baseline 0.005 -25"><span class='ocrx_word' id='word_1_223' title='bbox 286 3330 419 3401; x_wconf 90' lang='lat' dir='ltr'><strong>decima</strong></span> <span class='ocrx_word' id='word_1_224' title='bbox 444 3329 670 3420; x_wconf 86' lang='lat' dir='ltr'><strong>manipularis</strong></span> <span class='ocrx_word' id='word_1_225' title='bbox 698 3336 734 3401; x_wconf 92' lang='lat' dir='ltr'><strong>et</strong></span> <span class='ocrx_word' id='word_1_226' title='bbox 760 3331 936 3421; x_wconf 86' lang='lat' dir='ltr'><strong>canapalis</strong></span> <span class='ocrx_word' id='word_1_227' title='bbox 964 3331 1140 3402; x_wconf 89' lang='lat' dir='ltr'><strong>cantoriae</strong></span> <span class='ocrx_word' id='word_1_228' title='bbox 1167 3331 1409 3422; x_wconf 86' lang='lat' dir='ltr'><strong>Tamoviensi,</strong></span> <span class='ocrx_word' id='word_1_229' title='bbox 1436 3338 1473 3404; x_wconf 91' lang='lat' dir='ltr'><strong>et</strong></span> <span class='ocrx_word' id='word_1_230' title='bbox 1500 3333 1630 3405; x_wconf 89' lang='lat' dir='ltr'><strong>ducunt</strong></span> <span class='ocrx_word' id='word_1_231' title='bbox 1654 3354 1733 3405; x_wconf 91' lang='lat' dir='ltr'><strong>eam</strong></span> <span class='ocrx_word' id='word_1_232' title='bbox 1758 3356 1842 3425; x_wconf 89' lang='lat' dir='ltr'><strong>pro·</strong></span> 
     </span>
     <span class='ocr_line' id='line_1_25' title="bbox 283 3450 1841 3541; baseline 0.005 -20"><span class='ocrx_word' id='word_1_233' title='bbox 283 3450 369 3541; x_wconf 89' lang='lat' dir='ltr'><strong>priis</strong></span> <span class='ocrx_word' id='word_1_234' title='bbox 405 3450 567 3521; x_wconf 86' lang='lat' dir='ltr'><strong>curribus</strong></span> <span class='ocrx_word' id='word_1_235' title='bbox 599 3450 635 3521; x_wconf 95' lang='lat' dir='ltr'><strong>in</strong></span> <span class='ocrx_word' id='word_1_236' title='bbox 671 3451 835 3523; x_wconf 90' lang='lat' dir='ltr'><strong>horreum</strong></span> <span class='ocrx_word' id='word_1_237' title='bbox 870 3457 1061 3523; x_wconf 87' lang='lat' dir='ltr'><strong>acantore</strong></span> <span class='ocrx_word' id='word_1_238' title='bbox 1096 3452 1280 3524; x_wconf 89' lang='lat' dir='ltr'><strong>locandum</strong></span> <span class='ocrx_word' id='word_1_239' title='bbox 1316 3458 1352 3523; x_wconf 90' lang='lat' dir='ltr'><strong>et</strong></span> <span class='ocrx_word' id='word_1_240' title='bbox 1384 3453 1482 3525; x_wconf 86' lang='lat' dir='ltr'><strong>valor</strong></span> <span class='ocrx_word' id='word_1_241' title='bbox 1519 3454 1593 3527; x_wconf 89' lang='lat' dir='ltr'><strong>eius</strong></span> <span class='ocrx_word' id='word_1_242' title='bbox 1631 3455 1841 3529; x_wconf 87' lang='lat' dir='ltr'><strong>aestimatur</strong></span> 
     </span>
     <span class='ocr_line' id='line_1_26' title="bbox 283 3571 1842 3670; baseline 0.005 -27"><span class='ocrx_word' id='word_1_243' title='bbox 283 3571 450 3643; x_wconf 91' lang='lat' dir='ltr'><strong>adunam</strong></span> <span class='ocrx_word' id='word_1_244' title='bbox 476 3593 637 3642; x_wconf 90' lang='lat' dir='ltr'><strong>marcam.</strong></span> <span class='ocrx_word' id='word_1_245' title='bbox 683 3572 771 3642; x_wconf 90' lang='lat' dir='ltr'><strong>Item</strong></span> <span class='ocrx_word' id='word_1_246' title='bbox 798 3573 956 3644; x_wconf 90' lang='lat' dir='ltr'><strong>cantoria</strong></span> <span class='ocrx_word' id='word_1_247' title='bbox 981 3572 1140 3663; x_wconf 86' lang='lat' dir='ltr'><strong>praefata</strong></span> <span class='ocrx_word' id='word_1_248' title='bbox 1165 3573 1273 3645; x_wconf 90' lang='lat' dir='ltr'><strong>habet</strong></span> <span class='ocrx_word' id='word_1_249' title='bbox 1291 3572 1429 3644; x_wconf 90' lang='lat' dir='ltr'><strong>demum</strong></span> <span class='ocrx_word' id='word_1_250' title='bbox 1446 3575 1624 3666; x_wconf 89' lang='lat' dir='ltr'><strong>propriam</strong></span> <span class='ocrx_word' id='word_1_251' title='bbox 1651 3576 1689 3648; x_wconf 89' lang='lat' dir='ltr'><strong>iu</strong></span> <span class='ocrx_word' id='word_1_252' title='bbox 1706 3577 1842 3670; x_wconf 86' lang='lat' dir='ltr'><strong>oppido</strong></span> 
     </span>
     <span class='ocr_line' id='line_1_27' title="bbox 287 3693 523 3764; baseline -0.008 0"><span class='ocrx_word' id='word_1_253' title='bbox 287 3693 523 3764; x_wconf 86' lang='lat' dir='ltr'><strong>Tamoviensi.</strong></span> 
     </span>
    </p>
   </div>
   <div class='ocr_carea' id='block_1_3' title="bbox 389 3812 1314 3903">
    <p class='ocr_par' dir='ltr' id='par_1_5' title="bbox 389 3812 1314 3903">
     <span class='ocr_line' id='line_1_28' title="bbox 389 3812 1314 3903; baseline 0 -19"><span class='ocrx_word' id='word_1_254' title='bbox 389 3814 477 3884; x_wconf 86' lang='lat' dir='ltr'><strong>Item</strong></span> <span class='ocrx_word' id='word_1_255' title='bbox 504 3812 662 3903; x_wconf 81' lang='lat' dir='ltr'><strong>praelata</strong></span> <span class='ocrx_word' id='word_1_256' title='bbox 687 3813 846 3886; x_wconf 88' lang='lat' dir='ltr'><strong>cauteria</strong></span> <span class='ocrx_word' id='word_1_257' title='bbox 871 3819 994 3886; x_wconf 82' lang='lat' dir='ltr'><strong>taxata</strong></span> <span class='ocrx_word' id='word_1_258' title='bbox 1019 3819 1074 3886; x_wconf 92' lang='lat' dir='ltr'><strong>est</strong></span> <span class='ocrx_word' id='word_1_259' title='bbox 1100 3813 1144 3886; x_wconf 93' lang='lat' dir='ltr'><strong>ad</strong></span> <span class='ocrx_word' id='word_1_260' title='bbox 1171 3866 1314 3884; x_wconf 89' lang='grc'><strong>......</strong></span> 
     </span>
    </p>
   </div>
   <div class='ocr_carea' id='block_1_4' title="bbox 911 4075 1220 4157">
    <p class='ocr_par' dir='ltr' id='par_1_6' title="bbox 911 4075 1220 4157">
     <span class='ocr_line' id='line_1_29' title="bbox 911 4075 1220 4157; baseline 0 -3"><span class='ocrx_word' id='word_1_261' title='bbox 911 4075 1220 4157; x_wconf 84' lang='lat' dir='ltr'><strong>llleeeantorla.</strong></span> 
     </span>
    </p>
   </div>
   <div class='ocr_carea' id='block_1_5' title="bbox 390 4294 1845 4391">
    <p class='ocr_par' dir='ltr' id='par_1_7' title="bbox 390 4294 1845 4391">
     <span class='ocr_line' id='line_1_30' title="bbox 390 4294 1845 4391; baseline 0.006 -27"><span class='ocrx_word' id='word_1_262' title='bbox 390 4295 477 4365; x_wconf 85' lang='lat' dir='ltr'><strong>Item</strong></span> <span class='ocrx_word' id='word_1_263' title='bbox 505 4294 541 4364; x_wconf 94' lang='lat' dir='ltr'><strong>in</strong></span> <span class='ocrx_word' id='word_1_264' title='bbox 558 4295 705 4366; x_wconf 91' lang='lat' dir='ltr'><strong>ecclesia</strong></span> <span class='ocrx_word' id='word_1_265' title='bbox 731 4294 957 4368; x_wconf 86' lang='lat' dir='ltr'><strong>Tamoviensi</strong></span> <span class='ocrx_word' id='word_1_266' title='bbox 983 4301 1038 4367; x_wconf 91' lang='lat' dir='ltr'><strong>est</strong></span> <span class='ocrx_word' id='word_1_267' title='bbox 1063 4295 1195 4367; x_wconf 86' lang='lat' dir='ltr'><strong>uicaria</strong></span> <span class='ocrx_word' id='word_1_268' title='bbox 1220 4300 1389 4386; x_wconf 89' lang='lat' dir='ltr'><strong>perpetua</strong></span> <span class='ocrx_word' id='word_1_269' title='bbox 1415 4317 1476 4368; x_wconf 91' lang='lat' dir='ltr'><strong>seu</strong></span> <span class='ocrx_word' id='word_1_270' title='bbox 1502 4297 1752 4391; x_wconf 82' lang='lat' dir='ltr'><strong>vicecautoria,</strong></span> <span class='ocrx_word' id='word_1_271' title='bbox 1779 4298 1845 4373; x_wconf 79' lang='lat' dir='ltr'><strong>seu</strong></span> 
     </span>
    </p>
   </div>
   <div class='ocr_carea' id='block_1_6' title="bbox 286 4415 1952 4508">
    <p class='ocr_par' dir='ltr' id='par_1_8' title="bbox 286 4415 1952 4508">
     <span class='ocr_line' id='line_1_31' title="bbox 286 4415 1952 4508; baseline 0.008 -21"><span class='ocrx_word' id='word_1_272' title='bbox 286 4417 361 4487; x_wconf 91' lang='lat' dir='ltr'><strong>eius</strong></span> <span class='ocrx_word' id='word_1_273' title='bbox 388 4415 607 4487; x_wconf 90' lang='lat' dir='ltr'><strong>collationem</strong></span> <span class='ocrx_word' id='word_1_274' title='bbox 626 4436 695 4488; x_wconf 93' lang='lat' dir='ltr'><strong>nou</strong></span> <span class='ocrx_word' id='word_1_275' title='bbox 713 4416 820 4489; x_wconf 92' lang='lat' dir='ltr'><strong>hahet</strong></span> <span class='ocrx_word' id='word_1_276' title='bbox 838 4424 961 4489; x_wconf 90' lang='lat' dir='ltr'><strong>cautor</strong></span> <span class='ocrx_word' id='word_1_277' title='bbox 987 4439 1050 4508; x_wconf 93' lang='lat' dir='ltr'><strong>pro</strong></span> <span class='ocrx_word' id='word_1_278' title='bbox 1069 4422 1243 4507; x_wconf 90' lang='lat' dir='ltr'><strong>tempere,</strong></span> <span class='ocrx_word' id='word_1_279' title='bbox 1271 4416 1333 4488; x_wconf 88' lang='lat' dir='ltr'><strong>sed</strong></span> <span class='ocrx_word' id='word_1_280' title='bbox 1351 4417 1474 4490; x_wconf 88' lang='lat' dir='ltr'><strong>haeres</strong></span> <span class='ocrx_word' id='word_1_281' title='bbox 1500 4424 1537 4490; x_wconf 89' lang='lat' dir='ltr'><strong>et</strong></span> <span class='ocrx_word' id='word_1_282' title='bbox 1552 4417 1713 4493; x_wconf 85' lang='lat' dir='ltr'><strong>domiuus</strong></span> <span class='ocrx_word' id='word_1_283' title='bbox 1729 4417 1845 4495; x_wconf 72' lang='lat' dir='ltr'><strong>Timr·</strong></span> <span class='ocrx_word' id='word_1_284' title='bbox 1947 4490 1952 4501; x_wconf 94' lang='lat'><em>.</em></span> 
     </span>
    </p>
   </div>
   <div class='ocr_carea' id='block_1_7' title="bbox 285 4536 1621 4635">
    <p class='ocr_par' dir='ltr' id='par_1_9' title="bbox 285 4536 1621 4635">
     <span class='ocr_line' id='line_1_32' title="bbox 285 4536 1621 4635; baseline 0.002 -28"><span class='ocrx_word' id='word_1_285' title='bbox 285 4536 480 4625; x_wconf 85' lang='lat' dir='ltr'><strong>noviensis,</strong></span> <span class='ocrx_word' id='word_1_286' title='bbox 506 4539 642 4626; x_wconf 86' lang='lat' dir='ltr'><strong>quoties</strong></span> <span class='ocrx_word' id='word_1_287' title='bbox 668 4541 781 4627; x_wconf 87' lang='lat' dir='ltr'><strong>vacat,</strong></span> <span class='ocrx_word' id='word_1_288' title='bbox 806 4537 1080 4635; x_wconf 22' lang='lat' dir='ltr'><strong>confertlillam,</strong></span> <span class='ocrx_word' id='word_1_289' title='bbox 1108 4557 1211 4629; x_wconf 89' lang='lat' dir='ltr'><strong>quarn</strong></span> <span class='ocrx_word' id='word_1_290' title='bbox 1238 4557 1330 4610; x_wconf 91' lang='lat' dir='ltr'><strong>nunc</strong></span> <span class='ocrx_word' id='word_1_291' title='bbox 1356 4542 1453 4610; x_wconf 87' lang='lat' dir='ltr'><strong>tenet</strong></span> <span class='ocrx_word' id='word_1_292' title='bbox 1478 4591 1621 4611; x_wconf 91' lang='grc'><strong>......</strong></span> 
     </span>
    </p>
   </div>
   <div class='ocr_carea' id='block_1_8' title="bbox 423 4796 1707 4902">
    <p class='ocr_par' dir='ltr' id='par_1_10' title="bbox 423 4796 1707 4902">
     <span class='ocr_line' id='line_1_33' title="bbox 423 4796 1707 4902; baseline 0.004 -25"><span class='ocrx_word' id='word_1_293' title='bbox 423 4796 668 4880; x_wconf 79' lang='lat' dir='ltr'><strong>Praebendn</strong></span> <span class='ocrx_word' id='word_1_294' title='bbox 701 4799 1027 4902; x_wconf 78' lang='lat' dir='ltr'><strong>Ternevlensis,</strong></span> <span class='ocrx_word' id='word_1_295' title='bbox 1060 4798 1171 4881; x_wconf 85' lang='lat' dir='ltr'><strong>dieta</strong></span> <span class='ocrx_word' id='word_1_296' title='bbox 1205 4801 1246 4880; x_wconf 83' lang='lat'><strong>8.</strong></span> <span class='ocrx_word' id='word_1_297' title='bbox 1269 4800 1431 4882; x_wconf 78' lang='lat' dir='ltr'><strong>hieriae</strong></span> <span class='ocrx_word' id='word_1_298' title='bbox 1461 4800 1707 4885; x_wconf 73' lang='grc'><strong>(11011111).</strong></span> 
     </span>
    </p>
   </div>
   <div class='ocr_carea' id='block_1_9' title="bbox 285 5018 1847 5483">
    <p class='ocr_par' dir='ltr' id='par_1_11' title="bbox 285 5018 1847 5483">
     <span class='ocr_line' id='line_1_34' title="bbox 390 5018 1847 5112; baseline 0.008 -23"><span class='ocrx_word' id='word_1_299' title='bbox 390 5018 510 5091; x_wconf 90' lang='lat' dir='ltr'><strong>Prima</strong></span> <span class='ocrx_word' id='word_1_300' title='bbox 534 5018 735 5111; x_wconf 87' lang='lat' dir='ltr'><strong>praehenda</strong></span> <span class='ocrx_word' id='word_1_301' title='bbox 761 5018 1033 5093; x_wconf 81' lang='lat' dir='ltr'><strong>Thamariensis</strong></span> <span class='ocrx_word' id='word_1_302' title='bbox 1069 5021 1265 5112; x_wconf 89' lang='lat' dir='ltr'><strong>appellatur</strong></span> <span class='ocrx_word' id='word_1_303' title='bbox 1297 5021 1473 5096; x_wconf 75' lang='lat' dir='ltr'><strong>&#39;commum</strong></span> <span class='ocrx_word' id='word_1_304' title='bbox 1499 5023 1666 5097; x_wconf 83' lang='lat' dir='ltr'><strong>uocabulo</strong></span> <span class='ocrx_word' id='word_1_305' title='bbox 1693 5025 1847 5101; x_wconf 67' lang='lat' dir='ltr'><strong>sonem</strong></span> 
     </span>
     <span class='ocr_line' id='line_1_35' title="bbox 285 5138 1846 5238; baseline 0.008 -29"><span class='ocrx_word' id='word_1_306' title='bbox 285 5138 422 5211; x_wconf 89' lang='lat' dir='ltr'><strong>Mariae</strong></span> <span class='ocrx_word' id='word_1_307' title='bbox 449 5139 492 5211; x_wconf 89' lang='lat' dir='ltr'><strong>de</strong></span> <span class='ocrx_word' id='word_1_308' title='bbox 520 5140 663 5230; x_wconf 85' lang='lat' dir='ltr'><strong>Castro,</strong></span> <span class='ocrx_word' id='word_1_309' title='bbox 689 5147 753 5214; x_wconf 89' lang='lat' dir='ltr'><strong>aut</strong></span> <span class='ocrx_word' id='word_1_310' title='bbox 776 5139 968 5213; x_wconf 85' lang='lat' dir='ltr'><strong>Divisionis</strong></span> <span class='ocrx_word' id='word_1_311' title='bbox 999 5141 1265 5233; x_wconf 88' lang='lat' dir='ltr'><strong>Apostolorum,</strong></span> <span class='ocrx_word' id='word_1_312' title='bbox 1293 5164 1382 5235; x_wconf 86' lang='lat' dir='ltr'><strong>quae</strong></span> <span class='ocrx_word' id='word_1_313' title='bbox 1407 5164 1451 5215; x_wconf 86' lang='lat' dir='ltr'><strong>ex</strong></span> <span class='ocrx_word' id='word_1_314' title='bbox 1476 5145 1720 5237; x_wconf 84' lang='lat' dir='ltr'><strong>proventibus,</strong></span> <span class='ocrx_word' id='word_1_315' title='bbox 1754 5168 1846 5238; x_wconf 78' lang='lat' dir='ltr'><strong>quos</strong></span> 
     </span>
     <span class='ocr_line' id='line_1_36' title="bbox 286 5259 1845 5361; baseline 0.007 -31"><span class='ocrx_word' id='word_1_316' title='bbox 286 5259 460 5350; x_wconf 89' lang='lat' dir='ltr'><strong>quondam</strong></span> <span class='ocrx_word' id='word_1_317' title='bbox 486 5262 609 5333; x_wconf 88' lang='lat' dir='ltr'><strong>habuit</strong></span> <span class='ocrx_word' id='word_1_318' title='bbox 636 5260 835 5351; x_wconf 87' lang='lat' dir='ltr'><strong>praebenda</strong></span> <span class='ocrx_word' id='word_1_319' title='bbox 852 5263 1039 5334; x_wconf 83' lang='lat' dir='ltr'><strong>castrensis</strong></span> <span class='ocrx_word' id='word_1_320' title='bbox 1065 5262 1159 5333; x_wconf 90' lang='lat' dir='ltr'><strong>tituli</strong></span> <span class='ocrx_word' id='word_1_321' title='bbox 1186 5262 1219 5334; x_wconf 90' lang='lat' dir='ltr'><strong>S.</strong></span> <span class='ocrx_word' id='word_1_322' title='bbox 1237 5262 1372 5337; x_wconf 88' lang='lat' dir='ltr'><strong>Mariae</strong></span> <span class='ocrx_word' id='word_1_323' title='bbox 1399 5264 1441 5336; x_wconf 91' lang='lat' dir='ltr'><strong>de</strong></span> <span class='ocrx_word' id='word_1_324' title='bbox 1469 5270 1584 5337; x_wconf 90' lang='lat' dir='ltr'><strong>castro</strong></span> <span class='ocrx_word' id='word_1_325' title='bbox 1604 5264 1845 5361; x_wconf 83' lang='lat' dir='ltr'><strong>Tamovieusi,</strong></span> 
     </span>
     <span class='ocr_line' id='line_1_37' title="bbox 286 5379 1845 5483; baseline 0.008 -30"><span class='ocrx_word' id='word_1_326' title='bbox 286 5379 430 5453; x_wconf 76' lang='lat' dir='ltr'><strong>solidata</strong></span> <span class='ocrx_word' id='word_1_327' title='bbox 465 5388 501 5454; x_wconf 92' lang='lat' dir='ltr'><strong>et</strong></span> <span class='ocrx_word' id='word_1_328' title='bbox 528 5381 650 5458; x_wconf 90' lang='lat' dir='ltr'><strong>dotata</strong></span> <span class='ocrx_word' id='word_1_329' title='bbox 676 5389 748 5474; x_wconf 89' lang='lat' dir='ltr'><strong>est,</strong></span> <span class='ocrx_word' id='word_1_330' title='bbox 785 5404 887 5479; x_wconf 89' lang='lat' dir='ltr'><strong>quam</strong></span> <span class='ocrx_word' id='word_1_331' title='bbox 913 5404 1005 5457; x_wconf 89' lang='lat' dir='ltr'><strong>nunc</strong></span> <span class='ocrx_word' id='word_1_332' title='bbox 1031 5384 1167 5459; x_wconf 89' lang='lat' dir='ltr'><strong>obtinet</strong></span> <span class='ocrx_word' id='word_1_333' title='bbox 1197 5383 1327 5459; x_wconf 90' lang='lat' dir='ltr'><strong>Paulus</strong></span> <span class='ocrx_word' id='word_1_334' title='bbox 1355 5384 1397 5459; x_wconf 88' lang='lat' dir='ltr'><strong>do</strong></span> <span class='ocrx_word' id='word_1_335' title='bbox 1424 5385 1845 5483; x_wconf 82' lang='lat' dir='ltr'><strong>Wroczimowyczc</strong></span> 
     </span>
    </p>
   </div>
   <div class='ocr_carea' id='block_1_10' title="bbox 0 0 2030 6053">
    <p class='ocr_par' dir='ltr' id='par_1_12' title="bbox 0 0 2030 6053">
     <span class='ocr_line' id='line_1_38' title="bbox 0 0 2030 6053; baseline 0 0"><span class='ocrx_word' id='word_1_336' title='bbox 0 0 2030 6053; x_wconf 95' lang='lat' dir='ltr'><strong> </strong></span> 
     </span>
    </p>
   </div>
  </div>
 </body>
</html>
