4050 6054
1708 486 1783 561 567

229 686 425 781 praelatos,
454 685 636 760 canonicos
663 692 699 761 et
726 685 875 760 vicarios
902 686 967 760 sub
993 686 1095 760 modo
1124 694 1160 759 et
1186 684 1298 760 iorma
1324 687 1564 781 infrascriptis,
1593 692 1628 762 in
1655 690 1787 767 divinis

229 810 350 882 officiis
386 816 422 881 et
457 830 542 881 cura
568 811 761 881 auimamm
796 830 837 881 ac
870 809 1038 898 regimine
1066 809 1298 898 spiritualium
1326 816 1362 881 et
1387 812 1629 901 temporalium
1656 802 1782 905 regen·

229 931 318 1020 dum,
340 931 611 1020 gubernandum,
631 930 891 1019 disponendum,
911 927 1148 1019 ordinandum,
1166 930 1402 1019 regulandum.
1430 931 1478 1002 Et
1494 932 1606 1021 primo
1625 933 1782 1005 volumus

228 1056 266 1122 et
291 1052 486 1140 statuimus,
514 1051 713 1121 ordinamus
731 1055 769 1120 et
786 1050 1034 1139 decernimus,¹
1049 1048 1142 1139 quod
1160 1069 1278 1122 omnes
1296 1056 1332 1122 et
1350 1051 1476 1142 singuli
1495 1052 1666 1141 praedicti
1683 1074 1783 1143 prae-

229 1172 292 1242 lati
320 1172 485 1241 ecclesiae
512 1171 715 1260 collegiatae
743 1168 970 1240 Sandecensis
996 1190 1060 1259 pro
1088 1177 1254 1261 tempore,
1284 1177 1321 1242 et
1348 1191 1467 1243 eorum
1485 1173 1632 1262 quilibet
1649 1174 1685 1243 in
1703 1174 1784 1244 soli-

230 1291 309 1363 dum
337 1292 372 1362 in
399 1312 463 1361 sua
490 1290 668 1380 dignitate,
695 1290 817 1379 officio,
844 1291 900 1361 rel
927 1290 1175 1381 iurisdictione,
1203 1292 1270 1362 sibi
1298 1292 1341 1362 de
1369 1292 1444 1363 iure
1463 1292 1517 1363 vel
1537 1294 1783 1364 consuetudine

229 1412 381 1501 annexis,
409 1412 480 1481 sint
506 1410 644 1482 solliciti
671 1416 707 1480 et
734 1411 927 1500 diligentes,
955 1412 1071 1482 omnia
1097 1418 1133 1481 et
1160 1412 1304 1502 singula,
1333 1413 1377 1483 ad
1405 1433 1503 1482 suam
1530 1434 1649 1484 curam
1675 1415 1783 1505 perti·

230 1532 357 1620 nentia,
383 1530 485 1621 plene
512 1537 548 1602 et
576 1531 710 1620 integre
746 1530 874 1620 absque
902 1532 995 1601 omni
1022 1532 1468 1627 negligentiauperficienda
1495 1538 1529 1603 et
1553 1534 1780 1625 adimplenda,

229 1659 334 1741 prout
369 1657 405 1722 et
441 1652 726 1741 quemadmodum
762 1652 797 1721 in
834 1651 912 1722 aliis
947 1658 1088 1723 nostrae
1120 1652 1287 1723 dioecesis
1318 1651 1558 1724 cracoviensis
1590 1654 1782 1745 collegiatis

229 1773 382 1843 ecclesiis
418 1772 548 1842 similes
575 1772 723 1861 praelati
750 1772 934 1861 perficiunt
960 1778 996 1843 et
1023 1772 1221 1862 adimplent.
1248 1772 1379 1860 Quibus
1399 1775 1555 1845 omnibus
1574 1782 1610 1846 et
1628 1776 1782 1865 singulis,

228 1899 264 1963 et
291 1913 410 1964 eorum
438 1893 580 1965 cuilibet
606 1893 642 1962 in
669 1892 816 1963 solidum
844 1892 887 1962 ad
915 1912 1013 1963 suam
1039 1892 1312 1963 iurisdictionem
1332 1900 1368 1964 et
1387 1893 1536 1965 officium
1554 1895 1781 1967 exercendum

227 2014 364 2103 plenam
401 2018 437 2083 et
473 2011 702 2084 omnimodam
739 2013 859 2082 damus
896 2018 932 2084 et
968 2013 1190 2083 attribuimus
1226 2019 1433 2102 potestatem
1460 2020 1496 2085 et
1523 2017 1781 2087 authoritatem.

229 2131 387 2204 Officium
422 2134 621 2222 praepositi.
666 2132 872 2222 Praeposito
908 2134 938 2203 si
971 2132 1107 2222 quidem
1142 2138 1306 2222 tanquam
1341 2133 1597 2226 principaliori,
1623 2143 1663 2206 ut
1689 2157 1782 2226 cura,

229 2253 484 2339 administratio
520 2254 753 2342 spiritualium
789 2253 936 2323 sollicite
971 2258 1132 2342 geratur,
1165 2254 1334 2324 attendat.
1374 2255 1515 2326 Decani.
1556 2255 1716 2346 Decano,
1743 2263 1782 2328 ut
1864 2304 1870 2313 -

228 2392 345 2444 curam
372 2380 408 2442 et
434 2373 587 2464 regimen
614 2374 832 2463 vicariorum,
852 2374 1072 2462 omniumque
1092 2373 1352 2462 suppositorum
1371 2374 1485 2445 dictae
1503 2376 1678 2466 ecclesiae,
1698 2398 1782 2467 qua·

228 2500 330 2565 tenus
365 2494 400 2563 in
437 2494 563 2565 divinis
599 2493 719 2564 olticiis
756 2494 826 2565 siut
861 2493 1044 2583 diligentes
1071 2498 1106 2563 et
1132 2495 1276 2583 attenti,
1304 2515 1409 2584 seque
1435 2496 1470 2566 in
1497 2496 1599 2568 bonis
1624 2498 1792 2569 moribus.

227 2616 372 2685 honeste
399 2619 435 2685 et
460 2614 681 2685 laardabiliter
707 2615 799 2685 inter
825 2614 989 2704 populum
1016 2614 1072 2684 dei
1099 2615 1343 2704 conversando,
1370 2635 1532 2687 exercere
1551 2616 1723 2703 studeant,
1742 2617 1778 2688 in

228 2756 296 2824 quo
331 2735 406 2805 eius
442 2734 684 2805 conscientiam
722 2754 922 2824 oneramus,
959 2734 1110 2805 fideliter
1145 2740 1264 2824 gerat;
1300 2741 1336 2805 ct
1368 2736 1461 2825 quod
1488 2737 1632 2827 insuper
1659 2743 1780 2809 cantus

228 2856 324 2925 chori
360 2855 569 2944 regulariter
604 2861 640 2926 et
675 2856 836 2926 continue
873 2860 1076 2945 peragatur,
1104 2855 1291 2945 diligenter
1317 2857 1485 2927 attendat.
1524 2857 1779 2930 Archidiaconi.

229 2975 501 3065 Archidiacono‚
528 2982 568 3046 ut
603 2976 875 3046 iurisdictionem
908 2975 1096 3055 earundem
1124 2996 1350 3064 personarum
1376 2977 1575 3066 praedictae
1602 2979 1778 3067 ecclesiae,

228 3102 264 3168 et
291 3097 326 3166 in
354 3097 524 3168 decanatu
551 3097 770 3186 Sandecensi,
793 3097 961 3185 Biecensi,
980 3096 1198 3186 Bobovieusi‚
1217 3096 1417 3185 Novifo'ri,
1434 3096 1608 3187 daslierrsi,
1627 3099 1685 3188 qui
1705 3100 1780 3188 qui·

228 3216 306 3287 dem
342 3216 527 3288 decanatus
561 3222 665 3305 prout
702 3222 783 3287 ante
818 3222 856 3286 et
891 3215 976 3286 alias
1003 3222 1105 3286 erant
1131 3217 1324 3287 visitationi
1351 3222 1387 3286 et
1414 3237 1516 3288 curae
1543 3219 1778 3289 archidiaconi

228 3334 468 3409 cracoviensis
495 3337 649 3426 subiecti,
676 3341 711 3405 et
737 3336 773 3405 in
801 3336 1004 3405 decanatum
1031 3334 1256 3424 Pilsnensem,
1284 3336 1344 3426 qui
1371 3336 1457 3406 alias
1484 3341 1561 3407 erat
1577 3338 1777 3427 praeposito

228 3456 426 3529 Visliciensi
453 3458 645 3545 subiectae,
671 3460 707 3525 ct
734 3475 819 3545 quos
846 3455 889 3525 de
916 3475 1079 3543 expresso
1116 3476 1302 3545 consensu,
1331 3457 1509 3528 voluntate
1545 3464 1581 3527 et
1616 3458 1779 3548 benepla-

229 3580 298 3650 cito
326 3578 574 3650 venerabilium
593 3576 740 3646 fratrum
767 3580 965 3646 nostrorum
993 3575 1122 3645 domini
1139 3576 1277 3646 Derslai
1305 3576 1347 3646 de
1375 3576 1639 3666 Borzynow,
1666 3578 1778 3648 archi-

229 3700 365 3771 diaconi
382 3697 629 3785 cracoriensis,
656 3704 693 3766 et
710 3695 848 3766 Derslai
867 3695 909 3766 de
927 3696 1314 3787 Krryzanovicze
1340 3698 1529 3786 praepositi
1548 3696 1781 3805 Visliciensis

228 3820 507 3909 apraepositura
532 3817 717 3889 Vislicien.·
737 3837 829 3905 eura,
857 3816 978 3905 oitieio,
1007 3817 1315 3907 administratione,
1342 3817 1536 3907 regimine,
1563 3819 1783 3889 authoritate

229 3946 266 4011 et
295 3940 516 4028 visitatione;
544 3945 679 4010 attenta
715 3938 869 4009 eiusdem
901 3936 1098 4008 cracovien.
1126 3937 1427 4009 archidiaconatus
1455 3943 1490 4008 et
1515 3940 1781 4028 praepositurae

227 4061 404 4134 Vislicien.
438 4060 637 4150 multiplici,
666 4079 813 4130 onerosa
849 4065 885 4128 et
912 4078 1094 4129 numerosa
1121 4078 1211 4147 cura,
1239 4064 1443 4147 praesenter
1468 4058 1670 4149 eximimus,
1698 4061 1780 4132 visi-

227 4172 370 4254 tationis
406 4180 556 4252 officium
592 4180 759 4251 solliciter
794 4185 829 4250 ct
856 4179 1002 4248 sollicito
1029 4185 1197 4251 exerceat.
1239 4178 1332 4267 Quos
1360 4180 1498 4269 quidem
1526 4180 1730 4270 decanatus,
1760 4201 1782 4251 a

227 4302 404 4392 praedicto
440 4301 720 4372 archidiaconatu
756 4298 977 4370 cracoviensi
1021 4305 1056 4369 ot
1090 4299 1332 4389 praepositura
1367 4299 1566 4371 Visliciensi
1603 4307 1777 4390 exceptos,

228 4425 264 4494 in
291 4421 606 4494 archidiaconatum
644 4420 830 4491 Sandecen.
861 4419 1120 4509 transierimus,
1156 4426 1192 4489 et
1228 4420 1469 4490 archidiacono
1503 4420 1690 4491 Sandecen.
1716 4441 1780 4510 pro

228 4550 383 4634 tempore
419 4541 602 4613 exercendi
637 4540 872 4630 praelatorum
912 4540 1140 4611 decanatuum
1176 4560 1314 4630 curum,
1349 4542 1522 4630 regimen,
1558 4541 1779 4611 administra-

228 4666 357 4736 tionem
384 4669 420 4735 et
445 4663 682 4734 visitationem
710 4660 752 4732 de
779 4663 853 4731 iure
881 4661 935 4731 vel
963 4660 1209 4731 consuetudine
1237 4662 1272 4730 in
1300 4661 1470 4732 habendis
1488 4660 1674 4751 'perpetuis
1692 4665 1779 4731 tem·

229 4787 373 4874 poribus
398 4783 642 4855 committimus
670 4788 706 4852 et
733 4782 1019 4871 commendamur,
1037 4788 1076 4851 ut
1095 4781 1303 4852 visitationis
1323 4802 1428 4852 onere
1446 4782 1481 4851 in
1500 4783 1617 4872 plures
1636 4782 1776 4871 partito,

228 4907 419 4977 animarum
447 4905 539 4975 salus
555 4892 722 4993 amplior,
750 4902 980 4974 othonorum
1007 4922 1140 4973 morum
1167 4923 1250 4972 usus
1277 4907 1314 4973 et
1340 4902 1563 4973 observantia
1580 4900 1781 4973 foecundior

228 5027 418 5117 proveniat.
454 5024 610 5096 Officium
638 5024 801 5095 custodis.
829 5022 981 5113 custodi,
1009 5030 1049 5094 ut
1075 5023 1265 5095 custodiam
1294 5043 1409 5092 rerum
1437 5029 1472 5092 et
1490 5023 1778 5112 pertinentiarum

228 5147 337 5236 ipsius
364 5146 528 5217 ecclesiae
555 5151 710 5216 exactam
737 5144 911 5216 adhibeat.
946 5144 1034 5214 Item
1059 5150 1101 5215 ut
1127 5145 1238 5214 cultus
1267 5144 1392 5213 devote
1421 5143 1455 5212 in
1486 5143 1605 5214 eadem
1635 5144 1780 5215 ecclesia

228 5272 427 5357 peragatur,
455 5272 624 5357 quatenus
651 5266 783 5336 ordinis
811 5264 1032 5336 observantia
1056 5283 1258 5353 morumque
1286 5263 1498 5353 compositio,
1522 5283 1562 5333 ac
1580 5263 1636 5334 dei
1654 5264 1778 5335 summi

229 5389 357 5461 devota
382 5389 518 5460 cultura
544 5389 752 5459 intuentium
780 5386 897 5461 oculos
922 5390 1085 5457 moveant
1103 5383 1148 5455 ad
1165 5384 1291 5475 divina,
1310 5384 1453 5476 ipsaque
1471 5383 1576 5456 corda
1592 5385 1779 5479 hominum,
