4050 6054
297 393 343 463 96

293 597 535 688 Graooriense,
562 617 647 688 quos
666 594 740 668 vult
759 594 859 687 legit,
886 595 1060 668 interdum
1092 616 1135 666 ex
1153 616 1295 666 numero
1314 594 1522 667 vicariorum
1550 592 1842 682 Cracoviensium,
1863 633 1867 637 -

292 719 465 789 interdum
483 739 525 788 ex
539 738 681 788 numero
701 718 846 787 aliarum
864 737 1090 806 personarum
1108 715 1229 786 officiis
1243 716 1439 786 huiusmodi
1457 716 1729 805 congruentium
1747 721 1844 785 tene-

291 845 349 909 tur
376 844 491 908 autem
524 837 640 927 legere
666 816 832 926 personas
860 836 904 908 ad
931 836 1088 927 praefata
1115 835 1229 907 officia
1254 835 1390 924 fideles,
1426 842 1599 925 maturae,
1634 835 1780 909 factivas
1807 840 1843 905 et

290 959 473 1048 honestus,
500 955 758 1048 circumscripto
787 958 880 1030 omni
894 957 1024 1047 ,favore
1052 962 1087 1027 et
1113 957 1223 1027 livore
1259 962 1295 1027 et
1321 957 1431 1027 solum
1459 956 1617 1027 habendo
1646 961 1842 1046 respectum

291 1078 335 1148 ad
353 1098 578 1168 personarum
605 1078 798 1151 decentiam
825 1085 861 1150 et
878 1078 1040 1166 valorem,
1068 1098 1212 1167 quarum
1239 1076 1320 1147 fidei
1347 1077 1502 1147 clenodia
1529 1083 1564 1148 et
1583 1077 1746 1147 oumnilia
1773 1076 1842 1146 sin-

291 1199 373 1288 gula
400 1199 564 1270 ecclesiae
596 1197 833 1270 Cracoviensis
862 1198 963 1287 digne
982 1198 1095 1288 credi,
1127 1197 1362 1287 committique
1385 1203 1544 1286 possent,
1576 1194 1843 1268 vice-custodias

291 1325 407 1390 autem
433 1319 630 1390 huiusmodi
656 1319 844 1408 capitulum
871 1317 1098 1389 Cracoviense
1125 1339 1168 1388 ex
1187 1318 1286 1389 bonis
1314 1323 1349 1388 et
1368 1318 1568 1389 introitibus
1593 1316 1842 1406 capitularibus

292 1439 392 1510 dotat
418 1445 454 1510 et
481 1439 670 1529 stipendiat
698 1439 838 1545 decimis
870 1444 905 1509 et
931 1439 1156 1528 proventibus
1183 1437 1427 1528 infrascriptis,
1455 1444 1491 1509 et
1508 1438 1585 1509 ideo
1613 1438 1728 1508 nullus
1755 1437 1843 1507 alius

291 1559 359 1629 nisi
386 1559 574 1649 capitulum
601 1559 643 1629 de
671 1559 836 1649 praefatis
859 1558 1100 1631 ricecustodiis
1128 1558 1298 1648 disponit,
1326 1579 1472 1648 quamn
1499 1579 1602 1628 uuam
1628 1577 1720 1629 nuuc
1745 1562 1843 1628 tenet

291 1677 417 1751 Petrus
444 1679 677 1770 Swyetlik,
705 1681 850 1751 alteram
869 1679 1029 1750 Andreas
1048 1680 1090 1750 de
1110 1677 1273 1769 Gorka,
1301 1680 1422 1749 vicarii
1449 1678 1609 1780 perpetui
1628 1676 1843 1748 canonicales

296 1797 550 1871 Cracovienses.
1090 1872 1092 1877 .

396 1919 657 2009 Lrnwnrown,
675 1920 758 1992 villa
772 1921 835 1993 sub
849 1920 1014 2010 parochia
1027 1919 1190 1991 ecclesiae
1206 1920 1248 1990 de
1266 1919 1410 2011 Byesz
1421 1919 1539 2009 adky
1557 1938 1666 2008 prope
1680 1917 1841 2006 oppidum

294 2039 479 2112 Czchou
498 2042 583 2131 sita,
603 2042 836 2112 cuiushaeres
854 2040 1074 2130 Nanaylro
1097 2039 1512 2131 Wyelyoglowsky,
1539 2038 1723 2109 nobilisde
1742 2037 1842 2109 domo

295 2160 603 2251 Antiquorum
634 2160 872 2252 Equorum.
915 2161 956 2233 ln
976 2180 1043 2251 qua
1070 2167 1151 2232 sunt
1177 2160 1293 2230 decem
1321 2164 1357 2229 et
1379 2166 1456 2231 octo
1484 2159 1576 2229 lanei
1601 2158 1844 2246 cmethonales,

291 2302 363 2352 nna
388 2284 553 2372 taberna,
589 2288 662 2355 tres
688 2283 906 2354 hortulaniae
933 2283 1101 2353 habentes
1128 2301 1251 2370 agros,
1275 2280 1328 2350 ’(11
1357 2280 1480 2369 quibus
1512 2278 1669 2351 omnibus
1696 2278 1843 2349 solvitur

298 2401 430 2474 decima
455 2403 680 2494 manipularis
707 2424 771 2492 pro
803 2402 953 2493 capitulo
982 2401 1220 2491 cracoviensi,
1247 2401 1282 2471 in
1310 2422 1410 2471 usum
1436 2407 1553 2471 tamen
1580 2399 1845 2488 vicecustodum,

298 2528 335 2592 et
366 2523 503 2594 ducitur
535 2544 598 2613 per
630 2524 760 2594 incolas
796 2525 832 2594 ln
863 2524 1024 2594 horreum
1057 2543 1120 2613 per
1151 2521 1387 2593 vicecustodes
1428 2519 1610 2591 locandum
1641 2525 1677 2590 et
1708 2519 1847 2590 solvunt

297 2642 463 2714 decimam
491 2645 613 2733 canapi
644 2663 707 2732 per
734 2649 883 2733 quatuor
909 2644 1048 2733 ierugas
1093 2649 1128 2714 11
1155 2643 1359 2713 aestimatur
1390 2641 1488 2711 valor
1522 2640 1673 2711 decimae
1700 2641 1773 2711 eius
1800 2640 1844 2710 ad

297 2762 423 2852 viginti
447 2784 590 2835 marcas.
634 2740 731 2834 Haec
749 2764 876 2834 etenim
894 2764 1042 2853 decima,
1069 2770 1234 2854 quantum
1263 2763 1307 2833 ad
1325 2763 1593 2852 proprietatem,
1619 2761 1774 2850 pertinet
1800 2760 1844 2831 ad

296 2884 483 2973 capitulum
512 2884 759 2974 Gracoviense,
791 2885 920 2956 donata
946 2890 1000 2955 est
1027 2885 1178 2974 capitulo
1207 2882 1428 2955 Cracoviensi
1460 2889 1626 2973 perpetue
1654 2901 1716 2971 per
1742 2880 1845 2953 Vin-

296 3005 498 3095 centium,
526 3006 722 3095 episcopum
741 3004 1015 3094 Cracoviensem,
1043 3024 1119 3075 cum
1138 3004 1216 3075 aliis
1227 3002 1376 3105 decimis
1393 3003 1668 3093 manipularibus
1688 3008 1724 3073 et
1741 3022 1844 3092 pecu-
1894 3034 1897 3039 ’
1945 3039 1952 3049 -

294 3124 416 3195 11111111
447 3125 538 3196 circa
573 3124 732 3196 Czhow
764 3125 1050 3213 consistentibus,
1087 3145 1190 3216 quam
1221 3123 1407 3214 capitulum
1445 3122 1675 3195 Oracoviense
1706 3144 1843 3195 mensae

295 3265 378 3315 suae
405 3251 441 3315 et
467 3245 544 3317 aliis
571 3245 928 3317 administrationibus
954 3246 1221 3334 praeiudicando
1248 3246 1284 3314 in
1311 3245 1546 3315 ricecustodes
1574 3242 1715 3315 confert.

399 3365 730 3455 Srnznnnowmzn,
760 3365 844 3436 villa
872 3365 934 3436 sub
961 3366 1127 3454 parochia
1160 3364 1323 3436 ecclesiae
1360 3365 1402 3435 de
1429 3364 1741 3435 Koszoczicze
1768 3364 1845 3454 sita,

295 3483 331 3554 in
360 3506 427 3574 qua
454 3485 640 3575 capitulum
667 3485 774 3556 habet
800 3507 905 3556 unmn
931 3484 1076 3575 laneum,
1103 3485 1288 3580 habentem
1315 3483 1523 3556 sufficientes
1551 3506 1653 3575 agros
1680 3491 1716 3556 et
1733 3491 1845 3574 prate,
1915 3470 1920 3477 ¹

295 3604 338 3675 de
366 3594 489 3696 quibus
517 3605 648 3676 decima
674 3605 899 3695 manipularis
927 3605 1018 3676 cedit
1049 3626 1113 3694 pro
1140 3606 1305 3695 capitulo,
1341 3605 1398 3695 qui
1427 3606 1470 3677 ab
1498 3607 1656 3678 omnibus
1682 3604 1844 3694 servitiis

297 3724 474 3797 laboribus
492 3725 598 3814 liber,
618 3725 721 3797 solvit
739 3747 802 3816 pro
822 3747 925 3798 censu
949 3731 984 3797 et
1003 3725 1136 3796 decima
1153 3724 1428 3798 vicecustodibus
1452 3725 1536 3797 duas
1563 3746 1697 3797 marcas
1715 3728 1845 3797 annua-

297 3845 378 3936 tim,
400 3843 571 3934 profesto
594 3844 713 3917 Sancti
743 3845 890 3918 Martini
913 3847 999 3917 duos
1035 3847 1145 3936 gallos
1168 3853 1204 3918 et
1222 3847 1402 3936 sexaginta
1424 3868 1502 3937 ova,
1533 3851 1569 3917 et
1586 3847 1732 3937 ipsemet
1758 3865 1854 3917 cmo-x

216 3998 220 4004 ·
295 3965 357 4035 tho
384 3965 484 4037 laneo
510 3967 666 4037 residens
693 3973 833 4038 tenetur
860 3967 926 4038 sibi
962 3967 1004 4037 de
1032 3967 1197 4038 aedificiis
1229 3967 1440 4057 quibuslibet
1466 3966 1668 4055 providere,
1696 3966 1842 4037 residui-

295 4091 350 4157 tas
385 4075 500 4156 autem
533 4086 711 4175 praefatae
737 4087 840 4157 villae
867 4087 1021 4175 pertinet
1056 4087 1100 4157 ad
1126 4086 1382 4177 sigismundum
1409 4087 1451 4158 de
1486 4086 1844 4177 Koschoczicze,

296 4205 445 4276 nobilem
477 4206 519 4275 de
551 4207 651 4277 domo
679 4206 820 4276 Rawa.
865 4205 1021 4295 Quatuor
1046 4206 1265 4278 hortulaniae
1297 4208 1333 4277 in
1359 4207 1524 4279 suburbio
1561 4206 1781 4278 Cracoviensi
1808 4207 1844 4277 in

296 4323 520 4416 Kawyory
547 4327 644 4416 sitae,
672 4327 736 4398 sub
763 4324 928 4415 parochia
954 4328 1116 4399 ecclesiae
1144 4326 1262 4399 Sancti
1288 4326 1456 4416 Stephani
1482 4328 1518 4398 in
1545 4326 1782 4416 Craoovia,
1809 4331 1845 4397 et

297 4446 473 4536 quaelibet
497 4447 699 4519 hortulania
726 4468 788 4537 pro
817 4448 967 4538 capitulo
995 4448 1215 4520 Granouiensi
1246 4449 1281 4518 in
1309 4469 1429 4519 manus
1462 4453 1497 4518 11
1524 4449 1559 4518 11
1586 4469 1685 4519 usum
1711 4448 1845 4519 111111-

297 4566 433 4637 stodum
461 4566 565 4639 solvit
591 4588 654 4655 pro
674 4588 778 4639 censu
804 4590 917 4640 annuo
944 4591 1008 4660 pro
1026 4567 1115 4640 festo
1142 4567 1261 4640 Sancti
1285 4568 1432 4640 Martini
1459 4567 1606 4640 sedecim
1633 4589 1784 4658 grossos,
1809 4573 1845 4638 et

298 4706 431 4757 summa
456 4686 539 4758 facit
565 4708 667 4758 unam
695 4666 901 4779 sexagenum
928 4696 964 4761 et
992 4695 1141 4779 quatuor
1167 4710 1315 4778 grossos.

328 4864 334 4870 .
402 4807 489 4878 Item
517 4808 559 4879 de
586 4810 740 4898 pecuniis
767 4810 1016 4900 capitularibus
1044 4810 1147 4881 datur
1173 4809 1449 4881 vicecustodibus
1476 4808 1642 4900 praefatis
1677 4828 1741 4899 per
1766 4827 1846 4897 pro—

240 4999 243 5007 ,
298 4932 493 4999 curatorem
529 4929 672 5019 capituli
710 4951 779 5001 nna
816 4951 988 5020 sexagena
1015 4931 1082 5019 ita,
1119 4930 1211 5020 quod
1246 4929 1292 5001 od
1318 4929 1493 5020 quaelibet
1528 4936 1686 5020 tempora
1717 4929 1845 4999 dantur

297 5049 462 5121 ambobus
490 5050 684 5141 quindecim
719 5051 833 5140 grossi
861 5050 905 5120 ad
932 5056 1130 5140 computum
1157 5053 1193 5120 et
1218 5048 1391 5121 rationem
1417 5049 1614 5121 huiusmodi
1641 5069 1845 5139 sexagenas.

299 5169 386 5242 Item
413 5170 456 5241 de
482 5171 585 5243 horto
609 5170 724 5241 'altero
761 5169 917 5241 inferiori
953 5171 987 5240 in
1023 5169 1300 5262 Stradomya
1335 5171 1402 5241 sito
1431 5170 1623 5261 capitulari,
1662 5168 1765 5240 datur
1792 5169 1845 5239 eis

298 5293 408 5365 omnis
441 5296 564 5362 census
591 5311 655 5379 per
680 5296 859 5380 regentem
886 5289 1037 5380 capitulo
1069 5290 1146 5361 dari
1177 5289 1313 5380 solitus,
1340 5296 1414 5361 tres
1440 5289 1603 5362 videlicet
1628 5288 1782 5360 fertones
1809 5288 1845 5359 in
