4050 6054
1704 379 1783 451 569

228 590 440 667 ministrare:
476 586 563 663 Item
591 588 786 679 statuimus,
818 586 1016 662 ordinamus
1037 584 1079 659 vet
1097 582 1322 678 decernimus,
1348 584 1440 677 quod
1467 607 1556 659 nurus
1583 609 1625 659 ex
1646 590 1784 662 vicariis

228 734 354 787 nomen
369 706 509 815 'hdhe'et
544 696 855 809 xicepraepositus,
891 709 950 800 qui
986 709 1173 781 eminentia
1207 710 1301 780 ultra
1336 709 1422 780 alios
1454 710 1603 783 vicarios
1631 708 1784 787 eiusdem

229 834 394 907 ecclesiae
418 802 456 905 in
482 833 777 926 processionibus,
809 832 936 939 divinis
964 830 1086 905 officiis
1120 829 1322 902 ordinandis
1357 835 1393 902 et
1419 833 1644 924 exequendis,
1671 835 1783 907 instar

228 943 464 1045 praelatorum
508 962 544 1026 et
580 955 822 1027 canonicorum
857 952 1010 1043 gaudeat
1048 957 1085 1023 et
1111 950 1296 1041 insignitus
1333 950 1397 1041 sit,
1432 950 1528 1023 velut
1563 956 1783 1046 praepositus

229 1077 322 1148 inter
348 1076 435 1148 alios
458 1076 634 1166 praelatos
661 1057 897 1146 etcanonicos
915 1074 1082 1165 eminens,
1111 1073 1207 1144 cuius
1225 1092 1407 1161 personam
1427 1073 1461 1144 in
1480 1076 1659 1163 praedicta
1676 1076 1784 1149 eccle-

228 1199 281 1268 sia
307 1202 555 1287 repraesentat.
595 1196 682 1267 Item
714 1195 916 1285 statuimus,
949 1196 1147 1267 ordinamus
1180 1200 1216 1265 et
1247 1194 1478 1284 decernimus,
1510 1174 1603 1284 quod
1635 1199 1782 1288 amplius

229 1318 326 1407 etde
353 1325 491 1390 caetero
519 1317 813 1407 vicepraepositus
840 1322 876 1387 et
894 1316 1015 1387 vicarii
1042 1316 1077 1386 in
1097 1314 1245 1386 solidum
1274 1336 1392 1386 curam
1418 1315 1571 1388 habeant
1597 1324 1633 1389 ct
1659 1310 1784 1409 gerant

229 1440 342 1511 dictae
369 1440 536 1512 ecclesiae
555 1439 760 1528 collegiatae
787 1439 995 1527 animarum,
1024 1458 1125 1527 quam
1144 1437 1272 1507 eteius
1291 1436 1494 1507 exercitium
1521 1438 1556 1508 in
1581 1459 1639 1511 eos
1667 1438 1783 1511 trand-

230 1681 322 1772 quod
348 1680 638 1753 hebdomadarius
666 1702 729 1770 pro
747 1687 903 1770 tempore
930 1681 1082 1750 existens
1109 1679 1144 1748 in
1168 1679 1406 1750 ministrandis
1434 1679 1682 1772 sacramentis,
1710 1680 1783 1754 tam

230 1801 323 1873 sanis
351 1822 453 1892 quam
480 1802 645 1890 infirmiS,
673 1822 749 1872 cum
777 1801 935 1872 omnibus
962 1799 1148 1871 secundum
1176 1800 1331 1871 ordinem
1359 1801 1497 1871 vicariis
1524 1802 1653 1873 habeat
1680 1794 1783 1874 curae

230 1922 450 2011 exercitium,
485 1927 526 1993 ut
553 1922 711 1993 omnibus
744 1920 954 1991 insolidum
989 1919 1165 1990 incumbat
1201 1940 1284 1990 cura
1310 1920 1502 1991 animarum
1528 1922 1596 2012 ita,
1635 1923 1785 2012 quodsi
1821 1941 1825 1949 ·

230 2064 318 2114 unus
346 2041 462 2113 deficit
488 2042 652 2114 idiomate
679 2042 734 2112 vel
770 2041 839 2114 alio
866 2041 1001 2113 defectu
1037 2062 1099 2111 seu
1126 2041 1370 2130 impedimento
1406 2042 1551 2114 notabili
1579 2050 1640 2115 aut
1667 2066 1784 2117 neces·

230 2164 334 2235 sitate
374 2162 585 2252 ineuitabili,
626 2163 717 2234 alter
751 2160 787 2233 in
811 2161 994 2234 charitate
1034 2161 1211 2251 suppleat,
1252 2163 1398 2234 maxime
1439 2163 1474 2232 in
1510 2164 1816 2239 confessionibus·

230 2284 449 2374 generalibus
477 2280 608 2355 Christi
634 2282 802 2372 fidelium,
843 2284 877 2354 in
906 2270 1029 2374 ouibus
1065 2304 1154 2353 unus
1189 2282 1338 2353 alterum
1366 2289 1559 2375 supportet,
1586 2285 1688 2356 modo
1716 2307 1785 2375 quo
1871 2306 1877 2321 *

231 2404 385 2494 poterint
411 2404 564 2495 meliori,
592 2408 631 2475 ut
658 2404 750 2475 salus
778 2403 857 2475 inde
884 2404 1067 2494 proueniat
1093 2404 1305 2491 animarum3
1336 2405 1515 2477 occasione
1542 2406 1639 2476 cuius
1666 2427 1784 2478 omnes

231 2524 433 2615 oblationes,
445 2514 448 2519 ’
460 2516 729 2616 quibuscumque
748 2525 943 2597 nominibus
962 2530 1176 2614 censeantur,
1203 2525 1483 2616 columbationes,
1511 2546 1551 2597 ac
1569 2528 1674 2598 etiam
1693 2549 1784 2599 mor-

232 2645 360 2735 tuaria,
389 2638 744 2735 quaestus‘ecclesiae
772 2646 1008 2737 baptismales,
1036 2645 1358 2735 introductionales,
1385 2646 1564 2737 uigiliales,
1591 2649 1785 2720 tricesimas

233 2772 269 2836 et
286 2766 512 2837 obventiones
538 2768 719 2838 universas
746 2767 924 2838 habebunt
951 2773 988 2836 et
1014 2767 1224 2856 percipient,
1253 2788 1339 2857 quas
1366 2767 1458 2838 inter
1485 2789 1521 2839 se
1544 2770 1681 2861 aequali
1707 2791 1787 2861 par-

232 2887 366 2957 tientur
393 2887 580 2976 divisione;
607 2888 657 2958 ita
692 2894 731 2959 ut
758 2909 822 2960 nec
847 2888 1161 2978 vicepraepositus,
1199 2908 1261 2957 nec
1289 2888 1413 2978 aliquis
1441 2889 1529 2960 alius
1556 2890 1592 2961 in
1620 2891 1787 2981 capienda

208 3007 391 3107 ‚portione
418 3009 523 3078 alium
542 3008 939 3097 vicarium'antecellat,
966 3007 1130 3097 purpuris
1157 3014 1193 3079 et
1210 3009 1329 3079 soricis
1349 3009 1564 3100 staminibus,
1590 3011 1786 3102 luminibus,

233 3148 330 3218 cera,
358 3134 419 3201 aut
445 3128 570 3218 legatis
597 3150 661 3218 pro
689 3128 935 3201 reformat-ione
962 3135 999 3199 ct
1025 3129 1207 3219 sepultura
1233 3131 1417 3220 ecclesiae,
1451 3152 1538 3221 quae
1564 3153 1628 3222 pro
1655 3134 1787 3204 honore

233 3253 270 3319 et
296 3249 448 3320 utilitate
484 3250 648 3321 ecclesiae
681 3249 803 3321 cedere
829 3250 1005 3338 volumus,
1040 3250 1203 3339 exceptis.
1241 3249 1330 3320 Item
1358 3252 1559 3340 statuimus,
1587 3252 1786 3324 ordinamus

233 3374 270 3440 et
305 3362 540 3460 decernimus,
586 3369 678 3459 qrrod
719 3370 865 3459 quilibet
902 3370 1080 3459 praelatus
1126 3375 1163 3440 et
1199 3371 1382 3441 canonieus
1419 3371 1461 3442 de
1498 3395 1587 3444 novo
1624 3378 1786 3462 receptus

235 3494 295 3560 ant
329 3490 565 3580 recipiendus,
601 3512 705 3561 unam
740 3511 885 3579 cappam
920 3489 963 3560 de
991 3510 1146 3579 purpura
1176 3495 1250 3560 ant
1264 3489 1338 3560 eins
1375 3490 1525 3561 valorem
1553 3496 1626 3563 tres
1653 3513 1787 3564 marcas

232 3609 432 3700 praedictae
468 3612 652 3700 ecelesiae,
688 3632 791 3681 unam
826 3631 977 3681 marcam
1004 3630 1067 3699 pro
1095 3608 1271 3680 offertorio
1306 3615 1342 3680 et
1377 3612 1611 3682 consolatione
1640 3588 1787 3684 vicario·

233 3752 324 3821 rum,
359 3732 538 3821 praelatus
566 3732 754 3821 fertonem,
791 3731 976 3802 canonicus
1003 3749 1063 3801 sex
1090 3751 1230 3819 grossos
1257 3751 1321 3819 pro
1349 3732 1554 3802 sacristiano
1581 3731 1665 3803 dare
1692 3741 1788 3805 tene-

233 3856 293 3921 tur
328 3852 419 3923 infra
454 3872 623 3941 mensem,
660 3853 724 3924 sub
761 3850 1123 3923 excommunicationis
1155 3870 1268 3943 poena
1305 3871 1367 3940 per
1404 3872 1467 3923 nos
1503 3859 1539 3924 et
1572 3874 1820 3925 successores-

235 3978 389 4063 nostros,
417 3974 573 4064 quolibet
599 3973 739 4045 excluso
767 3972 1012 4063 impedimento
1039 3972 1075 4042 in
1092 3992 1157 4043 nos
1184 3970 1377 4062 solvendos,
1404 3973 1664 4064 promulganda.
1698 3974 1787 4045 Item

233 4093 420 4165 statuimus
453 4100 490 4165 et
521 4095 721 4166 ordinamus
758 4093 918 4165 districte
950 4094 985 4163 ct'
1016 4093 1081 4165 sub
1112 4093 1476 4165 excommunicationis
1507 4116 1619 4185 poena
1654 4096 1788 4185 praeci·

236 4214 369 4304 pimus,
411 4214 502 4304 quod
539 4236 658 4287 omnes
695 4220 731 4285 et
767 4214 894 4304 singuli
931 4212 1079 4303 praelati
1122 4210 1158 4285 et
1198 4214 1354 4284 canonici
1390 4215 1554 4286 ecclesiae
1590 4216 1788 4306 praedictae

238 4334 465 4408 Sandecensis
491 4356 555 4428 pro
574 4342 739 4427 tempore,
767 4335 990 4407 residentiam
1018 4320 1247 4406 circa'eadcm
1267 4334 1444 4406 ecclesiam
1472 4341 1508 4406 et
1525 4336 1692 4406 beneficia
1718 4358 1790 4426 sua,

236 4456 355 4528 divina
381 4456 495 4528 officia
520 4457 621 4527 niodo
649 4457 808 4546 superius
835 4455 1031 4546 designato,
1058 4455 1132 4527 siue
1152 4456 1244 4526 omni
1270 4456 1481 4546 negligentia
1508 4463 1543 4527 et
1561 4456 1788 4528 diminutione

235 4597 376 4666 perse,
411 4578 466 4647 vel
495 4597 611 4648 eorum
639 4577 787 4647 vicarios
823 4576 951 4648 ibidem
977 4574 1187 4665 perficiendo
1224 4582 1259 4647 et
1286 4575 1505 4666 adimplendo
1534 4576 1635 4665 fiant;
1663 4577 1789 4667 quique

235 4696 340 4768 semel
376 4697 411 4767 in
439 4717 529 4769 anno
557 4718 675 4768 omnes
712 4704 748 4768 et
775 4697 901 4786 singuli
927 4696 973 4767 ad
1000 4697 1186 4786 capitulum
1212 4697 1391 4786 generale,
1429 4697 1520 4787 quod
1549 4697 1583 4768 in
1611 4696 1789 4787 praedicto

234 4816 325 4889 leste
352 4816 498 4888 Sanctae
525 4816 771 4908 Margarethae
799 4818 834 4888 in
858 4817 978 4889 eadem
1006 4818 1152 4890 ecclesia
1177 4839 1241 4891 sua
1259 4818 1403 4908 singulis
1431 4819 1530 4889 anuis
1557 4819 1789 4909 celebrabunt,

235 4938 300 5009 sub
334 4958 446 5027 poena
482 4939 844 5009 excommunicationis
870 4938 1065 5030 praedicta,
1100 4943 1137 5010 et
1162 4938 1268 5009 trium
1305 4959 1500 5011 marcarum
1522 4938 1684 5010 monetae
1711 4959 1789 5010 enr-

236 5058 346 5128 rentis
372 5058 642 5129 irremisibiliter
668 5059 703 5128 in
730 5080 854 5131 manus
887 5060 1077 5151 praepositi
1104 5058 1430 5151 persolvendarum,
1467 5080 1507 5130 ac
1534 5061 1578 5131 ad
1604 5060 1788 5131 utilitatem

236 5178 434 5269 praedictae
462 5181 629 5251 ecelesiae
648 5180 971 5271 convertendarum,
998 5180 1043 5252 ad
1061 5200 1165 5273 quam
1183 5179 1387 5270 exigendam
1406 5181 1510 5250 etiam
1529 5200 1788 5271 percensuram

237 5300 506 5373 ecclesiasticam
545 5301 687 5390 capituli
723 5302 949 5375 Sandecensis
984 5268 1108 5374 dfflrus
1134 5306 1170 5373 et
1196 5299 1404 5372 corderimns
1430 5301 1567 5395 plenam
1594 5301 1789 5374 authorita-

340 5469 387 5508 bin.
401 5470 498 5509 Bencdc.
1585 5441 1624 5502 ῃ
