4050 6054
234 422 308 495 452

231 630 321 702 item
338 625 533 718 praelatum
551 622 665 695 scolae
679 624 885 713 magistrum
899 621 1103 693 scolasticus
1119 619 1358 710 Kyelcaiensis
1374 640 1439 711 pro
1452 624 1614 710 tempore
1631 619 1789 710 solariat,

232 757 268 822 et
287 748 435 838 singulis
461 746 562 816 annis
589 751 732 816 tenetur
757 744 824 814 sibi
850 763 915 832 pro
942 742 1072 812 solario
1098 741 1182 812 darc
1209 794 1352 810 .......
1391 739 1481 812 ltem
1506 741 1603 812 scola
1627 739 1790 832 praedata

231 872 338 941 habet
372 888 489 939 aream
524 866 701 957 propriam
735 865 829 936 inter
863 863 1044 935 ecclesiam
1079 867 1116 934 et
1142 860 1309 952 oppidum
1338 861 1565 952 erlcaiensc
1590 862 1716 950 sitam,
1750 867 1788 933 et

231 992 369 1062 domum
396 990 432 1058 in
458 1008 501 1058 ea
526 992 779 1075 constructam,
815 1006 919 1074 qnam
946 1004 1024 1054 cnm
1051 984 1155 1055 stuba
1185 984 1376 1069 caminata,
1411 982 1543 1073 palatio
1577 989 1616 1054 et
1640 983 1788 1055 ameris

231 1110 480 1182 sufficientibus
506 1108 701 1179 construxit
727 1114 762 1178 et
781 1105 978 1177 aedificarit
1006 1126 1069 1195 per
1086 1125 1168 1175 suos
1194 1115 1354 1194 sumptus
1378 1104 1545 1175 Nicolans
1571 1103 1614 1175 de
1631 1103 1789 1175 Znena

231 1246 313 1304 tunc
340 1229 541 1301 scolasticus
567 1227 792 1319 liyelcieusis,
818 1226 863 1297 ad
881 1226 980 1297 cuins
1006 1227 1112 1297 etiam
1138 1225 1412 1297 aedificationem
1439 1232 1477 1297 et
1494 1225 1788 1298 restaurationem

232 1352 516 1443 quotiescumque
543 1349 660 1439 aliquo
684 1369 769 1419 casu
794 1347 946 1437 collapsa
972 1347 1027 1418 rel
1055 1346 1233 1418 destructa
1258 1346 1383 1435 luerit,
1409 1346 1557 1437 quilibet
1583 1345 1789 1418 scolasticus

231 1472 425 1544 lielciensis
451 1492 515 1561 pro
540 1476 696 1560 tempore
723 1468 907 1558 obligatur.

337 1593 426 1663 ltem
452 1591 636 1662 scolastria
662 1589 880 1680 liyelciensis
905 1590 1010 1660 habet
1037 1589 1214 1679 propriam
1240 1609 1358 1659 aream
1385 1609 1462 1658 cum
1488 1587 1660 1677 pomerio,
1684 1587 1791 1659 burto

233 1722 271 1788 et
295 1725 398 1806 pratu
424 1713 460 1783 in
487 1720 588 1802 parte
622 1711 841 1781 meridionali
875 1710 1040 1780 eeclesiae
1071 1709 1309 1801 Iiyelcziensis
1334 1709 1457 1795 sitam,
1491 1729 1596 1801 qnam
1622 1707 1791 1780 Nicolans

232 1836 276 1908 de
300 1835 457 1907 chna
489 1843 572 1904 tnnc
599 1833 802 1904 scolasticus
834 1831 1070 1924 lipelcziensis
1105 1831 1258 1921 pulchris
1294 1836 1331 1901 et
1357 1829 1593 1919 singularibus
1617 1827 1790 1901 aediliciis

234 1978 276 2029 co
402 1957 439 2026 't.
1648 2006 1653 2013 .

253 1960 424 2155 Ἣ
450 2075 631 2147 scolastria
650 2073 807 2165 praelata
826 2073 1061 2165 lipelcziensis
1087 2075 1183 2145 insta
1201 2074 1317 2145 omnia
1335 2078 1494 2164 regestra
1511 2072 1678 2144 ecclesiae
1704 2068 1793 2145 Ora-

233 2198 406 2272 coriensis
430 2204 551 2268 taxata
576 2208 630 2268 est
658 2195 702 2267 ad
730 2249 898 2265 .......

754 2455 961 2541 &studia
993 2457 1270 2564 Kyalclanaia
1356 2472 1361 2479 ·

262 2674 286 2689 ”
337 2682 471 2771 Quarta
496 2682 663 2753 ecclesiae
680 2680 875 2753 lielciemis
892 2681 1047 2772 dignitas
1073 2681 1147 2752 sire
1164 2688 1373 2771 personatus
1398 2679 1573 2768 custodia,
1599 2679 1679 2770 ipsa
1704 2700 1793 2770 quo-

232 2824 300 2896 que
325 2805 361 2873 in
380 2804 434 2873 sni
452 2802 598 2873 notabili
616 2810 717 2892 parte
743 2824 786 2873 ex
805 2803 949 2873 decimis
974 2810 1010 2872 et
1030 2803 1258 2893 proventibus
1274 2803 1458 2893 plebaniac
1476 2801 1560 2873 olim
1575 2799 1794 2874 Keleaiensis

233 2924 362 2997 Sancto
380 2922 572 2994 ,tdalbertu
590 2923 735 3011 dicatae,
751 2923 898 2995 brndata
916 2933 1021 3013 atque
1039 2922 1161 2993 dotata
1178 2936 1251 3009 est,
1268 2934 1304 2994 et
1323 2924 1527 3011 ricecustos
1544 2923 1621 2995 sire
1637 2922 1793 2995 sicam

233 3045 389 3117 custodis
414 3043 641 3131 lielcziensis,
666 3066 711 3116 ex
737 3045 883 3115 ecelesia
909 3043 1029 3114 Sancti
1055 3042 1240 3115 adalberti
1266 3052 1369 3116 extra
1395 3044 1559 3136 oppidum
1584 3042 1793 3116 Keleaieamc

235 3169 323 3239 sita.
358 3166 453 3236 sulus
479 3166 625 3255 percipit
653 3187 789 3236 omnem
816 3188 860 3237 ex
885 3186 937 3253 ea
965 3165 999 3234 in
1026 3166 1163 3255 signnm
1190 3167 1293 3237 huius
1324 3166 1533 3255 dotationis,
1558 3165 1792 3254 oblationem

232 3300 351 3358 custos
376 3287 483 3356 etiam
509 3285 722 3359 Kelcziensis
756 3309 821 3377 pro
847 3298 1005 3376 tempore
1030 3287 1211 3358 ecelesiam
1242 3287 1478 3359 Kelcziensem
1504 3286 1726 3377 collegiatam
1752 3287 1790 3358 in

232 3428 313 3479 cera
340 3418 375 3478 et
404 3408 502 3493 rino,
529 3407 817 3497 quemadmodum
850 3421 1007 3498 tempore
1033 3409 1240 3498 plebanatus
1264 3408 1379 3480 iacere
1404 3416 1652 3496 conscererat,
1679 3407 1794 3480 admi-

232 3530 379 3600 nistrat.
406 3549 463 3599 res
489 3528 655 3599 ecelesiae
680 3542 716 3600 et
744 3528 918 3619 quaelibet
945 3529 1079 3600 cimelia
1106 3531 1143 3601 in
1169 3553 1232 3602 sna
1259 3538 1355 3602 tenet
1382 3551 1467 3601 cura
1493 3540 1529 3600 et
1555 3527 1727 3618 muenia
1752 3536 1793 3601 et

231 3650 468 3721 sanctuarinm
493 3648 658 3721 ecclesiae
676 3648 890 3721 Kelcziensis
920 3651 1059 3721 unicum
1081 3653 1232 3723 instituit
1259 3663 1295 3723 et
1314 3652 1485 3739 destituit,
1510 3671 1577 3741 pro
1593 3670 1659 3721 sno
1684 3649 1792 3722 libito

231 3780 268 3842 et
285 3772 374 3842 bene
392 3771 531 3860 placito.
566 3770 769 3842 Custodiam
791 3770 987 3862 praefatam
1002 3782 1098 3844 tenet
1117 3795 1208 3844 nnnc
1224 3773 1404 3845 lohannes
1421 3774 1465 3844 de
1482 3773 1546 3844 Da
1556 3773 1796 3844 mbrowka

231 3892 375 3981 artium
401 3891 598 3981 theologiae
624 3900 662 3963 et
678 3912 849 3963 canonum
874 3892 947 3965 Dr..
972 3893 1028 3962 rir
1053 3894 1090 3963 iu
1116 3895 1227 3965 sacris
1252 3895 1383 3966 litteris
1408 3904 1447 3965 et
1469 3894 1633 3965 humanis
1659 3893 1795 3984 optimc

233 4012 412 4083 eruditus.
438 4013 537 4083 cuins
562 4013 700 4103 quidem
727 4014 907 4085 custodiae
933 4014 971 4084 bi
996 4026 1076 4086 sunt
1103 4027 1305 4105 proventus

338 4131 512 4223 Oppidum
538 4133 746 4207 Kielcze.
780 4137 817 4206 in
843 4157 930 4225 qno.
964 4146 1138 4227 utsupra
1172 4139 1393 4228 scripsimus.
1427 4138 1613 4228 collegiata
1643 4136 1795 4211 totle&

234 4255 373 4326 existit.
407 4268 443 4325 et
470 4256 537 4325 snb
571 4257 670 4327 cuim
704 4257 869 4347 parocbia
904 4257 1120 4347 praedictum
1155 4259 1320 4348 oppidum
1355 4259 1546 4331 Kielcze
1579 4259 1690 4329 sitnm
1726 4265 1795 4350 α

232 4378 331 4448 cuins
366 4377 505 4466 quidem
540 4378 660 4468 oppidi
695 4380 893 4469 proprietas
927 4391 962 4450 et
990 4379 1178 4451 dominium
1213 4380 1258 4451 ad
1289 4382 1489 4471 episcopum
1524 4379 1796 4453 Cracorienaen

232 4499 336 4589 pleno
372 4500 448 4570 ime
474 4501 645 4589 pertinet.
680 4501 717 4571 in
742 4521 813 4591 qno
838 4512 921 4571 sunt
955 4502 1080 4592 viginti
1114 4513 1265 4592 quatuor
1298 4503 1390 4573 lanei
1416 4502 1556 4573 civiles.
1591 4501 1795 4594 dequibus

233 4620 394 4690 omnibns
419 4621 568 4691 solvitur
593 4621 726 4691 decima
746 4621 972 4711 manipularis
999 4623 1034 4693 iu
1053 4646 1123 4694 nnc
1140 4645 1233 4694 anno
1250 4624 1352 4715 plene
1377 4638 1412 4694 et
1430 4625 1566 4714 integre
1592 4645 1657 4714 pru
1674 4630 1796 4705 σώ-

231 4740 291 4811 dia
317 4740 546 4829 Klete-aiensi,
580 4743 618 4812 in
642 4742 757 4813 altero
792 4759 910 4813 antem
934 4764 1027 4816 anno
1051 4731 1186 4815 decima
1216 4744 1374 4835 praelata
1400 4745 1677 4833 dirersilicatm
1709 4769 1797 4822 nam

230 4882 302 4932 una
327 4862 498 4933 medietas
532 4863 609 4934 eins
642 4862 734 4934 cedit
768 4864 949 4936 custodiae
983 4865 1210 4953 meletiani,
1245 4867 1358 4938 altera
1392 4889 1478 4939 reru
1508 4867 1681 4939 medietas
1713 4871 1797 4945 cin

230 4982 326 5053 cedit
352 4983 571 5072 praebendae
596 4983 823 5057 Kielcaiensi
853 5000 999 5058 rotatae
1015 4986 1296 5077 Pirmznicaska,
1322 5002 1360 5060 et
1376 5002 1545 5061 tenentur
1568 4990 1665 5061 illam
1690 4995 1796 5084 oppi—

229 5102 313 5175 dani
338 5106 496 5195 propriis
520 5106 683 5177 cambus
716 5106 844 5179 ducere
869 5108 907 5178 in
933 5108 1097 5180 borreum
1132 5131 1153 5180 a
1180 5109 1327 5182 custode
1351 5109 1578 5187 Kielcriensi
1603 5112 1660 5185 rel
1685 5133 1796 5187 taan-

231 5225 1799 5327 aieulocandan.etnlcneias,danestmtegraaestinataradqaindecinaatas,

231 5345 624 5441 aliqnanduadriginti
640 5370 793 5441 ωαες
817 5351 1350 5455 qaandoreroestdimidiata,
1375 5356 1582 5431 aestiuum
1609 5356 1800 5433 addacem
