4050 6054
236 472 312 548 ll8

231 682 391 768 dicatam,
415 678 514 749 cuins
539 676 665 747 laeves
690 673 812 766 Spitelv
836 672 1127 764 llelstinslty
1152 673 1319 745 dedomo
1343 669 1531 773 Leliva
1552 671 1687 765 Indua
1704 679 1799 746 sunt

231 799 492 892 quatuordecim
516 797 609 868 lanei
642 804 679 866 et
704 817 766 866 sex
794 797 914 885 virgae
949 795 1203 883 cmethonales,
1237 794 1282 864 de
1307 794 1435 884 quinus
1467 788 1620 865 aolm'tu‘
1648 792 1798 867 dcci-a

230 920 422 1012 pecnnialis
446 939 513 1009 pro
538 917 691 1008 capitulo
715 915 957 1004 (lncoviensi,
991 916 1036 986 de
1063 915 1219 1005 quolibet
1252 915 1354 986 laneo
1386 934 1453 1005 per
1475 934 1585 987 ann
1607 912 1793 987 ἕποιο

230 1035 1796 1129 latommgrossorumPragensiumitemestibiunascultetialabmspociales

231 1183 345 1252 agros,
370 1161 415 1231 de
440 1161 567 1250 quibus
592 1158 742 1230 solvitur
765 1164 802 1228 et
827 1157 1033 1228 conducitur
1058 1157 1192 1227 decima
1207 1156 1435 1246 manipularis
1459 1164 1498 1227 ct
1521 1155 1699 1247 campalis
1717 1176 1795 1246 pro

232 1282 379 1354 ecclesia
404 1289 440 1351 et
466 1280 615 1370 plebano
641 1280 678 1349 in
709 1278 1004 1366 Braoszoua,
1038 1288 1076 1349 et
1102 1277 1201 1348 valor
1226 1278 1302 1348 eius
1327 1277 1373 1347 ad
1398 1278 1488 1347 duas
1512 1296 1664 1364 amem
1697 1277 1793 1348 ita·

232 1403 377 1474 ecclesia
402 1402 508 1472 habet
536 1401 585 1470 ibi
608 1399 781 1489 speciales
806 1418 911 1488 agros
945 1399 1075 1469 liberos
1101 1419 1122 1469 a
1149 1399 1302 1486 decima,
1336 1408 1373 1469 et
1397 1407 1502 1487 prata
1527 1417 1594 1488 pro
1617 1416 1683 1468 suo
1708 1418 1791 1487 m,

231 1523 375 1614 praedio
400 1530 438 1593 et
463 1521 683 1608 necessitate,
709 1521 793 1591 item
811 1528 953 1590 nonest
979 1520 1029 1590 ibi
1054 1518 1246 1608 praedium,
1272 1520 1356 1590 item
1383 1527 1466 1589 sunt
1491 1519 1583 1589 dnae
1602 1518 1789 1609 talanat,

231 1645 316 1715 item
341 1643 561 1714 hortulaniae
586 1640 687 1730 duae,
713 1640 776 1711 sed
800 1660 872 1711 non
898 1641 1029 1712 habent
1055 1661 1170 1730 agros

334 1762 573 1850 mmm,
612 1762 697 1832 villa
722 1762 787 1832 sub
813 1762 979 1851 parochia
1002 1761 1169 1832 eeclesiae
1195 1759 1240 1832 de
1265 1759 1675 1851 Oppatlrlovvcze
1703 1760 1789 1851 sita

234 1885 333 1956 cuins
357 1884 527 1957 haeredes
552 1881 899 1954 Luczslavsczi
934 1882 980 1952 dc
1004 1882 1112 1953 armis
1138 1880 1397 1952 Pirzclnala
1441 1882 1483 1952 ln
1509 1902 1580 1972 qua
1603 1888 1688 1953 sunt
1712 1881 1787 1953 duo

234 2005 326 2078 lanei
349 2004 600 2093 methonales,
633 2003 831 2096 dequibus
865 2002 1141 2076 solviturum
1173 2001 1266 2074 ferto
1300 2003 1491 2074 communis
1524 2003 1694 2093 pecuniae
1717 2022 1788 2093 pro

233 2126 387 2218 moto
410 2125 645 2219 (namneum

278 2372 482 2455 Baniurae
512 2371 797 2477 manipulares
826 2370 1000 2475 capituli
1030 2368 1350 2471 cucumores,
1381 2373 1500 2452 clena
1531 2369 1734 2475 oppidum

729 2510 977 2616 ltosszyozc
1006 2512 1308 2592 consistentes.

335 2729 505 2805 Donum
530 2739 568 2804 et
593 2730 855 2823 amplitudinem
880 2731 1048 2803 ecclesiae
1073 2729 1314 2804 Cnacoviensis
1339 2728 1575 2820 sbigneus
1599 2730 1792 2821 episcopua

233 2851 493 2942 Gracovinais,
527 2872 550 2923 a
574 2853 690 2924 mnus
714 2851 865 2924 Summis
890 2851 1116 2924 Pontificrlous
1149 2851 1360 2942 Eugeuio
1385 2850 1457 2940 lv,
1490 2850 1652 2922 Felice
1675 2848 1722 2922 V.
1747 2860 1792 2925 et

234 2973 429 3044 Nicolao
455 2972 509 3062 V,
534 2974 581 3046 ob
597 2994 679 3044 suas
703 2974 860 3063 insignes
879 2973 1031 3044 virtutes
1048 2982 1084 3043 et
1100 2974 1236 3062 merita,
1261 2974 1298 3044 in
1316 2972 1465 3043 &notae
1481 2972 1659 3043 Romanae
1674 2971 1791 3044 accle-

233 3094 308 3165 siae
331 3094 430 3164 tituli
453 3092 601 3164 Sanctae
616 3093 759 3165 Pn'scae
784 3095 1028 3184 presbyterum
1046 3094 1257 3164 cardinalem
1281 3100 1473 3184 promotus¹
1499 3092 1658 3182 diligens,
1680 3112 1790 3182 prac-

233 3215 370 3304 cipuam
395 3215 501 3285 etiam
526 3215 748 3286 residentiam
757 3215 803 3284 'in
819 3214 941 3285 eadem
959 3214 1108 3286 ecclesia
1123 3213 1345 3287 cracoviensi
1372 3213 1610 3303 praelatorum
1626 3220 1664 3285 et
1678 3233 1789 3286 cano-

232 3336 389 3407 nicorum
406 3333 603 3426 &murus
620 3342 658 3408 tt
674 3336 840 3407 siveram
856 3333 963 3407 lateri
978 3336 1154 3425 debemus,
1169 3344 1210 3407 ut
1224 3356 1331 3425 super
1347 3335 1492 3406 decimis
1507 3333 1788 3424 manipnlanltus

232 3476 374 3527 mennae
396 3456 605 3547 episcopalis
628 3457 666 3527 in
691 3456 803 3548 villis
820 3454 1259 3548 Ilrzvszanouicze,
1285 3455 1459 3544 Welcz,
1492 3454 1790 3547 Koporynia,

232 3576 513 3668 Parsayvlva
536 3584 574 3648 et
598 3576 837 3669 Kowalvc,
864 3578 1137 3669 quasecclesiae
1154 3578 1359 3667 collegiatae
1385 3577 1422 3647 in
1448 3575 1788 3666 Pvandzicaov

231 3717 300 3788 pu·
319 3716 399 3768 enm
432 3697 649 3788 fundandae,
683 3712 787 3788 quam
816 3719 860 3769 cx
885 3706 968 3789 post
1001 3699 1038 3769 in
1064 3697 1326 3770 conventualem
1361 3696 1496 3768 ordinis
1529 3696 1649 3768 Sancti
1681 3694 1787 3768 Pauli

231 3819 336 3908 primi
360 3819 529 3890 eremitae
554 3819 813 3908 transmutavit,
838 3819 1055 3909 applicabat,
1081 3817 1272 3889 faciliorem
1297 3828 1418 3908 posset
1443 3818 1589 3907 capituli
1613 3818 1787 3909 obtime,

231 3957 339 4026 super
362 3937 571 4009 alienatione
596 3946 766 4030 perpetua
791 3939 943 4011 decimas
977 3938 1211 4028 manipulares
1236 3940 1273 4009 in
1299 3938 1428 4029 oppido
1454 3939 1553 4028 regio
1581 3936 1792 4031 anm-⁰

233 4077 328 4145 cae,
352 4078 459 4148 supra
482 4057 625 4128 fluvium
650 4056 962 4131 Srzcniav'am
987 4061 1068 4148 sito,
1093 4067 1129 4131 et
1156 4060 1193 4130 in
1219 4068 1371 4151 quatuor
1395 4059 1490 4129 villis
1514 4058 1628 4130 eidem
1653 4058 1786 4150 oppido

232 4177 415 4265 contiguis,
432 4178 593 4248 videlicet
610 4177 1046 4271 inWlostlrovpcze,
1072 4179 1405 4269 Prokocziczc,
1431 4179 1786 4270 Sandvsclnovi-

232 4317 310 4368 cre
335 4306 372 4367 et
398 4297 806 4388 ll’ovvanovicze,
842 4321 931 4391 quae
956 4300 1098 4372 donatio
1123 4301 1218 4372 lacta
1242 4312 1298 4372 est
1323 4300 1581 4373 Gracoviae
1605 4299 1693 4371 ier'm
1726 4320 1786 4372 ac·

232 4417 345 4489 cunda
370 4422 453 4509 post
485 4424 630 4490 octavas
664 4418 781 4491 Sancti
805 4420 973 4492 Stanislu
998 4423 1035 4493 in
1060 4421 1169 4514 llavo
1203 4443 1296 4493 anno
1320 4421 1461 4494 llumini
1491 4423 1610 4509 1432,
1642 4421 1688 4492 de
1713 4442 1785 4512 qao

232 4539 387 4611 cinsdm
410 4537 606 4629 Stignei
631 4541 785 4630 episcopi
810 4542 960 4613 labetur
976 4543 1196 4634 privilegium
1222 4544 1383 4634 speciale,
1408 4564 1556 4634 quarum
1572 4543 1785 4614 decimu

231 4660 451 4750 mm,
475 4659 629 4730 valorem
655 4668 693 4730 et
718 4660 827 4731 situm
847 4661 993 4735 inierim
1018 4665 1126 4751 texui3
1151 4664 1238 4735 haec
1255 4665 1362 4735 etiam
1388 4664 1543 4735 decimae
1567 4684 1637 4734 non
1662 4661 1783 4734 conte·

229 4788 360 4851 mtur
380 4780 541 4870 personis
567 4781 717 4869 privatis
741 4780 1062 4875 in‘1aeaestimonia,
1086 4783 1150 4855 sed
1174 4784 1279 4856 alicui
1304 4806 1348 4856 ex
1364 4784 1533 4857 iratribus
1557 4784 1785 4875 arendantar,

230 4899 276 4970 de
299 4900 453 4973 triennio
478 4901 515 4971 in
540 4888 1003 4995 mmmmffiginta
1027 4905 1155 4976 marcis
1179 4926 1272 4978 anno
1297 4906 1452 4996 quolibet
1479 4906 1666 4978 solvendis

331 5018 570 5113 Imma,
595 5020 761 5113 oppidum
783 5024 922 5114 rqssium
948 5025 1214 5117 snpralluvium
1239 5026 1550 5099 Scaeniavram
1575 5029 1693 5115 situm,
1717 5025 1783 5097 lta·

231 5139 318 5211 uns
340 5142 522 5213 centenam
548 5143 792 5233 parochialem,
817 5143 959 5217 filialem
981 5152 1104 5218 umen
1128 5146 1299 5220 ecclesiae
1324 5147 1370 5219 dc
1394 5146 1611 5238 thlnov.
1642 5147 1686 5218 ln
1710 5166 1783 5236 qao

230 5266 314 5331 nt
337 5270 473 5351 septem
497 5284 576 5335 cum
600 5264 717 5337 modio
741 5260 998 5357 lanei⁴civilas,
1032 5267 1117 5338 itcm
1142 5267 1329 5343 duodecim
1363 5268 1583 5343 tortulaniae
1609 5268 1781 5345 bbcutes

230 5382 1432 5481 fflfflsfflffifflfflffl'mms
1464 5384 1781 5481 Μῶωωᾱὴ
