4050 6054
1676 412 1726 489 28

175 615 295 690 unicus
308 613 631 707 Johannes,nobilis
649 615 693 689 do
712 615 813 689 domo
831 613 1057 706 Vulpium.
1075 611 1115 686 ln
1134 635 1203 705 qua
1219 591 1302 687 sunt
1318 613 1411 688 lanei
1424 616 1667 708 amathonales,
1681 619 1725 693 de

130 718 134 723 ⁴
176 736 300 824 quibus
313 736 460 809 solvitur
476 735 610 807 decima
627 735 852 825 manipularis
870 741 907 805 et
920 754 982 823 per
997 737 1146 824 quatuor
1167 734 1305 826 ierugas
1319 737 1494 827 canapalis
1507 738 1725 828 praepositu·
1871 732 1876 737 ’
1943 743 1947 752 ’

174 874 235 934 rac,
253 853 487 944 Oracoviensi3
510 861 547 927 et
564 854 695 926 ducunt
708 874 784 926 eam
801 854 952 944 propriis
971 853 1128 925 curribus
1146 855 1345 927 emethones
1362 856 1399 927 in
1412 856 1575 928 horreum
1590 878 1611 929 a
1624 878 1725 946 prae·
1748 893 1751 901 ·

174 975 288 1064 posito
315 975 505 1048 locandum.
531 975 620 1046 Item
651 975 819 1064 taberna,
845 975 930 1047 item
959 973 1154 1063 hortulani,
1186 974 1270 1046 item
1297 979 1352 1046 est
1380 975 1429 1047 ibi
1454 975 1593 1047 unicum
1625 995 1725 1066 prae-

174 1092 269 1165 dium
287 1095 448 1184 militure‚
475 1093 517 1166 de
537 1115 604 1184 quo
623 1092 755 1166 decima
783 1094 1008 1185 manipularis
1038 1093 1186 1167 solvitur
1203 1114 1267 1185 pro
1298 1094 1443 1167 ecclesia
1472 1095 1664 1185 parochiali
1688 1095 1725 1168 in

174 1211 400 1286 Kosszow.
1101 1197 1105 1205 ’

277 1332 451 1422 Rusuow,
468 1333 552 1406 villa
565 1333 629 1405 suh
643 1333 810 1423 parochia
822 1333 986 1406 ecclesiae
1004 1332 1047 1405 de
1065 1333 1175 1425 Slup
1197 1334 1275 1425 situ,
1293 1335 1390 1408 cuius
1407 1335 1576 1408 haeredes
1593 1332 1725 1409 Johan-
1789 1323 1792 1327 ’

173 1472 244 1542 nes,
253 1451 379 1525 Petrus
393 1458 429 1525 et
444 1452 617 1543 Nicolaus‚
627 1454 760 1526 nobiles
775 1453 817 1528 de
832 1454 932 1526 domo
951 1452 1041 1526 0dr
1051 1475 1071 1525 o
1081 1477 1112 1527 w
1123 1475 1175 1526 an
1185 1476 1201 1526 s
1212 1455 1269 1526 ch.
1287 1455 1327 1526 Iu
1346 1475 1415 1546 qua
1432 1462 1513 1528 sunt
1530 1456 1622 1528 lanai
1635 1476 1725 1528 cma

173 1573 332 1645 thonales
350 1575 474 1665 viginti
492 1591 590 1664 uuus,
617 1564 803 1664 dequibus
822 1572 954 1645 decima
980 1573 1205 1663 manipularis
1229 1578 1266 1646 et
1292 1594 1355 1664 per
1373 1581 1446 1646 tres
1464 1574 1603 1663 ierugas
1621 1593 1724 1647 cana-

175 1693 263 1781 palis
290 1694 438 1767 solvitur
465 1692 685 1766 Cracoriensi
712 1693 994 1784 praepositurae3
1025 1697 1061 1764 et
1088 1691 1219 1764 ducunt
1245 1685 1335 1768 eam.
1348 1694 1547 1767 emethones
1573 1693 1724 1784 propriis

174 1814 333 1886 curribus
350 1814 386 1885 in
404 1815 568 1886 horreum
586 1833 608 1885 a
624 1813 824 1903 praeposito
843 1811 1024 1885 locandum
1051 1816 1088 1883 et
1113 1812 1213 1885 valor
1239 1813 1315 1885 eius
1338 1814 1542 1885 aestimatur
1561 1813 1606 1886 ad
1625 1814 1724 1904 quin·

174 1931 284 2003 decim
301 1953 444 2007 mareas.
470 1933 560 2005 ltem
578 1933 764 2021 tabernae,
781 1932 875 2003 item
892 1931 1089 2022 hortulani,
1115 1931 1200 2003 item
1226 1936 1308 2005 sunt
1326 1931 1375 2004 ibi
1393 1931 1617 2006 duacouriae
1634 1931 1725 2003 mili·

174 2058 278 2142 tanes,
297 2073 385 2143 quae
403 2053 478 2124 iure
501 2051 693 2142 parochiali
718 2051 896 2142 pertinent
921 2051 966 2123 ad
985 2051 1163 2124 eeclesiam
1193 2053 1230 2123 in
1261 2050 1578 2141 Sczekocaini,
1609 2035 1725 2123 cui‘de

172 2171 326 2260 praediis
344 2170 478 2244 duobus
505 2172 640 2244 solvere
666 2176 831 2245 tenentur
858 2170 1025 2243 decimam
1051 2171 1301 2262 manipularem
1324 2160 1374 2242 ‘et
1401 2171 1499 2243 valor
1525 2171 1600 2245 eiua
1618 2171 1723 2243 aesti-

173 2296 289 2362 matur
306 2290 351 2363 ad
369 2296 518 2381 quatuor
534 2311 678 2363 marcas.
1353 2292 1358 2299 '
1671 2274 1681 2285 ’
1838 2382 1842 2391 ,

82 2402 86 2410 “
278 2410 446 2501 Sancus,
460 2411 543 2482 villa
556 2411 619 2482 suh
633 2411 798 2501 parochia
811 2410 976 2505 ecclesiae
990 2409 1033 2482 de
1047 2408 1349 2485 Senekoczini
1362 2411 1440 2501 sita,
1454 2410 1551 2484 cuius
1568 2408 1725 2501 proprie·

173 2536 228 2601 tas
246 2536 282 2602 et
295 2531 493 2604 haereditas
516 2535 552 2602 et
575 2529 762 2603 dominium
775 2533 928 2622 pertinet
941 2530 987 2603 ad
1000 2532 1162 2604 abbatem
1175 2538 1211 2603 et
1224 2531 1471 2605 monasterium
1483 2529 1605 2603 Clarae
1620 2528 1724 2601 'lum-

172 2651 237 2720 bae
255 2649 342 2721 alias
360 2649 430 2721 Mo
440 2649 547 2740 gila,
566 2650 697 2722 ordinis
716 2650 955 2724 cisterciensis
974 2671 1037 2741 pro
1055 2671 1125 2723 una
1143 2656 1256 2740 parte:
1282 2653 1322 2741 in
1339 2673 1408 2743 qua
1425 2657 1506 2724 sunt
1522 2651 1615 2723 lanei
1633 2669 1724 2722 cme-

172 2770 331 2840 thonales
362 2768 560 2859 duodecim,
596 2770 680 2842 item
711 2776 789 2849 octo
821 2770 1059 2860 hortulaniae,
1096 2770 1179 2844 item
1211 2770 1300 2843 duas
1331 2772 1517 2862 tabernae,
1551 2771 1721 2844 hahentes

171 2909 290 2981 agros,
318 2890 401 2995 item
419 2889 557 2962 abbatis
575 2891 672 2963 curia
688 2889 821 2962 habeus
839 2910 942 2979 agros
955 2889 1159 2980 praedialos.
1176 2889 1246 2962 Pro
1260 2891 1372 2962 altera
1390 2896 1507 2963 autem
1524 2889 1721 2981 medietato,

172 3030 234 3082 seu
247 3015 356 3108 parte,
370 3010 524 3099 pertinet
538 3009 583 3082 ad
596 3009 806 3085 Stanlslaum
824 3008 1064 3101 Kosczian,
1082 3010 1231 3082 nobilem
1246 3008 1288 3082 de
1302 3008 1404 3081 domo
1422 3008 1723 3099 Accipitrum:

173 3130 291 3218 inqua
309 3134 391 3201 sunt
409 3129 477 3200 duo
498 3150 575 3202 cum
600 3129 713 3202 medio
744 3131 837 3203 lanei
864 3130 1106 3219 emethonales‚
1132 3136 1168 3202 et
1194 3129 1282 3202 duae
1309 3130 1529 3203 hortulaniae
1555 3129 1723 3202 hebentes

171 3270 287 3340 agros,
305 3231 389 3320 item
408 3251 504 3321 curia
522 3250 683 3322 militaris
701 3251 832 3323 hahens
852 3271 954 3341 agros
972 3249 1175 3341 praediales‚
1194 3249 1237 3321 da
1256 3250 1380 3340 quibus
1399 3249 1566 3339 omnibus,
1592 3249 1722 3342 absque

171 3369 287 3460 aliqua
301 3372 536 3462 diminutione„
546 3379 619 3445 tam
632 3372 793 3444 videlicet
808 3370 851 3443 de
866 3371 959 3462 agris
973 3370 1217 3461 praediahbus,
1226 3391 1334 3461 squam
1348 3369 1630 3458 cmethonalihus‚
1641 3369 1722 3439 hor-

171 3490 368 3562 tulanorum
386 3497 423 3563 et
439 3493 703 3564 tabernatorum
730 3492 878 3565 solvitur
901 3491 1033 3563 decima
1056 3491 1282 3581 manipularis
1309 3491 1572 3581 praepositurae
1594 3488 1719 3562 Croco-

172 3610 283 3681 viensi
307 3616 345 3683 et
360 3630 424 3701 per
442 3611 571 3682 incolas
589 3612 740 3703 propriis
767 3612 926 3683 curribus
954 3610 1091 3682 ducitur
1109 3611 1145 3681 in
1163 3610 1327 3682 horreum
1345 3609 1583 3701 apraeposito
1600 3608 1716 3680 locan-

156 3714 264 3802 dum:
283 3729 326 3802 de
340 3731 433 3820 agris
451 3751 534 3802 vero
553 3730 787 3821 praediahbus
805 3731 943 3804 ducitur
960 3751 1024 3820 per
1041 3731 1266 3818 methonem,
1285 3727 1378 3818 apud
1396 3748 1498 3818 quem
1511 3727 1646 3799 locatm
1660 3726 1719 3799 de·

172 3851 269 3940 eima,
294 3856 332 3923 et
348 3850 487 3923 solvumt
504 3848 671 3921 decimam
689 3851 812 3941 canapi
830 3850 1028 3921 cmethones
1045 3868 1109 3938 per
1127 3855 1199 3920 tres
1217 3849 1370 3938 ierugas,
1397 3854 1433 3920 et
1451 3847 1550 3918 valor
1568 3845 1721 3918 decimae

120 4005 123 4021 =
171 3971 375 4043 aestimatur
393 3971 437 4042 ad
457 3970 614 4043 undecim
633 3990 776 4043 marcas.
793 3970 882 4043 Item
900 3990 982 4060 pars
995 3968 1160 4040 Stanislai
1177 3967 1286 4040 habet
1303 3967 1484 4058 praedium
1501 3965 1662 4057 militare,
1677 3965 1720 4038 de
1767 3974 1784 4014 ·'
1839 4060 1850 4071 .

171 4112 238 4180 quo
257 4091 423 4162 decimam
441 4092 689 4182 manipularem
715 4091 864 4181 percipit
890 4088 1036 4160 ecclesia
1052 4094 1089 4161 et
1106 4086 1273 4177 plebanus
1291 4087 1327 4159 in
1345 4084 1636 4158 Sczehocini:
1661 4106 1721 4157 va·

170 4209 224 4281 lor
251 4210 401 4283 decimae
413 4212 654 4302 'manipularis
673 4230 761 4302 quae
779 4210 871 4282 cedit
901 4230 964 4299 pro
995 4208 1240 4299 praepositura
1256 4205 1486 4298 Oracoviensi,
1517 4204 1721 4285 aestimatur

71 4354 75 4359 ·
171 4329 215 4400 ad
233 4330 351 4403 decem
367 4352 511 4406 marcas.

274 4449 380 4542 Snus,
398 4451 490 4542 villu,
508 4452 544 4523 in
563 4473 631 4542 qua
657 4456 713 4524 est
738 4450 883 4523 ecclesia
895 4449 1113 4541 parochialis,
1131 4448 1228 4523 cuius
1245 4447 1369 4523 haeres
1387 4448 1584 4540 Stephanus
1616 4445 1719 4522 Sua-

170 4570 478 4662 thopalhonis
506 4572 636 4661 unicus,
655 4572 781 4644 nobilis
807 4569 850 4642 de
877 4570 978 4642 domo
1005 4570 1232 4661 Vulpium.
1258 4571 1386 4661 Inque
1412 4576 1494 4641 sunt
1520 4569 1611 4640 lanei
1629 4588 1719 4640 cmo·

169 4691 338 4780 thonales,
356 4690 399 4762 de
418 4690 542 4780 quibus
560 4692 707 4763 solvitur
735 4691 867 4763 decima
890 4680 1115 4781 manipularis
1142 4695 1179 4762 et
1204 4711 1267 4782 per
1294 4696 1444 4780 quatuor
1461 4688 1600 4778 ierugas
1618 4707 1719 4759 cana·

169 4811 257 4901 palis
284 4812 545 4901 praepositurae
572 4809 811 4900 Cracoviensi3
838 4816 875 4883 et
901 4810 1031 4884 ducunt
1062 4831 1138 4883 eam
1170 4810 1369 4882 cmethoues
1387 4808 1538 4900 propriis
1557 4809 1718 4881 curribus

169 4930 205 5001 in
231 4930 394 5003 horreum
412 4952 434 5003 a
451 4932 649 5022 praeposito
667 4930 858 5006 locandum.
884 4932 972 5005 Item
990 4933 1172 5021 tabernae,
1198 4931 1281 5004 item
1299 4930 1490 5019 hortulani,
1521 4929 1604 5001 item
1636 4934 1719 5002 suut

169 5050 217 5122 ihi
235 5050 303 5123 duo
321 5051 464 5140 praedia
480 5051 655 5143 militaria,
687 5051 730 5124 de
763 5053 887 5143 quibus
911 5051 1043 5125 decima
1060 5050 1285 5141 manipularis
1303 5049 1451 5121 solvitur
1468 5048 1633 5121 ecclesiae
1652 5048 1717 5119 ibi·

169 5167 246 5242 dem
273 5169 309 5241 in
335 5171 454 5262 Slup.

270 5289 470 5385 Sn1oz1czn,
487 5291 570 5367 villa
583 5294 647 5366 sub
661 5291 825 5386 parochia
838 5291 1001 5369 ecclesiae
1020 5292 1062 5367 de
1083 5291 1164 5366 Lel
1175 5313 1235 5366 ort
1257 5290 1443 5384 sitacuius
1459 5288 1658 5367 haereditas
1676 5295 1714 5367 el
