4050 6054
1652 413 1727 491 298

176 749 445 831 Avlsamenta
491 772 568 856 pro
601 750 725 834 bocla
756 755 931 833 resume
964 749 1234 850 Pablanlcze,
1276 772 1353 854 pec
1385 770 1451 831 me
1491 747 1746 832 iohannem.
1888 722 1892 741 ”

725 886 939 994 Dluposob
955 893 1192 995 concepta.

21 1106 25 1113 ’
100 1150 103 1157 ·
197 1158 206 1175 =
281 1111 408 1202 Primo,
435 1119 475 1184 ut
501 1113 646 1208 locetur
660 1111 783 1183 civitas
817 1112 853 1182 in
880 1111 965 1183 villa
990 1111 1171 1201 Rzgow,
1199 1116 1235 1183 et
1260 1110 1425 1184 tundetur
1456 1109 1602 1184 ecclesia
1626 1091 1729 1202 paro·

178 1232 300 1304 chialis
327 1232 390 1303 sub
418 1233 521 1304 titulo
548 1231 581 1305 S.
608 1232 791 1321 Stanislai,
824 1233 880 1304 cui
907 1233 942 1303 in
970 1232 1087 1304 dotem
1114 1232 1312 1322 assignetur
1344 1231 1477 1303 decima
1503 1231 1730 1323 manipularis

178 1354 214 1424 in
240 1352 498 1425 Ra‘lrowska
525 1353 700 1444 Wolya,
728 1374 791 1444 per
818 1353 994 1425 dominum
1021 1352 1278 1425 Johannem
1304 1353 1602 1443 archiepiscopum
1634 1349 1727 1424 Gne·

40 1474 48 1489 ‘
179 1494 350 1563 anensem,
377 1478 555 1564 perpetue,
583 1473 767 1546 accedente
795 1494 965 1546 consensu
992 1472 1144 1564 capituli,
1172 1474 1310 1545 donata.

248 1691 251 1697 ι
280 1595 379 1685 Item,
405 1601 445 1666 ut
471 1616 577 1686 supra
613 1595 844 1685 quadraginta
873 1594 984 1666 laneis
1020 1595 1230 1666 decimarum
1265 1593 1456 1682 novalium,
1492 1594 1728 1685 pereundam

178 1715 353 1789 dominum
380 1715 687 1806 archiepiscopum,
714 1716 865 1805 capitulo
894 1714 1116 1788 Cracoviensi
1142 1713 1332 1805 inscriptis,
1360 1715 1559 1786 obtineatur
1586 1706 1729 1806 capituli

178 1835 391 1909 Gneznensis
418 1856 626 1939 consensus;
663 1837 744 1907 item
771 1842 907 1907 ematur
933 1836 1054 1908 villula
1080 1833 1288 1924 Gorzovv,
1315 1836 1372 1906 vel
1398 1855 1461 1926 per
1487 1837 1727 1910 commutatio-

178 1978 257 2030 nem
284 1957 492 2049 cambiatur,
529 1957 692 2046 quoniam
727 1977 792 2046 pro
818 1957 1006 2029 medietate
1041 1957 1115 2028 eius
1141 1978 1211 2027 nou
1238 1962 1376 2029 recusat
1402 1957 1568 2045 scoltetus
1594 1956 1725 2049 Rypol·

178 2079 339 2167 thovvsky
374 2077 530 2167 recipere
565 2098 671 2148 unum
707 2077 844 2148 laneum
879 2077 915 2148 in
951 2076 1344 2168 Rypolthowicze.
1388 2077 1475 2148 Item
1511 2076 1659 2149 ecclesia
1694 2077 1730 2149 in

179 2197 463 2270 Pabianicze
490 2202 740 2289 transponatur
766 2199 803 2268 in
826 2198 932 2269 alium
958 2197 1071 2275 locum
1097 2201 1243 2288 propter
1268 2197 1391 2288 ignem,
1418 2197 1502 2268 item
1528 2197 1676 2286 plebano
1695 2198 1730 2269 in
1823 2219 1827 2227 ·

180 2306 464 2391 Pabianicze
491 2318 595 2391 detur
620 2325 788 2410 perpetuo
816 2318 949 2408 piscina
967 2339 1075 2407 parva
1099 2318 1250 2409 capituli,
1277 2338 1400 2390 versus
1428 2317 1733 2390 Carniszovvi·

181 2460 276 2527 cze3
311 2439 393 2510 item
421 2439 603 2511 advocatia
629 2445 764 2512 ematur
791 2440 826 2510 in
853 2439 1135 2511 Pabianicze
1170 2461 1234 2531 pro
1263 2439 1375 2513 altera
1401 2425 1605 2526 medietate,
1645 2439 1728 2510 item

181 2559 313 2650 piscina
339 2560 375 2629 in
404 2559 687 2633 Pabianicze
714 2560 878 2649 elevetur,
906 2560 1067 2651 quoniam
1093 2560 1167 2631 luto
1194 2559 1338 2651 impleta
1364 2565 1402 2630 et
1427 2559 1530 2630 bassa
1556 2566 1621 2648 est,
1648 2560 1731 2631 item

180 2681 217 2751 in
245 2680 361 2770 aliqua
386 2680 780 2823 piscinaruwvrigatur
807 2702 907 2752 sarra
933 2702 997 2770 pro
1025 2682 1219 2770 asseribus,
1256 2682 1418 2771 quoniam
1450 2679 1519 2751 erit
1545 2680 1732 2770 plurimum

181 2799 275 2872 utilis
302 2807 338 2872 et
363 2802 680 2897 necessariapiem
708 2808 886 2892 coematur
914 2809 1039 2892 quarta
1057 2823 1139 2893 pars
1157 2802 1347 2874 molendini
1373 2801 1408 2872 in
1435 2800 1574 2873 Jaxin
1592 2799 1732 2891 Mlyn,

179 2927 216 2996 et
240 2921 290 2992 ibi
314 2927 434 3012 posset
459 2921 566 2993 locari
591 2896 685 2994 bona
712 2922 804 2993 villa
830 2922 920 2994 Item
938 2923 1002 2993 fiat
1028 2922 1218 3013 diligentia,
1245 2927 1285 2994 ut
1311 2921 1453 2994 residua
1478 2943 1560 3012 pars
1589 2921 1624 2992 in
1642 2919 1731 2992 Ma·

80 3138 89 3147 .
178 3042 272 3115 iori
307 3038 463 3114 Gorka
498 3049 617 3132 posset
643 3043 771 3131 coemi,
807 3042 889 3114 item
924 3044 1083 3115 locentur
1109 3043 1213 3116 villae
1241 3043 1277 3114 in
1303 3043 1459 3132 mericis,
1495 3040 1658 3134 quonirim
1683 3040 1729 3113 ad

93 3166 95 3171 '
179 3163 292 3235 minus
320 3163 437 3235 decem
463 3162 572 3235 locari
594 3164 755 3253 poterint,
783 3163 865 3235 item
892 3162 935 3235 de
962 3165 1130 3236 limitibus
1148 3164 1253 3236 villae
1279 3163 1467 3236 Dalkow
1493 3163 1730 3253 provideatur,
1810 3218 1813 3225 .

180 3283 342 3374 quoniam
369 3278 528 3373 occupati
546 3304 609 3375 per
627 3285 826 3355 cmetbbnes
853 3284 956 3356 villae
983 3284 1291 3373 Czarnoczin,
1318 3284 1448 3356 domini
1476 3284 1629 3374 episcopi
1647 3282 1731 3353 Via·-

180 3402 467 3493 dislcviensis,e
531 3404 624 3477 lures
661 3405 795 3495 scopuli
830 3411 912 3476 sunt
942 3406 1011 3476 iam
1048 3405 1290 3493 exterminati3
1325 3405 1405 3502 item
1434 3405 1470 3475 in
1505 3404 1669 3495 Rzgow
1695 3405 1731 3475 in

180 3528 281 3614 parte
315 3523 440 3597 inferio
529 3525 665 3615 rigatur
691 3524 825 3616 piscina
851 3525 886 3596 in
913 3526 1051 3597 flumine
1088 3525 1198 3619 Nyr,
1234 3527 1396 3616 quoniam
1428 3527 1533 3597 situm
1561 3525 1730 3616 optimum

179 3644 296 3734 babet,
324 3641 360 3717 et
386 3644 435 3716 ibi
461 3652 581 3734 posset
607 3667 707 3717 sarra
733 3645 858 3736 aptari,
884 3646 969 3717 item
991 3648 1126 3718 locetur
1151 3645 1284 3718 fabrica
1309 3645 1393 3717 ferri
1412 3646 1448 3717 in
1465 3645 1605 3719 flumine
1632 3643 1732 3718 Gra-

178 3765 271 3855 bia,
298 3771 457 3857 coempta
484 3765 561 3856 ripa
587 3787 609 3836 a
635 3765 1018 3858 Trzebyenszky,
1044 3767 1104 3838 ubi
1130 3773 1248 3857 posset
1275 3773 1312 3838 et
1337 3767 1470 3857 piscina
1496 3767 1589 3839 bona
1615 3766 1729 3856 aptari

180 3890 285 3978 atque
311 3886 450 3975 parari,
477 3888 561 3958 item
579 3886 623 3958 de
641 3887 725 3958 villa
751 3886 1040 3979 Potrukozy,
1065 3894 1182 3977 empta
1208 3886 1284 3958 loro
1312 3888 1535 3977 coemptionis
1554 3909 1576 3957 a
1594 3887 1734 3960 domino

178 4005 338 4078 Johaune
365 4003 698 4100 Grusczynslry
726 4008 995 4099 archiepiscopo,
1022 4028 1098 4079 cum
1122 4009 1265 4100 capituli
1292 4029 1461 4079 consensu
1488 4031 1551 4099 pro
1570 4010 1731 4082 tricentis

177 4127 314 4216 marcis,
340 4108 575 4218 provideatur,
602 4135 643 4200 ut
668 4135 788 4218 posset
814 4134 982 4220 perpetuo
1002 4129 1152 4201 obtineri
1179 4150 1243 4220 per
1260 4129 1450 4220 pecuniam,
1476 4130 1531 4201 vel
1559 4151 1622 4221 per
1640 4152 1732 4203 com-

140 4306 152 4319 .
180 4246 427 4336 mutationem
462 4247 545 4320 item
571 4249 704 4320 locetur
731 4249 839 4320 tertia
874 4249 1011 4321 fabrica·
1033 4249 1070 4321 in
1095 4248 1386 4339 Kurowicze,
1423 4248 1566 4322 inferius
1602 4251 1733 4322 molen-

180 4365 298 4439 dinum
324 4368 361 4439 in
395 4367 703 4461 Kurowiczky
739 4370 774 4440 in
809 4375 982 4459 torrente,
1020 4369 1078 4461 qui
1114 4370 1224 4442 currit
1251 4370 1294 4442 de
1321 4369 1611 4458 Kurowicze,
1648 4371 1733 4442 item

178 4488 405 4580 provideatur
441 4487 485 4560 de
521 4487 719 4563 defensione
752 4490 855 4562 villae
890 4491 1165 4563 Kurowicze
1199 4496 1236 4562 et
1263 4491 1413 4581 scopulis
1440 4492 1533 4579 eius,
1571 4492 1733 4580 quoniam

177 4606 605 4702 Koprzywniczsky
650 4595 686 4680 e‘t
723 4612 882 4701 scopulos
923 4612 1183 4700 exterminavit,
1219 4616 1255 4682 et
1289 4612 1463 4689 mellificia
1502 4611 1658 4702 corrupit
1692 4615 1730 4683 et

176 4728 334 4801 bomincs
362 4730 542 4821 manavit,
578 4731 663 4802 item
699 4732 762 4803 fiat
796 4730 978 4822 diligentia
1004 4731 1048 4802 de
1074 4732 1241 4804 limitibus
1276 4730 1500 4822 expediendis
1536 4752 1613 4802 cum
1644 4730 1729 4803 villa

62 4870 65 4874 ⁴
178 4849 629 4942 regiaWyanczenye.
681 4891 683 4895 <
