4050 6054
243 392 290 463 lt

238 586 469 667 emethonales
496 600 532 666 et
558 614 626 666 una
652 595 797 669 taberna
826 594 958 667 babens
984 615 1102 684 agros,
1129 594 1173 666 de
1200 594 1326 685 quibus
1347 592 1481 665 decima
1497 594 1759 685 manipularis
1778 606 1816 668 et

241 715 414 804 canapalis
439 735 502 805 per
524 719 672 805 quatuor
699 715 837 807 iemgas
863 715 1010 786 solvitur
1036 735 1099 805 pro
1127 714 1256 785 decano
1287 722 1324 784 et
1351 714 1559 785 aestimat-ur
1588 716 1707 787 valor
1737 718 1820 789 eius

104 904 120 925 ,
239 835 388 907 adduas
405 856 546 906 marcas.
574 834 652 906 Non
679 839 760 905 sunt
782 834 831 906 ibi
849 833 1040 921 hortulani,
1068 834 1128 905 sed
1157 833 1245 904 duae
1263 835 1379 905 curiae
1398 832 1620 907 decimantes
1640 856 1718 927 pro
1739 837 1820 928 ple·

239 956 329 1027 bano
348 956 382 1026 in
409 955 670 1027 Yodlowka.

339 1076 598 1165 Dannmwm,
616 1075 700 1146 villa
713 1075 777 1147 sub
795 1074 960 1166 parochia
978 1076 1142 1146 ecclesiae
1157 1076 1199 1145 de
1215 1072 1467 1144 Yodlowka
1483 1073 1568 1161 sita,
1587 1076 1706 1148 cuius
1726 1098 1818 1168 pro-

234 1196 364 1286 prietas
381 1197 533 1285 pertinet
559 1195 603 1267 ad
630 1194 820 1267 custodiam
839 1194 1116 1287 Woyniceusem,
1143 1197 1178 1265 in
1206 1216 1274 1284 qua
1292 1215 1381 1265 unns
1408 1194 1528 1264 laneus
1546 1196 1810 1271 emetbonalis

235 1314 409 1389 decimans
422 1315 670 1406 manipularem
684 1323 721 1387 et
739 1316 938 1406 canapalem
956 1316 1121 1387 decimam
1149 1336 1213 1405 pro
1228 1316 1372 1402 decano,
1385 1314 1483 1385 cuius
1500 1313 1604 1385 valor
1618 1317 1674 1388 ad
1695 1340 1815 1391 uuam

234 1454 394 1508 marcam.
421 1435 499 1507 Non
517 1444 598 1508 sunt
614 1436 663 1507 ibi
682 1436 862 1524 tabernae,
890 1456 1000 1524 nequo
1019 1435 1252 1523 hortulaniae,
1279 1433 1341 1505 scd
1359 1438 1413 1504 est
1430 1432 1631 1523 praedium,
1663 1435 1716 1510 de
1736 1460 1814 1531 quo

235 1555 308 1645 ipse
327 1555 552 1627 scholasticus
570 1554 663 1627 solus
682 1555 830 1645 percipit
847 1554 1013 1625 decimam
1032 1555 1291 1645 manipularem.

340 1674 532 1765 omnus,
551 1676 634 1746 villa
647 1676 711 1747 sub
727 1675 891 1764 parocbia
904 1675 1067 1745 ecclesiae
1083 1673 1125 1744 de
1140 1673 1278 1765 Olszy
1288 1696 1309 1744 n
1320 1697 1352 1765 y,
1367 1674 1464 1745 cuius
1477 1673 1605 1745 haeres
1619 1674 1812 1753 Nicotaus

235 1795 509 1888 Buczynsky
529 1796 571 1867 de
590 1796 691 1868 domo
710 1794 885 1885 Strepe.
912 1795 952 1866 lu
971 1816 1039 1885 qua
1058 1795 1126 1866 duo
1148 1796 1240 1866 lanei
1259 1815 1337 1866 cum
1350 1794 1744 1889 mediocmetbouales,
1763 1801 1811 1874 de

236 1914 360 2006 quibus
378 1915 511 1987 decima
537 1916 741 2006 campestris
768 1921 804 1986 et
830 1915 953 2006 canapi
978 1914 1137 1986 redditur
1165 1914 1294 1986 decano
1326 1921 1363 1985 et
1390 1915 1596 1987 aestimatur
1615 1917 1732 1990 valor
1759 1920 1808 1993 ad

193 2090 198 2101 .
234 2034 320 2107 duas
347 2056 547 2127 sexagenas.
600 2034 677 2106 Non
706 2041 787 2108 sunt
813 2036 861 2106 ibi
888 2034 1069 2124 tabernae,
1096 2055 1207 2126 neque
1235 2035 1470 2125 hortulanus,
1495 2035 1557 2107 sed
1584 2037 1804 2131 praedium,

234 2157 325 2245 quod
352 2155 501 2229 decimat
526 2156 674 2246 plebano
702 2156 737 2226 in
764 2155 976 2248 Olszyny.
1001 2156 1090 2227 ltem
1118 2156 1161 2227 de
1180 2156 1353 2247 aliquibus
1380 2154 1476 2247 agris
1493 2156 1803 2251 cmetlroualibus,

234 2276 293 2367 qui
320 2276 491 2366 quondam
510 2282 611 2347 erant
628 2275 837 2366 praediales‚
863 2276 1012 2367 percipit
1039 2275 1205 2347 decimam
1232 2276 1451 2366 praepositus
1468 2274 1587 2347 Sancti
1603 2274 1628 2347 J
1630 2278 1742 2351 ambi
1761 2282 1801 2353 in

233 2394 497 2484 Casimiria‚
524 2395 566 2466 de
581 2396 659 2467 aliis
676 2416 760 2466 vero
778 2395 939 2466 altarista
956 2397 991 2466 in
1011 2396 1155 2468 ecclesia
1173 2393 1402 2469 Gracoriensi.

337 2514 517 2605 Ouszrsr,
545 2515 640 2606 villa,
667 2517 703 2586 in
731 2537 799 2607 qua
821 2516 964 2587 ecclesia
990 2517 1130 2606 paroch‘
1171 2516 1178 2531 ‘
1220 2514 1348 2589 Sancto
1368 2516 1513 2608 Spiritui
1531 2516 1664 2607 dicata,
1687 2522 1797 2595 cuius

232 2636 356 2708 haeres
383 2635 546 2709 Nicolaus
573 2636 850 2728 Buczynski;
877 2637 912 2707 in
940 2658 1008 2728 qua
1035 2636 1103 2708 duo
1130 2655 1149 2708 c
1225 2636 1339 2709 medio
1357 2637 1448 2708 lanei
1468 2637 1725 2730 emethonales,
1745 2641 1794 2713 de

234 2756 357 2845 quibus
376 2754 507 2827 decima
524 2755 749 2847 manipularis
768 2762 804 2827 et
822 2757 945 2847 canapi
962 2757 1121 2827 redditur
1139 2754 1270 2827 decano
1289 2756 1510 2829 Cracoviensi
1532 2765 1569 2830 et
1585 2758 1689 2830 valor
1705 2762 1790 2835 eius

233 2876 438 2949 aestimatur
455 2877 500 2948 ad
519 2876 604 2948 duas
628 2897 831 2968 sexagenas:
859 2877 902 2949 de
929 2876 1007 2947 aliis
1034 2882 1150 2947 autem
1168 2877 1278 2947 laneis
1301 2879 1589 2967 cmetbonalibus,
1615 2879 1789 2954 taberna-

232 3003 347 3068 torum
366 3004 402 3068 et
428 2999 689 3071 numulariorum
718 2998 811 3070 cedit
836 2997 970 3071 decima
996 3018 1059 3087 pro
1087 2997 1248 3087 episcopo
1267 2994 1497 3069 Gracovieusi.
1524 2999 1577 3069 Ibi
1595 3005 1650 3070 est
1667 3002 1786 3092 curia,

233 3137 322 3208 quac
349 3116 498 3189 decimat
510 3119 649 3190 'custodi
668 3119 703 3189 in
722 3118 951 3210 Woynicz.
978 3118 1064 3188 Item
1085 3124 1234 3208 quatuor
1252 3118 1357 3207 lanei,
1385 3118 1428 3189 de
1446 3120 1571 3211 quibus
1589 3118 1788 3194 decimatur

231 3239 473 3310 mansionariis
500 3239 617 3310 Sancti
644 3239 766 3311 Jacobi
793 3240 829 3309 in
857 3238 1119 3309 Gasimiria.
1155 3238 1243 3309 Item
1270 3239 1488 3328 praebendae
1516 3239 1552 3310 in
1577 3238 1786 3314 Dambno

120 3386 125 3391 ·
185 3411 187 3414 ψ
233 3362 313 3448 post
339 3365 488 3449 quatuor
515 3359 642 3432 laneos.

336 3477 540 3569 Gosznuca
566 3480 663 3568 villa,
691 3479 726 3549 in
755 3498 823 3568 qua
840 3478 1219 3568 ecclesiaporochialis,
1243 3479 1339 3549 cuius
1356 3479 1480 3551 haeres
1499 3479 1655 3571 Spythek
1674 3479 1783 3553 Mel·

231 3601 432 3692 stinsky,
473 3601 508 3671 in
537 3622 605 3690 qua
632 3598 893 3691 quatuordecim
919 3597 1009 3668 lanei
1038 3598 1271 3669 cmethonales
1298 3603 1334 3669 et
1360 3620 1429 3673 una
1456 3601 1621 3691 taberna,
1647 3601 1784 3674 habens

229 3742 348 3813 agros;
366 3721 468 3794 huius
487 3722 590 3793 villae
608 3720 776 3792 medietas
803 3719 969 3791 decimam
997 3718 1102 3789 solvit
1120 3719 1333 3808 pecuniolam
1352 3742 1416 3813 pro
1435 3720 1564 3793 decano
1592 3741 1783 3812 perunum

229 3841 398 3915 fertonem
417 3842 460 3915 de
479 3842 578 3915 laneo
610 3848 646 3914 et
672 3842 757 3914 iacit
775 3862 907 3913 summa
926 3840 1012 3911 duas
1031 3860 1236 3930 sexagenas;
1255 3840 1367 3912 altera
1380 3862 1462 3913 vero
1480 3842 1595 3913 minor
1610 3842 1783 3917 medietas

231 3962 335 4034 solvit
360 3964 465 4033 etiam
493 3962 668 4053 decimam,
696 3962 757 4034 sed
784 3961 1033 4052 manipularem
1061 3982 1124 4051 pro
1152 3961 1296 4050 decano,
1323 3963 1420 4035 cuius
1447 3963 1545 4034 valor
1564 3962 1608 4034 ad
1626 3963 1782 4056 quinque

230 4099 363 4151 marcas
382 4082 595 4152 aestimatur.
622 4081 700 4153 Non
719 4086 773 4153 est
791 4082 840 4151 ibi
858 4082 968 4171 curia,
995 4101 1106 4171 neque
1124 4080 1302 4170 praedium
1321 4082 1480 4154 militare.

336 4197 624 4290 Gunnzuwrczu,
642 4202 726 4272 villa
743 4202 807 4271 sub
826 4202 991 4290 parochia
1018 4202 1181 4273 ecclesiae
1209 4201 1356 4275 Sanctae
1375 4201 1495 4275 Crucis
1513 4203 1556 4274 de
1574 4202 1781 4297 Melstin,

231 4320 328 4393 cuius
358 4320 482 4392 haeres
509 4321 665 4412 Spythek
692 4320 1054 4412 Melstinsky.1n
1087 4345 1155 4413 qua
1183 4329 1264 4394 sunt
1293 4323 1444 4416 quinque
1470 4324 1691 4397 hortulauiae
1716 4327 1782 4399 ha-

230 4443 335 4515 bente
359 4461 491 4535 “agros
519 4442 691 4513 solventes
706 4446 842 4512 tantum
856 4441 1021 4513 decimam
1039 4444 1288 4533 manipularem
1308 4449 1344 4515 et
1357 4445 1556 4535 canapalen
1570 4466 1634 4535 pro
1647 4445 1780 4522 decano
1854 4416 1870 4441 ⁰

231 4568 303 4633 etv
338 4540 379 4635 or
392 4544 481 4633 ¹eiua
495 4560 540 4633 ad
552 4581 656 4633 unam
670 4581 830 4633 marcam.
844 4561 910 4634 Est
924 4564 1027 4635 etiarn
1047 4565 1095 4636 ibi
1110 4587 1197 4636 uirus
1216 4566 1335 4637 laneus
1354 4571 1390 4639 ct
1404 4586 1474 4637 una
1487 4566 1634 4639 taberna
1646 4569 1781 4642 habens

231 4701 349 4771 agros,
376 4680 419 4752 de
446 4682 571 4772 quibus
594 4688 786 4776 etcensum
814 4687 850 4754 et
877 4676 1099 4756 decimam'et
1116 4684 1271 4757 laborem
1293 4686 1461 4779 plebanus
1484 4686 1631 4760 Sanctae
1657 4686 1781 4763 Crucis

231 4803 274 4873 de
301 4801 496 4874 Melstin
522 4802 684 4892 percipit;
712 4809 766 4875 est
784 4811 820 4875 et
836 4805 1017 4896 praedium
1035 4806 1200 4897 militare,
1228 4808 1271 4880 de
1289 4830 1357 4902 quo
1371 4808 1563 4881 decimatur
1576 4808 1724 4901 plebano
1742 4817 1784 4885 et

231 4920 396 4998 ccclesiae
410 4921 557 4999 Sanctae
577 4922 697 4999 crucis
714 4925 750 5001 in
768 4924 1004 5000 Melsthin.
