4050 6054
230 438 317 539 roo

334 643 554 727 Sczarvncz,
581 638 664 709 villa
690 637 754 708 sub
781 635 948 724 parochia
973 633 1139 704 ecclesiae
1167 631 1405 703 conventualis
1423 629 1466 703 de
1483 628 1787 721 Pyadziczov

229 766 306 850 sita,
329 762 426 832 cuius
453 761 577 830 haeres
604 757 764 829 Andreas
790 753 1192 846 Pyadziczowsky‚
1218 752 1344 823 nobilis
1371 751 1414 822 de
1441 750 1542 821 domo
1569 748 1785 839 Dambno,

229 886 266 954 in
295 903 364 973 qua
389 886 471 953 sunt
497 878 678 951 duodecim
703 876 795 947 lanei
823 873 1067 961 cmethonales,
1094 871 1137 943 de
1156 873 1280 962 quibus
1299 871 1456 942 omnibus
1475 871 1624 941 solvitur
1640 874 1784 960 praeter

228 1024 358 1093 paucos
391 1021 547 1089 compca,
575 999 708 1070 decima
733 989 958 1085 manipularis
985 999 1022 1064 et
1046 1014 1109 1082 per
1137 972 1294 1083 quatuor
1312 993 1451 1081 ierugas
1479 990 1655 1080 canapalis
1680 1011 1784 1081 prae-

230 1123 364 1195 bendae
399 1120 617 1210 Kyelcziensi
652 1117 864 1208 Zydowslra,
892 1121 929 1186 et
960 1115 1090 1185 ducunt
1116 1134 1193 1185 eam
1221 1113 1419 1183 cmethones
1445 1112 1597 1202 propriis
1624 1111 1786 1183 curribus

97 1236 103 1253 '
236 1244 272 1315 in
308 1243 470 1313 horreum
507 1261 570 1329 per
607 1239 808 1310 canonicum
835 1236 1035 1322 locandum,
1062 1239 1097 1305 et
1122 1234 1221 1304 valor
1247 1233 1321 1304 eius
1348 1211 1626 1303 aestimatur'ad
1652 1236 1786 1321 septam

234 1382 377 1433 marcas.
414 1361 504 1431 Item
531 1364 612 1429 sunt
638 1357 687 1428 ibi
714 1357 820 1446 aliqui
848 1355 977 1443 campi,
1004 1355 1105 1443 pauci
1131 1358 1285 1443 tanturn,
1313 1353 1355 1423 de
1383 1353 1508 1442 quibus
1534 1352 1627 1423 cedit
1653 1350 1788 1423 decima

232 1481 457 1570 manipularis
484 1480 645 1568 episcopo
673 1476 903 1564 Oracoviensi,
930 1475 1026 1545 cuius
1044 1475 1143 1545 valor
1161 1474 1205 1546 ad
1223 1473 1371 1545 mediam
1389 1493 1540 1544 marcam
1559 1466 1786 1560 aestimatum

233 1603 316 1673 item
352 1601 499 1672 taberna
535 1620 603 1668 nna
628 1598 761 1668 habens
789 1618 909 1686 agros,
937 1596 980 1665 de
1008 1596 1131 1684 quibus
1160 1595 1308 1665 solvitur
1335 1594 1468 1664 decima
1492 1592 1723 1682 manipularis
1749 1593 1786 1665 in

229 1719 435 1816 positatarum
468 1740 531 1808 pro
567 1718 765 1807 praebenda
792 1717 987 1788 Kelcziensi
1013 1716 1216 1803 Zidowska;
1242 1717 1325 1787 item
1352 1713 1571 1785 hortulaniae
1596 1734 1667 1785 non
1693 1719 1786 1784 sunt

231 1843 321 1913 Item
348 1847 401 1911 est
428 1840 477 1910 ibi
503 1840 642 1910 unicum
669 1838 847 1927 praedium
873 1836 1034 1926 militare,
1061 1837 1104 1907 de
1132 1837 1229 1908 cuius
1247 1837 1340 1926 agris
1358 1835 1507 1906 solvitur
1525 1833 1659 1915 decima
1673 1835 1786 1905 maui-

231 1963 362 2051 pularis
390 1961 556 2031 ecclesiae
582 1958 774 2047 parochiali
801 1959 835 2029 in
863 1958 1041 2029 Lissow
1069 1963 1105 2027 91
1131 1956 1229 2027 valor
1255 1957 1329 2027 eius
1346 1956 1552 2027 aestimatur
1569 1953 1615 2026 sd
1632 1955 1786 2045 quinque
1857 2052 1864 2061 .

229 2102 373 2152 marcas.

335 2201 534 2288 annsczn,
562 2200 646 2271 villa
672 2200 736 2270 sub
755 2199 921 2288 parochia
948 2198 1112 2268 ecclesiae
1138 2198 1377 2268 conventualis
1401 2196 1444 2268 de
1470 2194 1789 2288 Pyadzyczow

234 2323 312 2410 sita,
340 2323 436 2392 cuius
463 2322 586 2392 haeres
615 2319 774 2391 Andreas
800 2319 829 2388 P
838 2318 1215 2410 yadziczowsky‚
1242 2319 1368 2389 nobilis
1395 2318 1438 2389 de
1466 2318 1567 2388 domo
1593 2317 1788 2406 Dambno‚

233 2445 270 2514 in
297 2464 365 2533 qua
400 2447 483 2513 sunt
516 2446 592 2512 oeto
628 2441 720 2511 lanei
755 2439 1008 2529 cmethonaleS‚
1045 2439 1239 2528 dequibus
1276 2440 1433 2510 omnibus
1469 2439 1617 2509 solvitur
1652 2436 1789 2510 decima

234 2562 459 2651 manipularis
479 2568 514 2632 et
531 2583 594 2651 per
622 2567 771 2651 quatuor
797 2562 938 2651 ierugas
964 2560 1138 2650 canapalis
1165 2561 1383 2648 praebendae
1404 2559 1613 2631 Kielcziensi
1639 2558 1787 2650 Zydovv·

234 2685 316 2771 ska,
353 2688 389 2751 et
415 2681 545 2752 ducunt
580 2702 656 2752 eam
693 2682 892 2753 cmethones
927 2681 1078 2770 propriis
1115 2681 1275 2751 curribus
1311 2682 1348 2753 iu
1378 2682 1542 2752 horreum
1569 2701 1592 2751 a
1616 2679 1787 2752 canonico

235 2801 419 2873 locandum
445 2807 481 2872 et
507 2801 606 2872 valor
641 2802 714 2872 eius
742 2802 946 2872 aestimatur
981 2800 1025 2872 ad
1052 2801 1220 2890 quinque,
1258 2801 1442 2891 aliquando
1478 2800 1523 2872 ad
1550 2820 1612 2872 sex
1637 2818 1787 2872 marcae.

236 2923 324 2992 ltem
351 2922 499 2992 taberna
525 2921 574 2991 ibi
600 2920 696 2991 nulla
721 2927 793 3009 est,
828 2922 911 2991 item
937 2921 1156 2992 hortulaniae
1186 2943 1254 2993 non
1282 2928 1381 3009 sunt3
1417 2923 1500 2992 item
1526 2920 1708 3010 praedium
1735 2921 1787 2993 ibi

235 3043 374 3112 unicum
401 3041 569 3129 militare,
597 3041 647 3133 de¹
666 3038 762 3111 cuius
789 3042 882 3130 agris
909 3041 1057 3112 solvitur
1092 3042 1224 3113 decima
1250 3042 1475 3131 manipularis
1511 3041 1676 3113 ecclesiae
1704 3061 1788 3113 oon-

237 3162 391 3233 ventuali
418 3162 454 3231 in
481 3161 813 3251 Pyandziczow
840 3169 876 3232 et
902 3163 1102 3252 parochiali,
1129 3161 1191 3233 sed
1217 3169 1299 3234 sunt
1325 3164 1401 3253 agri
1427 3163 1529 3234 valde
1555 3161 1658 3251 pauci
1683 3182 1788 3252 prae·

237 3283 354 3354 diales.

337 3402 571 3490 Ponnnnszn
598 3403 682 3473 villa
709 3404 772 3474 sub
800 3393 966 3494 parochia
992 3404 1156 3475 ecclesiae
1183 3405 1421 3475 conventualis
1447 3404 1490 3475 de
1516 3402 1787 3494 Pyadziczovv

235 3525 320 3612 sita,
356 3523 454 3594 cuius
489 3524 686 3613 proprietas
714 3530 750 3595 et
777 3525 964 3595 dominium
1000 3524 1045 3595 ad
1080 3525 1231 3613 priorem
1267 3531 1304 3596 et
1338 3530 1544 3597 conventum
1579 3524 1787 3597 monasterii

234 3644 525 3737 Pynyczoviensis
545 3643 675 3716 ordinis
702 3645 804 3716 Beati
822 3644 922 3716 Pauli
949 3646 1053 3734 primi
1079 3646 1244 3717 eremitae
1262 3647 1427 3735 pertinet,
1452 3647 1576 3737 inqua
1595 3638 1791 3717 suntlanei

237 3765 386 3855 quinque
414 3765 659 3853 cmethonales‚
686 3765 871 3856 dequibus
899 3767 1057 3837 omnibns
1085 3767 1232 3837 solvitur
1259 3766 1392 3837 decima
1417 3765 1643 3854 manipularis
1669 3771 1706 3837 et
1723 3786 1789 3857 per

236 3889 384 3974 quatuor
411 3886 548 3975 ierugas
576 3886 752 3976 canapalis
779 3886 998 3975 praebendae
1025 3886 1233 3957 Kielcziensi
1260 3886 1463 3976 Zidowslra‚
1488 3892 1526 3957 et
1552 3885 1683 3958 ducunt
1709 3906 1788 3958 eam

235 3994 434 4075 cmethones
461 4006 612 4095 propriis
640 4007 798 4078 curribus
826 4007 861 4077 in
888 4007 1052 4078 horreum
1079 4030 1102 4079 a
1126 4009 1289 4081 canonico
1307 4007 1500 4097 locandum,
1533 4012 1568 4078 et
1585 4007 1686 4080 valor
1710 4008 1811 4085 eins.

236 4124 441 4194 aestimatur
466 4123 511 4195 ad
539 4127 688 4216 quinque
714 4147 858 4198 marcas.
884 4127 1016 4199 Eadem
1040 4129 1124 4199 villa
1149 4128 1411 4201 Podlansze
1437 4128 1503 4199 luit
1529 4133 1633 4200 antea
1658 4127 1788 4200 nobilis

236 4242 359 4316 Jacobi
386 4242 656 4335 Podlanslry
683 4246 726 4317 de
745 4246 846 4318 domo
873 4248 1099 4339 Lyelywa
1125 4249 1214 4321 Item
1231 4250 1473 4339 tabernauna,
1500 4247 1650 4320 sednon
1674 4248 1787 4321 habet

235 4386 358 4454 agros3
394 4367 478 4436 item
505 4367 721 4437 hortulaniae
747 4368 863 4440 991199
889 4375 990 4458 sunt;
1027 4371 1107 4440 item
1135 4371 1315 4459 praedium
1350 4371 1399 4443 ibi
1425 4371 1581 4457 unicum,
1617 4369 1661 4441 de
1687 4369 1788 4441 cuius

235 4486 329 4575 agris
357 4486 506 4558 solvitur
542 4486 674 4559 decima
700 4489 925 4578 manipularis
962 4491 1128 4562 ecclesiae
1155 4492 1375 4563 conventuali
1401 4492 1436 4562 in
1463 4490 1787 4582 Pyaduiczovv,

234 4606 318 4676 item
345 4606 579 4679 molendinum
606 4609 655 4678 ibi
682 4631 797 4699 unum,
825 4610 886 4682 sed
913 4632 982 4681 non
1008 4612 1116 4683 habet
1142 4633 1255 4702 agros.

337 4704 554 4799 Zvnowsrrh
581 4727 737 4818 Wonvn,
765 4730 849 4800 villa
876 4731 939 4801 sub
966 4732 1132 4822 parochia
1158 4733 1323 4804 ecclesiae
1351 4733 1394 4804 de
1419 4732 1536 4823 Kyie
1562 4732 1649 4821 sita,
1685 4732 1786 4803 cuius

232 4846 358 4957 haeres
385 4847 541 4937 Raphael
569 4847 929 4943 Goluchowsky,
955 4852 1081 4923 nobilis
1109 4852 1152 4923 de
1180 4853 1286 4923 armis
1312 4853 1513 4944 Lelywa,
1539 4853 1575 4923 in
1606 4872 1677 4944 qua
1702 4857 1788 4933 sunt

233 4964 351 5038 decem
386 4968 479 5039 lanei
515 4970 766 5060 cmethonales‚
803 4970 998 5062 dequibus
1026 4973 1184 5044 omnibus
1220 4973 1368 5045 solvitur
1395 4973 1529 5045 decima
1554 4972 1784 5063 manipularis

233 5089 269 5156 et
286 5107 350 5177 per
369 5095 518 5178 quatuor
545 5092 684 5182 ierugas
711 5093 887 5182 canapalis
909 5093 1127 5183 praebendae
1154 5093 1370 5185 Kyelcziensi
1388 5094 1580 5183 Zidowslra,
1598 5099 1634 5166 et
1652 5092 1788 5167 ducunt

233 5225 311 5277 eam
347 5212 546 5284 cmethones
581 5213 733 5311 propriis
769 5213 929 5287 curribus
956 5214 992 5289 in
1018 5214 1182 5291 horreum
1209 5236 1231 5287 a
1257 5215 1422 5293 canonico
1448 5214 1649 5306 locandum,
1686 5214 1788 5313 cuius
