4050 6054
1667 471 1739 543 12?

189 671 403 762 praedisles,
430 671 473 743 de
501 671 624 762 quibus
660 672 765 744 solvit
791 673 958 744 decimam
984 674 1237 764 manipularem
1265 674 1412 764 plebano
1444 681 1481 747 et
1511 675 1678 748 ccclesiae
1707 678 1743 748 in

190 792 509 865 Prossowicze
544 794 620 865 iure
655 795 863 883 parochiali,
890 801 927 864 et
962 795 1069 865 habet
1104 801 1254 885 quatuor
1288 795 1408 868 laneos
1444 797 1679 868 cmetbonales
1705 804 1743 871 et

188 914 370 986 tabernam
405 915 591 987 habentem
627 935 749 1005 agros,
777 921 813 987 et
844 915 1076 987 hortulauiam
1104 917 1209 988 etiam
1236 917 1422 995 habentem
1448 937 1568 1007 agros,
1596 918 1743 996 alteram

188 1035 292 1107 villae
309 1034 533 1107 medietatem
551 1036 658 1107 habet
675 1036 699 1107 J
700 1037 853 1108 ohannes
871 1036 1149 1128 Kowarzsky,
1176 1037 1302 1109 nobilis
1321 1037 1363 1108 de
1382 1037 1482 1109 domo
1500 1038 1742 1128 Druszina

166 1157 248 1246 ”qui
266 1157 374 1228 babet
390 1157 496 1227 etiam
515 1156 602 1227 alios
630 1162 779 1247 quatuor
806 1158 924 1228 laneos
951 1157 1202 1247 cmetbonales,
1229 1158 1410 1229 tabernam
1437 1163 1473 1229 et
1498 1159 1742 1251 hortulaniam,
1861 1214 1866 1226 .

189 1278 296 1348 etiam
322 1277 492 1349 babentes
519 1298 622 1368 agros
650 1279 826 1368 speciales,
854 1279 897 1349 de
925 1279 1048 1368 quibus
1077 1279 1235 1351 omuibus
1263 1281 1357 1369 agris
1384 1279 1668 1371 cmetbonalibus,
1686 1287 1740 1353 ta-

187 1399 412 1470 bernatornm
438 1405 476 1470 et
501 1399 766 1470 hortulanorum
799 1399 946 1471 solvitur
983 1399 1116 1471 decima
1141 1400 1366 1490 manipularis
1393 1421 1457 1490 pro
1484 1401 1615 1473 vicaria
1640 1390 1753 1492 prae?

146 1608 149 1613 Ι
187 1519 260 1591 iata
277 1525 313 1591 et
332 1519 471 1591 ducitur
496 1541 560 1609 per
590 1521 720 1592 incolas
738 1522 889 1611 propriis
917 1521 1075 1593 curribus
1101 1523 1138 1591 in
1164 1522 1328 1594 horreum
1353 1543 1375 1592 a
1401 1523 1530 1594 vicario
1548 1490 1766 1614 locandum*

188 1647 224 1711 et
240 1641 384 1712 solvunt
400 1639 567 1711 decimam
586 1643 709 1732 canapi
726 1663 789 1732 per
808 1647 957 1732 quatuor
984 1643 1163 1714 iuncturas
1189 1647 1226 1713 et
1248 1643 1453 1714 aestimatur
1471 1643 1569 1737 valor
1587 1643 1739 1715 decimae

186 1760 364 1852 praelatae
392 1762 436 1833 ad
462 1762 581 1834 decem
608 1783 751 1834 marcas.
773 1762 890 1834 Habet
916 1764 1022 1833 etiam
1047 1763 1225 1853 praefatus
1252 1763 1429 1835 Johannes
1455 1763 1739 1856 Komarzsky,

188 1882 312 1954 haeres
335 1883 481 1954 alterius
508 1884 705 1955 medietatis
731 1884 834 1955 villae
861 1883 1070 1974 praedictae,
1097 1884 1147 1956 ibi
1173 1885 1304 1955 curiam
1331 1905 1429 1956 suam
1454 1885 1649 1974 militarem,
1677 1885 1738 1957 ha-

102 1988 105 1993 *
186 2004 325 2076 bentem
341 2023 447 2096 agros
465 2005 670 2096 praediales,
689 2006 732 2077 de
751 2006 874 2096 quibus
902 2005 1069 2077 decimam
1087 2005 1337 2096 manipularem
1354 2004 1521 2096 plebanus
1539 2012 1575 2076 et
1593 2007 1739 2079 ecclesio

188 2125 223 2194 in
248 2124 603 2198 Proscbowicze
630 2127 787 2217 percipit,
806 2132 842 2198 et
859 2127 958 2198 valor
984 2128 1164 2217 utriusque
1192 2126 1344 2198 decimae
1370 2126 1558 2216 praedialis
1576 2128 1738 2199 aestima-

189 2250 247 2317 tur
272 2245 317 2318 ad
344 2248 496 2338 quinque
523 2268 666 2319 marcas.

288 2366 375 2439 ltem
402 2368 602 2458 praebenda
628 2367 786 2459 praefata
812 2369 911 2440 iuxta
936 2368 1082 2459 antiquo
1106 2373 1266 2460 regestra
1291 2352 1412 2440 tanate
1437 2375 1493 2440 est
1518 2369 1563 2441 ad
1589 2369 1754 2459 triginta

191 2507 250 2559 sex
276 2507 418 2562 marcas.

257 2735 501 2817 Prssbsnda
536 2741 580 2816 st
610 2738 887 2817 canonicatus
919 2733 1221 2818 cracoviensis
1254 2739 1294 2817 in
1326 2738 1461 2818 choro
1493 2738 1665 2819 sinistro

273 2888 276 2893 ·
641 2877 848 2956 nominata
883 2876 1287 2982 Sthanyathsczska.

206 3144 211 3151 ,
285 3093 491 3168 Praebenda
509 3101 545 3167 et
563 3096 785 3168 canonicatus
803 3096 1041 3168 Cracoviensis
1059 3087 1507 3188 Stbanyatbeczska,
1526 3118 1628 3188 quam
1645 3118 1737 3172 nunc

183 3220 280 3287 tenet
307 3215 471 3289 Nicolaus
499 3217 541 3287 de
569 3217 762 3306 Xansch,
789 3218 915 3289 nobilis
942 3218 985 3289 de
1012 3218 1117 3290 armis
1144 3218 1304 3309 Lodza,
1332 3240 1400 3289 non
1427 3219 1534 3290 habet
1561 3240 1624 3309 pro
1652 3220 1733 3292 dote

182 3336 334 3427 aliquam
360 3338 476 3409 villam
505 3344 566 3410 aut
590 3337 741 3428 fundum,
769 3338 830 3410 sed
856 3320 1006 3410 decimas
1032 3340 1264 3429 manipulares
1282 3339 1530 3430 infrascriptos,
1558 3347 1595 3411 et
1623 3341 1734 3430 primo

182 3477 223 3527 ac
248 3458 486 3549 principaliter
512 3459 618 3530 habet
643 3459 811 3530 decimam
837 3459 1086 3549 maniprdarem
1113 3461 1148 3529 in
1177 3459 1514 3552 Stbauyathlry,
1532 3460 1616 3531 villa
1634 3480 1733 3533 sano·

184 3577 413 3650 timouialium
430 3580 473 3652 de
502 3579 645 3652 Stban
655 3580 839 3670 yathky,
866 3581 963 3650 iuxta
981 3600 1083 3680 quam
1102 3580 1231 3652 dictum
1250 3581 1451 3653 coenobium
1468 3581 1573 3650 situm
1597 3586 1650 3652 est
1668 3581 1732 3652 sub

129 3667 143 3698 ⁰
176 3694 346 3789 'parochia
372 3701 536 3772 ecclesiae
563 3701 606 3772 de
633 3702 870 3792 Brzeszye.
896 3701 937 3771 In
964 3720 1032 3790 qua
1059 3707 1140 3772 sunt
1166 3722 1225 3771 sex
1253 3701 1344 3771 lanei
1371 3700 1621 3790 cmetbonales,
1647 3701 1732 3772 item

185 3820 273 3893 duae
308 3822 492 3912 tabernae,
518 3823 603 3893 item
630 3822 698 3893 duo
724 3822 902 3914 hortulani
926 3822 1095 3893 babentes
1122 3842 1242 3911 agros,
1269 3822 1313 3893 ab
1341 3822 1434 3911 agris
1461 3820 1733 3909 cmetbonalibus

181 3941 373 4032 distinctos,
401 3943 597 4033 dequibus
626 3943 784 4014 omnibus
811 3943 940 4032 absque
968 3942 1193 4013 diminutione
1221 3942 1324 4012 datur
1351 3941 1483 4013 decima
1509 3942 1734 4032 manipularis

180 4067 217 4133 et
243 4063 382 4136 ducitur
416 4066 568 4154 propriis
595 4065 753 4137 curribus
781 4065 816 4134 in
843 4064 1007 4135 borreum
1034 4084 1097 4153 pro
1125 4063 1306 4153 canonico,
1334 4068 1370 4134 et
1397 4063 1536 4136 solvunt
1563 4084 1733 4155 canopum

180 4202 244 4274 per
270 4190 419 4277 quatuor
455 4186 634 4257 iuncturas
666 4191 702 4256 ct
729 4170 932 4256 aestimatur
959 4184 1058 4255 valor
1085 4184 1237 4255 decimae
1264 4183 1440 4275 praefatae
1468 4184 1512 4255 ad
1539 4185 1734 4274 quindecim

51 4310 53 4315 ’
180 4323 323 4376 marcas.
357 4305 444 4377 Item
480 4307 674 4396 sciendum,
703 4306 793 4397 quod
821 4306 904 4376 villa
931 4304 1089 4396 praefata
1115 4305 1222 4377 habet
1248 4305 1383 4397 aliquos
1410 4326 1513 4397 agros
1539 4306 1634 4378 ultra
1659 4312 1732 4378 tor-

179 4431 331 4515 rentem,
360 4427 418 4516 qui
444 4433 589 4498 vocatur
615 4428 858 4517 Strumyen
886 4426 990 4516 sitos,
1019 4427 1077 4516 qui
1103 4431 1272 4499 vocantur
1284 4422 1536 4529 prrimporlcy,
1564 4427 1731 4498 abstracti

102 4621 110 4639 p
179 4545 310 4618 ovilla
336 4545 611 4638 Podlansre‚
639 4569 726 4640 quae
754 4555 807 4620 est
834 4550 942 4620 etiarn
969 4547 1423 4638 Sthanyateczeusis
1450 4547 1670 4636 monasterii,
1697 4552 1733 4616 et

179 4665 253 4738 dati
287 4668 525 4740 cmetbonibus
560 4667 604 4741 de
639 4668 1014 4760 Sthanyanthky,
1038 4651 1078 4740 ¹et
1104 4668 1147 4740 de
1179 4668 1248 4739 illis
1284 4668 1432 4740 solvitur
1458 4668 1591 4740 decima
1616 4667 1727 4737 maui-

179 4786 310 4877 pularis
337 4794 374 4859 et
400 4788 539 4862 ducitur
556 4789 591 4861 in
610 4788 721 4861 Podl
732 4811 811 4879 yan
822 4811 893 4862 sze
920 4811 984 4881 pro
1002 4789 1201 4880 praebenda
1218 4787 1447 4879 Gracoviensi,
1466 4787 1640 4878 oppedam
1656 4786 1731 4878 Ro·
1757 4772 1759 4777 ’

180 4907 461 5000 szeyowslra.

282 5028 371 5101 Item
398 5030 505 5103 babet
532 5031 717 5102 secundam
745 5032 911 5103 decimam
938 5031 1189 5121 manipularem
1214 5029 1250 5099 in
1278 5028 1518 5131 Chroszcz,
1546 5029 1610 5100 sub
1628 5049 1730 5119 paro-

115 5140 119 5151 ’
178 5149 258 5221 chia
274 5151 438 5223 ecclesiae
458 5151 500 5222 de
519 5151 605 5222 B'rz
616 5173 733 5242 ezye,
753 5172 841 5243 quae
858 5152 942 5223 villa
959 5158 1012 5223 est
1029 5149 1342 5223 sanctimonialium
1361 5148 1404 5221 de
1421 5149 1729 5243 Stanyantbky.

95 5271 101 5282 '
177 5268 218 5339 In
245 5290 314 5360 qua
340 5278 421 5344 sunt
439 5277 517 5343 octo
535 5273 753 5344 hortulaniae
772 5272 1004 5346 cmetbonales
1023 5279 1059 5342 et
1077 5272 1228 5361 quinque
1245 5270 1413 5341 tabernae
1431 5270 1598 5343 habentes
1626 5292 1730 5361 agros

83 5483 88 5491 Ι
178 5391 311 5480 amplos
343 5398 381 5464 et
411 5393 546 5484 largos,
574 5396 657 5466 item
690 5394 757 5466 duo
785 5392 984 5467 molendina
1010 5393 1176 5465 babentia
1203 5411 1324 5481 agros,
1350 5390 1393 5464 de
1420 5393 1544 5481 qrribus
1571 5392 1729 5466 omuibus
