4050 6054
1678 475 1752 552 471

756 568 805 657 ἅ

197 676 389 783 ,Perceptio
424 682 541 759 tolnen
577 682 652 757 eius
679 680 934 758 diversificatur
961 674 1143 758 alternatis
1170 683 1322 777 vicibus,
1348 706 1417 757 nuo
1444 683 1654 775 emmanue
1680 708 1760 779 per·

205 807 290 898 cipit
325 806 419 877 illam
454 807 653 897 praebenda
687 807 926 898 Kyelczieusis
960 827 1126 898 praesens
1159 807 1436 903 Pyrsznycpska,
1461 815 1499 879 et
1525 807 1656 879 ducunt
1681 830 1758 880 eam
1855 798 1858 804 ’

204 928 402 998 emethoues
429 927 580 1018 propriis
606 929 767 999 curribus
795 930 831 1000 iu
858 929 1021 999 horreum
1048 950 1070 999 a
1097 930 1261 999 canonico
1288 927 1480 1018 locandum,
1508 936 1545 1000 et
1562 928 1661 1000 valer
1679 930 1754 1000 eins

204 1042 411 1118 aestimatur
446 1048 491 1118 ad
526 1048 706 1120 duodecim
741 1069 895 1138 marcas3
927 1049 1039 1120 altero
1076 1070 1159 1120 vero
1194 1070 1285 1120 anno
1320 1049 1469 1138 percipit
1495 1068 1570 1120 eam
1598 1049 1757 1121 custodia

162 1203 169 1217 ·
204 1168 450 1259 Kyeleziensis.
477 1168 566 1238 Item
592 1170 628 1238 in
655 1169 775 1240 eadem
803 1170 886 1240 villa
912 1191 981 1240 uon
1008 1174 1062 1240 est
1088 1169 1227 1259 aliquod
1255 1169 1435 1263 praedium
1462 1169 1668 1260 episcopale,
1686 1190 1756 1309 nou
1847 1161 1854 1170 ’

199 1295 260 1361 ‚est
285 1291 441 1379 taberna,
469 1311 539 1360 non
566 1295 648 1361 sunt
674 1290 902 1361 hortulaniae.
979 1310 984 1330 ¹

309 1410 523 1501 Cnrsszoiv,
551 1410 633 1482 villa
659 1413 723 1482 sub
750 1412 916 1501 parochia
942 1411 1106 1481 ecclesiae
1133 1411 1176 1482 de
1202 1411 1518 1502 Dalyeszycze
1545 1413 1632 1501 sita,
1659 1413 1756 1483 cuins

204 1533 329 1602 haeres
359 1529 678 1603 Przedborius
705 1532 748 1603 de
775 1531 1153 1624 Konyeczpolye,
1180 1532 1306 1603 nobilis
1334 1532 1377 1603 (16
1404 1533 1510 1603 armis
1537 1533 1756 1624 Pobosze,

204 1653 241 1723 in
268 1673 337 1743 qua
363 1653 445 1723 aunt
461 1652 589 1723 necem
616 1654 708 1723 lanei
735 1653 980 1739 emetheualeS,
1008 1653 1051 1723 (16
1070 1654 1194 1743 quibus
1213 1654 1362 1724 solvitur
1380 1653 1512 1724 decima
1530 1654 1758 1742 manipularis

127 1792 164 1811 ··
205 1779 241 1843 et
274 1793 338 1862 per
373 1779 522 1866 quatuor
557 1774 696 1864 ierugas
724 1774 899 1863 canapalis
926 1773 1144 1863 praebendae
1170 1773 1387 1865 Kyelcziensi
1414 1773 1693 1866 Pyrzsnyczslra,
1721 1779 1757 1845 et

205 1893 334 1964 ducunt
368 1914 445 1965 eam
481 1894 678 1966 emethones
714 1895 865 1984 propriis
892 1895 1051 1965 curribus
1078 1895 1114 1964 in
1141 1896 1305 1966 horreum
1332 1915 1353 1965 a
1380 1897 1543 1966 canonice
1571 1895 1755 1990 locandum
1808 1916 1816 1926 ¹

146 2089 148 2092 ,
204 2021 241 2084 et
267 2015 366 2085 valor
392 2016 596 2086 aestimatur
623 2016 697 2086 eius
725 2015 769 2085 ad
798 2016 948 2106 quinque
974 2035 1118 2085 marcae.
1146 2014 1338 2104 Perccptio
1355 2021 1470 2085 tamen
1499 2016 1592 2086 illius
1611 2016 1757 2086 diversi-

204 2135 328 2206 ficatur
354 2135 536 2206 alternatis
563 2137 715 2226 vicibus;
742 2157 822 2206 nam
849 2157 917 2207 uno
945 2156 1035 2206 auno
1063 2136 1211 2225 percipit
1237 2157 1315 2206 eam
1333 2138 1519 2208 canonicus
1537 2136 1755 2226 praebendae

94 2242 97 2249 ”
204 2256 439 2348 Kyelcziensis
474 2256 735 2347 Pprzsnyczsha
770 2278 847 2327 cum
883 2257 975 2327 omni
1003 2258 1096 2345 iure,
1124 2257 1235 2328 altero
1262 2278 1345 2328 vere
1372 2278 1462 2328 anuo
1489 2258 1637 2347 percipit
1662 2240 1757 2328 illam
1811 2278 1812 2282 ’

204 2376 360 2448 custodia
393 2377 628 2468 Kyelcziensis
665 2379 770 2449 etiam
806 2398 883 2449 cum
920 2379 1012 2449 omni
1047 2377 1142 2465 iure3
1169 2378 1205 2447 16
1232 2377 1353 2447 eadem
1380 2379 1464 2449 villa
1490 2385 1545 2448 est
1572 2379 1755 2468 praedium

204 2498 342 2569 unicum
367 2498 518 2569 militare
545 2519 587 2568 ex
614 2499 708 2588 agris
735 2499 954 2570 cmethennm
981 2498 1118 2588 factum,
1146 2498 1189 2568 de
1216 2518 1284 2588 qao
1312 2498 1460 2570 solvitur
1474 2499 1619 2590 ,decima
1645 2499 1755 2569 maui-
1850 2582 1852 2586 ,
1898 2594 1902 2603 Ι

203 2619 334 2708 polaris
351 2620 404 2688 ¹in
438 2615 645 2713 ponticla-mam
674 2619 893 2708 praebendae
926 2618 1205 2709 Pyrzsuyczska,
1232 2624 1293 2689 aut
1324 2619 1501 2690 custodiae
1529 2618 1755 2709 Kyelcziensi.

204 2739 291 2809 ltem
317 2761 387 2810 non
414 2747 496 2810 sunt
522 2740 557 2808 in
586 2739 706 2810 eadem
732 2740 815 2811 villa
841 2741 1017 2830 tabernae,
1044 2760 1155 2830 neque
1181 2739 1419 2829 hortulaniae;
1446 2741 1530 2812 item
1548 2745 1630 2810 suut
1648 2741 1754 2831 etiam

203 2861 280 2948 agri
306 2861 511 2950 praediales.
1071 2860 1075 2865 ’

306 2981 459 3072 Brimo,
485 2984 584 3074 uilla,
610 2985 742 3055 habens
768 2984 805 3076 ip
832 3004 869 3054 se
897 2982 1075 3054 ecclesiam
1104 2983 1337 3071 parochialem
1365 2981 1524 3054 Omnium
1551 2982 1755 3055 Sanctorum

202 3101 369 3202 ligneam,
397 3104 494 3174 cuius
521 3105 645 3176 haeres
672 3104 835 3176 Nicolaus
863 3104 905 3174 de
932 3103 1293 3193 Ouroszwauky,
1320 3105 1447 3174 nobilis
1474 3104 1516 3174 (16
1544 3105 1650 3175 amnis
1677 3105 1755 3176 Ro-

204 3224 381 3312 666616
408 3243 476 3314 qua
502 3230 584 3296 suut
611 3225 804 3315 quindecim
831 3225 923 3294 lanei
951 3224 1193 3314 cmethenaleS,
1221 3223 1406 3314 dequibus
1426 3225 1584 3294 omnibus
1603 3225 1755 3297 selvitm

204 3343 336 3414 decima
361 3345 587 3434 manipularis
614 3352 650 3415 et
676 3365 739 3435 per
766 3351 915 3435 quatuor
941 3344 1080 3433 ierugas
1107 3344 1283 3433 canapalis
1301 3344 1520 3433 praebendae
1538 3344 1755 3450 Kyelczieusi

203 3464 462 3556 Pyrzsnyczsha
487 3467 673 3555 praesenti,
700 3472 735 3535 et
762 3465 892 3536 ducunt
919 3465 1012 3563 illam
1040 3465 1238 3536 emethenes
1264 3466 1416 3555 propriis
1443 3466 1602 3536 cunibus
1621 3467 1656 3536 in
1674 3467 1755 3537 hor-

203 3605 299 3656 reum
331 3587 542 3657 acanonice
569 3587 770 3676 locandum,
797 3593 833 3657 et
860 3586 934 3656 eius
961 3586 1060 3657 valor
1086 3586 1130 3656 ad
1157 3592 1235 3657 octo
1262 3606 1396 3657 marcas
1423 3587 1648 3676 aestimatur,
1675 3608 1754 3678 per-

203 3706 316 3795 ceptio
351 3708 467 3777 16666
503 3708 578 3777 6166
615 3706 870 3777 diversificatur
896 3706 1080 3776 alternatis
1107 3706 1258 3797 vicibus,
1286 3727 1363 3776 nam
1391 3728 1460 3777 uno
1488 3727 1579 3778 anno
1606 3709 1756 3798 percipit

203 3826 297 3897 illam
323 3827 522 3916 praebenda
548 3827 784 3917 Kyelcziensis
810 3827 1070 3918 Pyrzsnyczslm
1097 3848 1173 3897 cum
1201 3826 1293 3896 omui
1320 3827 1405 3917 iure,
1432 3826 1543 3898 altero
1562 3849 1644 3899 vero
1664 3835 1754 3900 anno

203 3948 351 4037 percipit
378 3969 453 4018 eam
480 3948 638 4019 custodia
664 3947 898 4039 Ky'elcziensis
925 3948 1030 4018 etiam
1053 3949 1240 4018 cumomni
1259 3948 1343 4018 iure.
1370 3947 1457 4018 Item
1476 3949 1511 4018 in
1531 3949 1651 4020 eadem
1670 3949 1754 4021 villa

203 4076 285 4140 sunt
311 4068 399 4139 duae
425 4070 607 4160 tabernae,
635 4070 801 4141 habentes
829 4090 949 4160 agree,
977 4090 1123 4159 quarum
1150 4089 1219 4139 una
1245 4077 1300 4140 est
1325 4068 1505 4159 haeredis,
1533 4090 1622 4161 quae
1650 4072 1755 4144 solvit

203 4188 370 4260 decimam
405 4191 441 4260 in
465 4188 673 4285 penicles-cm
699 4191 862 4262 canonico
878 4195 951 4261 aut
978 4190 1122 4278 custodi,
1150 4191 1262 4261 altera
1288 4210 1372 4261 vero
1399 4197 1454 4260 est
1479 4191 1638 4282 plebani,
1665 4214 1754 4283 quae

203 4310 307 4381 solvit
341 4312 508 4382 decimam
543 4313 710 4401 plebano;
736 4313 774 4382 in
809 4304 942 4383 'eade'lii’
956 4311 1040 4383 villa
1065 4317 1120 4383 est
1146 4312 1284 4382 unicum
1310 4311 1489 4401 praedium
1516 4313 1682 4403 militare,
1711 4314 1753 4384 de

202 4432 298 4502 cuius
317 4433 419 4521 agris
446 4433 593 4504 solvitur
620 4432 753 4503 decima
770 4428 996 4523 mtrlip'nlaris
1013 4432 1143 4503 ibidem
1161 4432 1326 4503 ecclesiae
1343 4433 1533 4522 parochiali
1552 4433 1589 4502 iu
1608 4433 1752 4504 Bardo.

202 4551 289 4623 Item
316 4560 371 4624 est
397 4573 466 4623 una
493 4554 528 4623 in
555 4554 676 4624 eadem
703 4555 787 4626 villa
812 4518 1011 4624 hortulauia
1037 4553 1194 4642 scolteti3
1221 4554 1304 4624 item
1331 4553 1498 4625 scoltetus
1515 4554 1648 4625 habens
1666 4555 1753 4632 dues

202 4674 329 4763 laneos,
356 4673 399 4744 de
425 4675 550 4764 quibus
576 4675 733 4745 omuibus
761 4675 908 4745 solvitur
935 4674 1067 4744 decima
1093 4674 1317 4764 manipularis
1335 4674 1514 4746 custodiae
1532 4681 1569 4744 et
1586 4676 1751 4747 canoniae

203 4794 238 4863 in
263 4791 470 4889 poeniceam
495 4795 628 4866 vicibus
655 4795 847 4866 alternatis.

244 4940 248 4949 ·
307 4913 480 5006 Czrzow,
506 4915 591 4987 villa
626 4917 690 4986 soh
724 4917 892 5006 parochia
927 4916 1090 4988 ecclesiae
1117 4914 1161 4988 de
1188 4915 1359 5006 Bardo,
1386 4916 1484 4987 cuius
1510 4918 1634 4987 haeres
1661 4916 1752 4988 idem
1854 4943 1857 4959 ·

202 5032 368 5105 Nicolaus
404 5036 447 5106 (16
482 5035 802 5127 Koroswaulcy
838 5037 880 5107 de
907 5038 1013 5108 armis
1040 5037 1204 5128 Rasna,
1231 5038 1268 5106 in
1297 5058 1367 5126 qua
1394 5044 1475 5107 suut
1500 5043 1633 5127 septem
1661 5037 1770 5109 lanei

202 5156 445 5246 emethonaleS,
472 5157 515 5228 de
542 5157 667 5248 quibus
695 5157 844 5229 solvitur
871 5158 1003 5229 decima
1029 5157 1257 5249 manipularis
1285 5164 1321 5227 et
1347 5178 1410 5246 per
1437 5165 1586 5246 quatuor
1612 5158 1751 5248 ierogas

202 5276 377 5366 canapalis
411 5277 629 5367 praebendae
664 5276 880 5367 Kyelcaiensi
916 5276 1196 5368 Pyrzsnyezsha,
1223 5283 1260 5347 et
1295 5262 1426 5348 ducunt
1452 5299 1527 5348 eam
1554 5280 1752 5350 emethones

202 5399 352 5487 propriis
379 5399 538 5470 curribus
566 5399 602 5470 in
628 5400 790 5469 horreum
818 5420 840 5469 a
866 5399 1032 5469 canonico
1059 5398 1249 5488 locandum,
1276 5404 1313 5469 et
1338 5399 1438 5470 valor
1455 5400 1658 5472 aestimatur
1676 5400 1751 5473 eius
