4050 6054
1562 475 1564 480 ·
1646 446 1720 519 497

178 658 241 713 seu
267 639 528 733 oppidanorum,
554 642 597 715 de
623 640 748 734 quibus
774 639 923 716 solvitur
958 644 1091 718 decima
1117 644 1306 737 pecunialis
1341 667 1534 739 perunum
1561 650 1724 724 videlieet

176 759 347 835 fertonem
372 763 522 837 latorum
548 784 749 854 grossorum
775 766 939 837 canoniea
967 772 1112 856 quartae
1138 768 1358 858 praebendae
1383 788 1448 860 pro
1465 770 1607 841 decima.
1633 771 1722 843 Item

178 882 368 971 praedium.

280 1002 501 1095 Donnrnrs,
526 1003 611 1076 villa
627 1005 692 1075 sub
708 1004 875 1094 parochia
899 1005 1063 1077 ecelesiae
1089 1007 1132 1077 de
1160 1005 1396 1099 Ozyeklyn
1422 1008 1500 1097 sits,
1526 1009 1623 1080 euius
1640 1029 1722 1098 pro·

178 1123 311 1212 pristas
337 1129 374 1195 et
400 1124 589 1196 dominium
615 1123 661 1195 ad
687 1124 837 1197 nobilem
855 1178 996 1195 ......
1023 1125 1066 1197 de
1092 1128 1198 1197 armis
1216 1181 1358 1197 ......
1384 1127 1552 1217 pertinet,
1590 1129 1722 1219 inqua

178 1248 260 1313 sunt
284 1243 378 1314 lanei
403 1243 656 1333 emethonales‚
691 1244 887 1334 dequibus
917 1244 1065 1316 solvitur
1099 1265 1188 1316 unus
1213 1245 1304 1320 ferto
1339 1247 1488 1318 latorum
1522 1268 1721 1336 grossorum

177 1360 405 1452 Prugensium
429 1384 494 1455 pro
520 1362 656 1434 dealma
682 1363 847 1435 canonico
873 1369 1019 1453 quartae
1044 1365 1272 1456 praebendae.
1299 1366 1388 1438 Item
1412 1365 1602 1456 praedium.

281 1480 624 1571 Prununzruownn,
651 1480 734 1552 villa
760 1483 826 1553 sub
851 1483 1017 1572 parochia
1041 1484 1207 1556 eeclesiae
1225 1538 1388 1556 .......
1414 1486 1493 1575 sita,
1519 1485 1616 1557 euius
1642 1506 1723 1577 pro-

178 1602 310 1693 prietas
344 1606 382 1673 et
407 1600 597 1673 dominium
631 1599 677 1671 ad
702 1601 854 1672 nobilem
888 1600 1084 1674 Iohannem
1118 1609 1155 1674 et
1181 1603 1391 1675 Stanislaum
1426 1601 1646 1677 Gamrath
1678 1606 1722 1676 de

181 1720 289 1792 aruris
314 1718 519 1792 Saulima
544 1720 707 1811 pertinet,
744 1720 780 1791 in
807 1741 875 1811 qua
900 1728 983 1792 sunt
1007 1721 1100 1794 lanei
1125 1722 1373 1812 emethouales,
1398 1723 1442 1794 de
1468 1725 1593 1813 quibus
1620 1723 1723 1796 solvi·

179 1846 239 1911 tur
254 1822 343 1911 nnus
359 1838 452 1915 ferta
467 1838 620 1913 latorum
637 1860 837 1929 grossorum
851 1840 1016 1913 canonico
1029 1847 1175 1931 quartae
1188 1842 1417 1932 praebendae.
1433 1841 1521 1913 Item
1534 1843 1724 1933 praedium.

282 1959 553 2050 Summoveo,
588 1960 672 2031 villa
703 1959 768 2032 sub
794 1960 961 2050 parocbia
994 1961 1163 2032 ecelesiae
1194 1942 1242 2032 da
1273 1961 1478 2033 Zalanze
1503 1963 1591 2051 sita,
1625 1963 1723 2034 euius

180 2079 377 2171 proprietas
402 2087 440 2151 et
464 2080 653 2153 dominium
679 2081 724 2151 ad
750 2080 902 2152 nobilem
920 2134 1060 2152 ......
1092 2082 1135 2152 de
1162 2082 1264 2153 dorno
1282 2135 1396 2152 .....
1423 2087 1460 2153 et
1485 2083 1590 2153 armis
1608 2136 1617 2152 .
1687 2135 1722 2152 ..

179 2200 345 2290 pertinet,
369 2201 407 2271 in
432 2220 502 2291 qua
516 2205 607 2272 sunt
631 2201 723 2271 lanei
750 2200 992 2291 emethonales,
1018 2200 1061 2272 de
1088 2201 1213 2292 quibus
1238 2201 1386 2273 solvitur
1411 2222 1501 2273 unus
1526 2200 1617 2274 ferto
1634 2202 1723 2274 lato

180 2340 259 2403 rum
283 2339 483 2410 grossorum
508 2320 673 2392 canoniea
701 2326 846 2411 quartae
872 2320 1090 2410 praebendae
1115 2340 1179 2410 pro
1205 2319 1346 2392 decima
1372 2320 1460 2391 Item
1485 2321 1675 2410 praedium.

285 2439 508 2530 Bntnzezrn,
534 2440 620 2512 villa
645 2440 710 2511 sub
736 2439 904 2530 parochia
928 2439 1095 2511 acclesiae
1121 2440 1165 2511 de
1190 2438 1214 2511 J
1222 2439 1382 2530 aszyel
1408 2438 1496 2529 sita,
1521 2441 1618 2512 euius
1643 2460 1724 2531 pro·

183 2559 312 2649 prietes
337 2564 376 2631 et
399 2559 588 2659 dominium
614 2558 660 2630 ad
686 2560 944 2631 serenissimum
968 2557 1133 2630 Poloniae
1158 2578 1276 2648 regern
1301 2559 1464 2649 pertinet,
1488 2559 1526 2630 in
1552 2579 1622 2648 qua
1644 2541 1742 2631 sunt*

182 2679 273 2751 lanei
297 2678 550 2770 emethonales,
578 2680 621 2751 de
650 2681 774 2770 quibus
810 2679 957 2752 solvitur
992 2700 1080 2751 unus
1107 2678 1198 2750 ferto
1233 2679 1385 2751 latorum
1412 2698 1613 2769 grossorum
1638 2677 1725 2750 Pro

179 2794 356 2890 genslum.
370 2799 460 2873 Item
485 2800 666 2892 praedium
693 2804 748 2872 est
773 2801 822 2872 ibi
840 2799 1029 2890 sooltetiae,
1055 2798 1184 2890 dequo
1204 2800 1339 2871 ratione
1364 2798 1516 2871 decimae
1542 2799 1725 2871 solvuntur

181 2920 330 2993 sedeoIm
354 2914 470 3011 grossi
505 2921 671 2994 eeclesiae
697 2920 889 3011 parochiali
923 2921 960 2992 in
990 2919 1200 3011 Jaszyel;
1234 2920 1319 2992 item
1346 2919 1494 3010 quilibet
1519 2920 1655 2991 ametbo
1681 2918 1725 2990 de

179 3040 281 3113 laneo
298 3040 405 3113 solvit
421 3060 486 3132 pro
504 3041 652 3112 eeclesia
677 3041 713 3111 in
739 3040 762 3112 J
771 3040 930 3112 asehel
957 3060 1064 3111 unum
1081 3039 1223 3111 chorum
1242 3038 1390 3131 siliginis
1407 3038 1543 3111 ratione
1565 3035 1727 3108 omsobrw.

284 3159 374 3231 Item
400 3159 557 3251 praefata
582 3161 780 3251 praebenda
806 3166 928 3233 taxata
952 3164 1007 3233 est
1032 3158 1078 3231 ad
1094 3212 1236 3230 ......

607 3421 774 3503 lliesris
806 3426 983 3524 quartas
1015 3420 1298 3527 praebendas.
1421 3525 1426 3538 1

287 3638 421 3729 Quarta
444 3639 643 3732 praebenda
674 3640 709 3713 S.
735 3641 909 3732 Floriani,
944 3641 1119 3733 appellata
1143 3634 1590 3732 Nyeglowyeezslra,
1622 3638 1730 3712 habet

183 3760 381 3853 habereque
406 3762 586 3835 consuevit
612 3761 775 3833 vicariam
800 3767 1006 3853 perpetuam
1033 3763 1070 3833 in
1096 3761 1241 3834 eeclesia
1266 3759 1300 3832 S.
1317 3759 1483 3849 Floriani,
1509 3779 1612 3849 quam
1637 3779 1730 3831 nune

183 3880 292 3955 habet
323 3879 551 3977 Iiioolaus
585 3881 630 3953 de
656 3881 969 3954 Scarbimiria
1002 3881 1201 3972 presbyter,
1236 3880 1334 3952 ouius
1369 3879 1553 3951 eanonicus
1580 3883 1726 3969 quartae

105 4070 123 4097 ,
183 3998 404 4101 imbelli&
438 4006 520 4075 aute
546 4001 833 4093 adaequationem
869 4000 1115 4074 beneficiorum
1141 4019 1217 4072 esse
1252 4002 1479 4071 consueverat
1512 3998 1633 4070 unicus
1660 3997 1730 4069 col·

183 4120 276 4195 lator
301 4127 338 4194 et
362 4125 549 4213 patronus,
584 4141 688 4212 quam
723 4140 815 4193 nune
848 4120 1008 4194 doctores
1034 4126 1071 4193 et
1095 4119 1258 4209 magistri
1288 4118 1425 4208 collegii
1451 4116 1486 4189 S.
1510 4116 1668 4189 Floriani
1693 4116 1730 4187 in

185 4241 359 4341 communi
384 4238 576 4332 mutarunt,
602 4240 799 4315 beneficiati
833 4238 1011 4331 praefatae
1037 4239 1204 4312 ecclesiae
1230 4238 1439 4325 existentem
1473 4256 1538 4327 pro
1563 4234 1669 4307 fundo
1695 4241 1733 4305 et

184 4361 328 4451 spetiali
351 4362 499 4435 introitu
525 4361 682 4453 praefata
717 4361 849 4433 vicaria
883 4360 991 4432 habet
1025 4364 1175 4450 quatuor
1200 4378 1334 4429 mareas
1368 4377 1432 4447 pro
1467 4376 1582 4428 annuo
1617 4374 1733 4443 censu,

185 4480 424 4569 adortaribus
449 4486 503 4557 et:
513 4480 691 4583 magistris
716 4479 932 4554 beneficiatis
957 4479 1120 4552 ecelesiae
1147 4477 1180 4549 S.
1198 4477 1362 4549 Floriani.
1449 4568 1454 4579 .

265 4602 377 4675 ,Item
412 4602 519 4674 habet
553 4600 692 4674 domum
726 4600 905 4691 propriam
939 4619 1017 4671 oum
1052 4599 1154 4671 horto
1189 4602 1227 4670 et
1260 4596 1415 4688 pomerio
1450 4596 1487 4665 in
1523 4592 1729 4667 ooemeterio

186 4720 221 4797 S
244 4720 411 4795 Floriani
445 4762 453 4779 .
1148 4731 1154 4740 ·

188 4921 302 5064 Fons
334 4928 619 5088 praelatorum
652 4986 697 5062 et
727 4978 1032 5063 eanonleorum
1063 4976 1206 5060 Sancti
1230 4976 1411 5058 Flos-inni
1444 4971 1731 5056 incontinent.

291 5202 465 5276 Oznrnrn
490 5200 637 5292 Muros,
675 5202 759 5273 villa
785 5201 849 5273 sub
877 5200 1043 5289 parochia
1073 5197 1239 5270 eeclesiae
1265 5195 1309 5267 de
1334 5193 1507 5267 Maiori
1533 5188 1735 5282 Czaplye

188 5323 266 5414 sita,
284 5325 381 5405 eidus
395 5324 591 5414 proprietas
610 5330 645 5394 et
657 5322 857 5394 universum
871 5318 1060 5392 dominium
1073 5316 1118 5389 ad
1131 5315 1308 5407 praelatos
1322 5319 1360 5386 et
1373 5313 1553 5385 canonicos
1572 5310 1737 5383 eeclesiae

291 5488 342 5533 ldb.
354 5487 452 5531 Banado.
1529 5446 1569 5505 63
