4050 6054
1632 467 1712 559 Ι666

266 667 545 760 Β6666661666,
572 669 656 741 villa
674 670 738 741 suh
755 658 922 760 parocbia
938 669 1105 742 ecclesiae
1124 668 1602 763 (1616611116111616116,Ι
1616 674 1714 747 cuius

163 791 289 864 haeres
313 790 600 867 Bartholomaeus
627 788 846 882 Obulecz,
872 791 1068 864 6611116116
1095 793 1209 867 armis
1227 790 1556 884 Odrowansch,
1583 793 1620 865 iu
1646 815 1715 887 qua

163 915 246 982 6661
280 931 341 983 sex
375 911 467 982 lanei
503 913 754 1003 emethonales,
782 912 977 1003 dequibus
1004 912 1152 984 solvitur
1179 912 1312 984 decima
1336 912 1563 1003 manipularis
1588 919 1627 987 et
1650 934 1716 1007 per

165 1036 314 1123 quatuor
347 1032 486 1124 ierugas
519 1033 693 1123 canapalis
720 1033 856 1124 custodi
882 1033 1118 1105 etnauonicis
1144 1032 1496 1124 Scarbimiriensibus‚
1523 1039 1560 1105 et
1585 1035 1716 1108 ducunt

164 1172 240 1223 eam
268 1153 467 1224 cmethones
493 1155 645 1243 propriis
672 1155 831 1227 curribus
856 1154 894 1225 in
919 1152 1083 1227 horreum
1111 1174 1132 1225 a
1158 1153 1301 1225 custode
1328 1158 1389 1225 aut
1407 1156 1580 1227 canonicis
1597 1156 1714 1229 locan-

164 1273 245 1345 dum
273 1277 309 1344 et
326 1274 425 1344 valor
443 1275 650 1349 aestimatur
675 1274 751 1347 eius
777 1274 822 1346 ad
848 1294 910 1346 sex
935 1294 1080 1346 marcas.
1104 1274 1194 1346 Item
1220 1275 1256 1344 iu
1283 1273 1404 1346 eadem
1430 1275 1514 1348 villa
1531 1282 1612 1348 sunt
1630 1298 1715 1368 qua-

164 1400 245 1465 tuor
271 1394 491 1465 hortulaniae
517 1395 686 1467 habentes
714 1416 831 1484 agros,
858 1394 902 1465 de
929 1395 1054 1486 quibus
1085 1395 1213 1484 partim
1245 1395 1336 1466 cedit
1368 1394 1500 1467 decima
1530 1399 1715 1490 666661616,

164 1515 292 1604 partlm
310 1514 449 1586 vicariis
476 1513 833 1604 Scarhimirieusihus3
861 1516 958 1587 item·
971 1516 1009 1587 in
1035 1516 1155 1588 eadem
1176 1514 1265 1586 ¹villa
1291 1522 1345 1587 est
1370 1517 1507 1587 unicum
1534 1518 1715 1608 praedium

166 1635 330 1725 militare,
356 1635 438 1707 item
457 1656 527 1706 una
552 1638 699 1708 taberna
723 1637 856 1709 habens
883 1656 996 1728 agros,
1022 1642 1148 1708 ettam
1168 1637 1210 1708 de
1228 1637 1461 1728 praedialihus
1479 1660 1582 1729 quam
1600 1640 1718 1713 taber·

48 1776 54 1783 ·
166 1776 231 1826 nae
250 1757 344 1846 agris
372 1757 521 1829 solvitur
546 1757 679 1829 decima
704 1758 929 1847 manipularis
955 1757 1096 1831 11661116
1123 1757 1474 1829 Scarbimiriensibus.

269 1875 516 1949 Kourscnow
542 1894 705 1968 ramum,
732 1878 816 1959 villa
851 1880 915 1950 sub
950 1879 1117 1969 parochia
1143 1878 1308 1950 ecclesiae
1335 1878 1378 1949 de
1405 1878 1716 1953 Scarbimiria

168 1998 246 2086 sita,
272 1997 370 2068 cuius
396 1998 521 2070 haeres
547 1997 740 2070 Stanislaus
767 1997 1097 2090 scadnyczsky,
1125 1999 1251 2071 nobilis
1278 1998 1320 2069 de
1348 1999 1448 2070 domo
1475 2001 1716 2092 Drnszina,

165 2119 202 2189 in
228 2138 297 2208 qua
323 2124 406 2190 sunt
432 2125 581 2208 quatuor
606 2119 698 2191 lanei
720 2118 1201 2211 *emethonalessde-quibus
1227 2120 1374 2191 solvitur
1401 2120 1534 2192 decima
1559 2123 1716 2213 manipu-

165 2238 249 2309 laris
277 2246 313 2311 et
339 2260 402 2329 per
430 2247 579 2330 quatuor
604 2240 744 2330 ierugas
771 2239 1713 2333 6666661666616116166666161686611161116661166,

166 2364 201 2429 et
227 2359 358 2431 ducunt
385 2381 460 2431 eam
487 2362 684 2432 cmethones
712 2361 862 2450 propriis
889 2362 1048 2433 curribus
1076 2362 1111 2432 in
1139 2363 1302 2433 horreum
1328 2383 1350 2432 6
1376 2363 1519 2433 custode
1537 2361 1714 2435 velcant-

164 2480 251 2550 uicis
276 2480 457 2552 locandum
485 2487 521 2552 61
547 2483 645 2553 valor
672 2482 746 2552 eius
772 2482 976 2553 aestimatur
1003 2482 1045 2552 ad
1074 2481 1224 2572 quinque
1249 2502 1394 2553 marcas.
1420 2482 1509 2553 Item
1536 2482 1571 2553 in
1591 2484 1711 2556 eadem

166 2601 249 2672 villa
284 2606 338 2672 est
372 2602 510 2673 unicum
546 2600 724 2692 praedium
751 2603 921 2692 militare,
948 2602 1032 2673 item
1059 2608 1132 2673 tres
1158 2602 1379 2673 hortulaniae
1404 2603 1575 2675 habentes
1602 2624 1715 2694 agros,

143 2720 209 2801 ,de
235 2722 379 2810 praedio
414 2724 464 2793 eis
491 2723 654 2813 largitos,
682 2722 877 2812 dequibus
906 2723 1038 2813 decima
1063 2723 1288 2812 manipularis
1324 2722 1472 2795 solvitur
1502 2723 1716 2813 praebenda·

167 2841 219 2911 rio
255 2842 420 2914 ecclesiae
455 2843 491 2913 16
529 2841 894 2934 Gywanowicze3
921 2844 1004 2916 item
1039 2843 1075 2914 in
1111 2843 1291 2934 praedicta
1317 2843 1401 2917 villa
1426 2866 1495 2916 non
1522 2850 1576 2916 est
1600 2845 1717 2938 aliqua

166 2963 322 3034 taberna.

279 3083 527 3157 Knmrscnow
553 3085 697 3176 ans,
724 3086 807 3156 villa
843 3087 907 3157 sub
943 3086 1109 3175 parochia
1144 3085 1310 3158 ccclesiae
1337 3084 1380 3157 de
1407 3084 1719 3159 Scarbimiria

167 3204 252 3295 sita,
280 3207 376 3276 cuius
411 3206 535 3277 haeres
570 3206 661 3276 idem
696 3205 892 3277 Stanislaus
918 3205 1244 3298 Stadnyczsky
1273 3207 1315 3278 de
1343 3208 1449 3278 armis
1474 3208 1717 3298 Drnszina,

168 3327 203 3397 in
231 3346 299 3417 qua
324 3348 393 3398 non
421 3331 475 3398 est
501 3327 642 3418 aliquod
668 3327 849 3416 praedium
875 3327 1035 3417 militare,
1061 3349 1131 3398 666
1159 3333 1212 3399 661
1239 3326 1355 3419 aliqua
1371 3327 1529 3418 1616166,
1546 3350 1615 3401 666
1635 3333 1717 3402 sunt
1798 3320 1802 3328 ’

167 3448 274 3538 aliqui
308 3447 399 3518 lauei
426 3448 678 3538 cmethonales,
706 3447 766 3518 sed
794 3454 875 3519 sunt
901 3453 975 3519 1166
1001 3447 1239 3537 16116166166,
1265 3447 1434 3519 16166166
1460 3469 1564 3538 agros
1590 3448 1716 3539 largos,

168 3569 211 3641 de
246 3569 371 3659 quibus
407 3569 555 3640 solvitur
590 3568 723 3639 decima
747 3567 974 3657 manipularis
1002 3567 1137 3639 custodi
1164 3573 1199 3639 et
1225 3567 1400 3638 canonicis
1424 3567 1591 3639 ecclesiae
1618 3566 1718 3639 8661-
1777 3557 1779 3560 ’

164 3688 397 3781 bimiriensis,
433 3695 470 3761 61
505 3690 635 3761 ducunt
670 3709 746 3760 eam
780 3687 957 3760 hortulani
993 3688 1032 3758 16-
1064 3688 1231 3761 horreum
1249 3708 1285 3759 .-a
1312 3687 1461 3758 custode
1481 3692 1521 3759 61
1544 3688 1717 3761 6666111616

167 3809 348 3882 locandum
377 3815 413 3880 et
438 3811 537 3882 valor
564 3811 766 3882 aestimatur
792 3810 867 3881 eius
894 3808 939 3880 ad
963 3830 1074 3880 uuam
1094 3828 1255 3881 marcam.

272 3929 474 4022 Κ661166,
501 3932 585 4003 villa
619 3933 683 4003 sub
719 3931 886 4022 parochia
920 3930 1086 4002 ecclesiae
1119 3931 1162 4002 de
1189 3928 1481 4001 (1661666616
1508 3929 1595 4021 6116,
1622 3929 1718 4002 cuius

168 4052 291 4125 haeres
318 4053 483 4124 Nicolaus
508 4052 763 4143 Κ6111116,
792 4052 917 4123 nobilis
944 4051 988 4123 de
1014 4051 1120 4122 armis
1147 4048 1461 4142 Gelithonum‚
1488 4052 1523 4122 in
1539 4036 1620 4142 ·qua
1637 4055 1719 4124 sunt

169 4173 236 4247 duo
263 4174 354 4246 lanei
381 4174 624 4263 cmethonales,
651 4175 734 4244 item
759 4175 905 4245 taberna
931 4194 1000 4244 uua
1024 4174 1158 4247 habens
1177 4192 1289 4263 agros,
1307 4172 1391 4243 item
1408 4177 1481 4244 tres
1499 4172 1718 4244 hortulaniae

168 4295 336 4367 habentes
363 4316 477 4386 agros,
504 4294 547 4366 de
575 4295 699 4385 quibus
726 4295 886 4367 omnibus
912 4294 1061 4366 solvitur
1086 4293 1220 4365 decima
1237 4292 1475 4383 manipularis,
1493 4298 1530 4364 61
1548 4292 1591 4364 de
1608 4290 1719 4363 166616

169 4418 442 4489 cmethonalibus
477 4438 541 4506 per
576 4422 725 4506 quatuor
750 4416 889 4506 ierugas
916 4416 1092 4506 canapalis
1119 4414 1297 4487 custodiae
1324 4418 1360 4486 et
1386 4412 1592 4504 praebendis
1619 4410 1719 4484 Scar-

168 4538 445 4627 bimiriensihus,
473 4543 508 4608 et
543 4536 674 4608 ducunt
708 4557 782 4608 eam
818 4537 969 4627 propriis
1005 4535 1166 4608 curribus
1193 4535 1229 4607 16
1255 4536 1420 4607 16116616
1447 4554 1469 4606 6
1494 4533 1636 4606 custode
1663 4531 1720 4605 vel

170 4659 345 4731 canonicis
378 4659 563 4730 locandum
597 4664 634 4730 et
668 4659 768 4730 valor
793 4660 868 4730 6166
895 4659 1099 4730 aestimatur
1126 4657 1170 4729 ad
1197 4661 1270 4728 tres
1296 4664 1441 4727 marcas.
1475 4655 1563 4727 Item
1590 4659 1646 4726 est
1671 4654 1721 4726 ihi

168 4781 307 4853 unicum
332 4780 512 4870 praedium
538 4780 696 4871 militare,
724 4779 767 4851 de
794 4780 901 4851 cuius·
918 4780 1012 4870 agris
1038 4778 1186 4870 percipit
1212 4798 1304 4850 nunc
1328 4776 1472 4848 66616616
1498 4779 1534 4846 61
1550 4775 1719 4865 plebanus

170 4902 206 4972 in
242 4900 526 4973 Craruoczin
561 4900 727 4972 decimam
763 4900 1013 4991 manipularem
1048 4900 1124 4971 iure
1155 4897 1365 4989 parochiali;
1393 4896 1454 4968 sed
1481 4895 1648 4985 plebanus
1675 4893 1719 4967 de

170 5019 505 5094 Giwanowicze
540 5027 645 5093 vexat
681 5021 777 5093 illum
813 5043 876 5111 pro
913 5021 1050 5112 eadem,
1078 5041 1237 5092 66661666
1273 5017 1318 5090 ad
1353 5039 1450 5090 suam
1477 5016 1657 5088 ecclesiam
1683 5016 1718 5088 in

171 5138 509 5214 Giwauowicze
536 5142 630 5213 illam
657 5124 840 5232 pertinere.
1227 5146 1230 5151 “

274 5262 527 5354 8616666666,
555 5263 735 5354 praedium
761 5263 826 5335 sub
852 5261 1017 5353 parochia
1043 5261 1208 5333 ecclesiae
1235 5260 1278 5332 de
1305 5257 1614 5330 Scarbimiria
1639 5279 1720 5331 con-

170 5383 314 5475 sistens,
343 5385 439 5456 cuius
474 5386 599 5465 haeres
626 5383 820 5456 Doheslaus
847 5382 1165 5472 Chlewiczslry
1192 5381 1235 5453 de
1263 5380 1368 5453 armis
1395 5378 1718 5473 Odrowansch,

299 5554 346 5597 urs
361 5554 457 5596 uenero.
1516 5520 1556 5579 67
