4050 6054
1566 496 1638 568 279

91 699 228 771 cmetbo
254 698 360 771 solut
386 698 536 789 capitulo
563 720 628 790 pro
655 720 768 771 annuo
796 719 901 771 censu
927 700 1051 790 viginti
1078 703 1223 789 scottos,
1252 703 1288 770 et
1313 700 1450 771 notario
1476 701 1553 770 non
1572 702 1640 771 sol-

26 902 29 909 ,
90 827 177 891 nunt
203 820 354 902 medium
379 841 537 909 grossum
573 840 636 910 pro
664 827 762 910 nota,
799 822 882 891 item
909 821 995 914 dnos
1024 840 1188 910 capones,
1226 820 1308 889 item
1336 823 1484 910 quatuor
1516 820 1639 891 choros

90 940 199 1012 tritici
224 960 294 1011 non
322 941 470 1011 solvunt.
497 942 584 1011 Item
603 947 751 1030 quatuor
769 941 892 1011 choros
919 959 1047 1011 avenae
1074 959 1255 1011 mensurae
1283 938 1547 1010 Szadkoviensis
1564 940 1639 1029 pla-

90 1078 158 1132 nae
184 1066 220 1131 et
245 1060 399 1151 aequalis
426 1061 580 1150 solvunt,
615 1062 697 1132 Item
723 1061 868 1150 triginta
895 1081 961 1131 oua
987 1061 1133 1131 solvunt.
1177 1059 1265 1130 Item
1291 1078 1361 1130 non
1388 1059 1527 1130 solvunt
1552 1059 1639 1130 duos

81 1180 232 1271 'grossos
258 1200 323 1270 pro
350 1201 454 1251 censu
479 1179 580 1269 loeni,
609 1181 668 1271 qui
694 1187 838 1252 vocatur
864 1202 1023 1275 sayeaaw,
1063 1169 1147 1251 item
1174 1179 1321 1269 quilibet
1346 1184 1485 1250 tenetur
1513 1179 1639 1250 ducere

90 1305 169 1382 ecto
196 1318 318 1372 currus
344 1300 517 1390 lignorum
536 1301 579 1371 de
597 1302 697 1376 laneo
720 1301 765 1372 ad
784 1302 913 1373 curiam
941 1303 976 1370 in
1002 1299 1304 1388 Pabianicze3
1332 1299 1416 1369 item
1442 1300 1477 1368 in
1496 1300 1638 1389 praedio

89 1418 331 1493 Pabianicensi
349 1440 418 1491 non
436 1425 599 1492 tenentur
626 1422 823 1492 cmethones
842 1420 942 1490 simul
961 1439 1063 1510 agros
1082 1438 1142 1491 eos
1160 1420 1408 1510 confingentes,
1435 1420 1494 1510 qui
1513 1439 1638 1491 vocan-

87 1544 150 1645 tur
173 1536 326 1634 imrzyai
351 1548 460 1630 arare,
487 1560 599 1631 neque
617 1542 782 1633 arpicare,
811 1561 921 1630 neque
947 1539 1118 1611 frumento
1147 1540 1262 1611 curiae
1289 1542 1471 1630 seminare,
1498 1547 1638 1628 metere,

83 1660 202 1751 '1qu
229 1681 372 1732 acervos
399 1682 463 1751 pro
490 1663 541 1732 eis
568 1663 761 1752 disponere,
788 1666 823 1732 et
849 1662 884 1732 in
911 1661 1074 1731 horreum
1109 1661 1259 1751 propriis
1288 1661 1447 1732 curribus
1473 1660 1636 1732 inducere

90 1788 161 1853 Μ
186 1785 370 1869 tenentur3
397 1782 480 1851 item
499 1781 584 1852 duos
602 1782 712 1871 gallos
731 1801 927 1852 communes
954 1780 1100 1868 solvunt,
1127 1781 1209 1851 item
1235 1802 1303 1851 non
1322 1785 1484 1851 tenentur
1501 1785 1638 1870 pratum
1724 1829 1726 1832 ψ

89 1904 155 1991 prb
182 1901 279 1971 curia
305 1901 515 1990 falcastrare,
543 1907 714 1991 rastrare,
742 1901 922 1991 colligere,
949 1920 1060 1991 neque
1086 1900 1123 1971 in
1150 1900 1312 1971 horreum
1340 1899 1522 1987 inducere;
1555 1903 1637 1971 item

88 2019 258 2092 scultetus
276 2042 346 2091 non
365 2022 470 2091 estin
489 2020 573 2091 villa
589 2021 754 2111 praelata,
781 2022 864 2091 item
890 2026 1054 2092 tenentur
1079 2020 1168 2090 retia
1185 2020 1221 2090 in
1238 2020 1440 2094 uenationes
1467 2025 1504 2091 et
1520 2039 1638 2120 neces-

88 2140 184 2211 saris
209 2142 245 2210 iu
272 2138 521 2230 Pyotrkow
548 2141 682 2230 ducere,
710 2142 840 2212 curiam
867 2147 902 2210 et
928 2141 1049 2211 hortos
1085 2139 1217 2241 sepire,
1254 2158 1399 2229 aggeres
1428 2139 1637 2230 reformare,

86 2260 227 2333 stabula
253 2261 368 2332 curiae
394 2267 513 2350 tegere
540 2267 577 2331 et
603 2262 765 2332 ducturas
792 2281 813 2331 a
840 2261 924 2331 villa
950 2261 986 2330 in
1012 2260 1129 2331 villam
1156 2263 1191 2330 et
1216 2260 1252 2330 ln
1278 2260 1355 2331 lora
1379 2259 1502 2331 facere.

11 2419 15 2426 ·
155 2396 175 2471 j
191 2382 280 2455 Item
306 2382 390 2453 villa
416 2381 573 2471 praefata
599 2382 704 2452 solvit
738 2381 905 2452 decimam
941 2380 1189 2481 manipularem
1223 2399 1287 2470 pro
1315 2380 1574 2471 archIepiscopo
1600 2386 1636 2452 et

87 2500 164 2575 cius
190 2521 309 2573 mensa
336 2501 539 2591 Gneznensi,
567 2508 603 2573 et
630 2501 760 2572 ducunt
795 2521 870 2572 eam
898 2501 1095 2572 ometbones
1126 2500 1277 2590 propriis
1305 2501 1465 2572 curribus
1492 2502 1528 2571 in
1554 2502 1635 2573 hor-

87 2640 186 2694 reum
213 2643 234 2692 a
258 2621 448 2694 factoribus
484 2622 734 2712 archiepiscopi
768 2621 960 2709 locandum,
987 2624 1022 2690 et
1048 2621 1186 2693 solvunt
1219 2621 1386 2693 decimam
1422 2623 1546 2711 canapi
1572 2642 1636 2712 per

86 2741 175 2815 duas
194 2732 340 2832 'ierugas
368 2748 403 2813 et
428 2742 527 2814 valor
552 2740 705 2813 decimae
731 2742 934 2813 aestimatur
960 2740 1003 2810 ad
1031 2741 1181 2831 quinque
1208 2760 1352 2831 marcas3
1378 2741 1563 2831 aliquando
1590 2742 1635 2814 ad

87 2867 229 2953 sqatem,
257 2861 443 2952 aliqnando
471 2861 522 2933 ad·
543 2868 630 2932 octo.

115 3008 124 3031 *
155 2956 158 2963 ¹
190 2982 357 3072 Donnou,
383 2983 466 3054 villa
493 2983 693 3072 capitularis
711 2983 747 3052 in
767 2983 841 3053 iure
867 2981 1031 3054 Polouico
1057 2982 1182 3070 locata,
1208 2986 1244 3053 et
1261 2981 1325 3053 sub
1342 2981 1509 3071 parocbIa
1526 2983 1634 3054 eccle-

87 3105 160 3176 siae
187 3103 230 3174 de
256 3103 465 3193 Lyaszlro
493 3105 569 3192 sita,
597 3104 632 3173 in
661 3124 728 3193 qna
754 3108 835 3173 sunt
861 3102 1010 3186 sedecim
1035 3103 1128 3172 lanei
1154 3101 1402 3190 emetbonales,
1429 3109 1465 3173 et
1490 3103 1635 3192 quilibet

85 3223 192 3295 solvit
217 3223 368 3313 capitulo
402 3243 466 3312 pro
492 3241 598 3294 censu
624 3243 738 3294 annuo
765 3223 801 3292 in
827 3220 914 3292 festo
942 3221 975 3292 S.
1001 3221 1146 3291 Martini
1173 3220 1321 3292 mentam
1347 3241 1570 3312 sexagenum,
1599 3229 1635 3294 et

84 3345 223 3415 notarm
250 3343 399 3414 medium
425 3364 585 3432 grossum
611 3363 674 3433 pro
695 3349 786 3430 nota3
814 3343 895 3411 item
914 3347 1064 3431 quatuor
1090 3340 1213 3412 choros
1240 3341 1358 3429 tritici,
1386 3343 1468 3412 item
1485 3349 1635 3431 quatuor
1758 3438 1764 3444 .

85 3464 212 3537 obortu
239 3483 368 3535 avenae
395 3483 576 3534 mensurae
603 3462 876 3550 Szadlroviensis,
903 3462 1027 3550 planae
1054 3468 1090 3532 et
1117 3461 1281 3550 aequalis,
1309 3462 1391 3531 item
1418 3461 1505 3532 duos
1532 3482 1634 3552 capo·

71 3588 157 3674 ‘nea
183 3584 268 3655 item
285 3585 430 3673 triginta
449 3604 523 3673 ova,
551 3585 634 3654 item
653 3581 738 3652 duos
756 3602 897 3670 grossos
915 3603 979 3671 pro
998 3600 1103 3651 censu
1119 3579 1221 3670 foeni,
1241 3581 1300 3670 qui
1318 3587 1463 3652 uocatur
1479 3603 1633 3676 arpenna

85 3704 171 3776 itam
198 3705 343 3794 quilibet
368 3709 507 3775 tenetur
533 3704 659 3774 ducere
685 3702 727 3772 de
754 3702 854 3773 laneo
891 3701 1070 3771 duodeoIm
1097 3720 1219 3772 currus
1246 3701 1419 3790 lignorum
1445 3722 1509 3791 pro
1536 3703 1633 3774 curlo

44 3876 49 3895 .
84 3825 121 3896 iu
147 3823 412 3898 Pabianico.
437 3825 526 3895 Item
553 3825 588 3894 in
614 3823 734 3894 eadem
761 3822 844 3893 villa
870 3829 925 3893 est
950 3821 1128 3911 praedium
1155 3821 1345 3911 capitulare
1370 3821 1501 3893 habens
1528 3843 1631 3919 agros

85 3946 261 4037 speciales,
289 3966 375 4036 quos
401 3951 564 4017 tenentur
591 3945 787 4016 cmetbones
814 3943 917 4014 villae
943 3942 1121 4032 praelatae
1149 3963 1266 4032 arare,
1295 3943 1469 4032 arpicare,
1498 3965 1631 4036 serere,

85 4084 228 4137 aceruos
255 4065 438 4155 disponere
465 4073 501 4136 et
527 4066 562 4135 in
589 4065 751 4135 borreum
778 4062 960 4148 inducere;
987 4062 1070 4133 item
1088 4068 1253 4133 tenentur
1278 4083 1384 4134 unum
1411 4069 1548 4153 pratum
1566 4086 1631 4156 pro

86 4185 184 4256 curia
208 4184 420 4274 falcastrare,
446 4191 610 4274 rastrare,
639 4185 800 4273 colligere
828 4188 864 4253 et
891 4183 925 4252 in
944 4183 1106 4252 horreum
1134 4182 1312 4271 inducere;
1339 4184 1420 4254 item
1448 4183 1484 4254 in
1511 4185 1630 4257 eadem
1762 4255 1767 4259 .
1797 4171 1801 4175 ¹

83 4304 167 4378 villa
193 4311 247 4376 est
273 4305 405 4395 plscina
432 4311 468 4375 et
493 4305 734 4393 molendinum,
761 4303 853 4393 qnod
880 4303 984 4373 solvit
1010 4322 1074 4392 pro
1101 4322 1207 4372 censu
1232 4302 1380 4373 mediam
1408 4323 1629 4393 sexagenum,

82 4426 191 4497 babet
225 4431 374 4516 pratum,
400 4446 469 4496 non
496 4425 603 4495 babet
629 4444 750 4514 agros3
786 4424 868 4494 item
902 4430 975 4494 tres
1002 4422 1196 4511 hortulani,
1233 4423 1378 4512 quilibet
1412 4424 1517 4494 solvit
1550 4431 1631 4496 octo

83 4566 245 4636 grossos,
279 4546 362 4616 item
388 4545 534 4616 taberna
559 4565 644 4633 una,
682 4545 787 4615 solet
820 4544 969 4614 medIam
1000 4563 1151 4615 marcam
1177 4544 1291 4614 minus
1318 4543 1452 4615 duobus
1478 4545 1629 4634 grossis,

83 4666 193 4738 habet
219 4686 330 4756 agros,
356 4666 440 4736 item
468 4665 633 4736 scoltetus
660 4666 708 4735 ibi
735 4684 804 4735 non
831 4670 893 4734 est.

186 4787 272 4858 Item
300 4787 383 4858 uilla
409 4784 566 4876 praefata
601 4784 766 4855 decimam
794 4784 1041 4874 manipularem
1077 4785 1181 4856 solvit
1216 4785 1477 4875 praepositurae
1505 4784 1629 4857 Lanci·
1700 4816 1702 4821 ·

85 4906 195 4989 cionsi
224 4913 261 4978 et
279 4906 474 4978 conducunt
504 4925 580 4976 eam
610 4905 646 4974 in
673 4906 835 4976 horreum
866 4905 1106 4995 apraeposito
1133 4904 1315 4977 locandum
1345 4910 1381 4977 et
1402 4925 1466 4995 pro
1497 4906 1630 4977 decirm

82 5027 205 5117 canapi
232 5028 371 5099 solvunt
397 5026 483 5096 duas
510 5027 648 5115 ierngas
674 5030 711 5094 et
737 5025 941 5096 aestimatur
966 5026 1066 5097 valor
1092 5025 1165 5095 eius
1184 5026 1228 5098 ad
1247 5026 1365 5097 decem
1392 5045 1537 5115 marcas,
1564 5026 1628 5097 ali-

82 5147 220 5239 quando
247 5140 291 5217 a'd
318 5146 515 5235 duodecim,
551 5145 736 5234 aliquando
767 5145 811 5215 ad
838 5145 995 5215 sedecim.
1037 5145 1127 5215 Item
1154 5145 1320 5216 decimam
1355 5145 1565 5236 praedialem
1591 5152 1628 5217 et

80 5272 163 5358 post
189 5287 292 5357 agros
318 5267 493 5354 tabernae,
520 5267 593 5335 sive
609 5264 795 5354 hortulani,
823 5265 970 5354 percipit
995 5263 1163 5353 plebanus
1180 5271 1216 5335 et
1233 5266 1377 5337 ecclesia
1402 5266 1438 5336 in
1466 5263 1626 5338 Pabia-

80 5388 200 5477 uice,
235 5392 272 5458 et
298 5387 500 5457 aestimatur
534 5385 632 5455 valor
666 5386 740 5454 eius
775 5384 931 5455 adduas
967 5402 1120 5472 marcas3
1154 5384 1238 5455 item
1273 5391 1437 5457 tenemur
1471 5386 1573 5487 retia¹
1588 5386 1625 5459 in
