4050 6054
1705 495 1780 571 543

234 712 324 769 anno
361 702 477 770 autem
513 693 623 770 altero
659 694 836 789 perceptio
862 692 1039 790 praefatae
1066 694 1217 770 decimae
1244 696 1280 770 in
1306 696 1389 771 villa
1414 697 1601 791 episcopali
1626 701 1783 791 praefata

234 818 516 891 Branczicze
542 817 799 891 diversificatur
825 822 861 891 et
885 824 1059 911 mutatur3
1086 819 1234 910 percipit
1261 819 1352 891 enim
1378 839 1455 892 eam
1481 840 1545 911 pro
1563 839 1633 892 una
1650 822 1778 895 medie·

234 942 308 1009 tate
335 945 451 1010 custos
478 938 511 1010 S.
537 938 738 1029 Michaelis,
765 943 801 1010 et
826 958 892 1030 pro
917 939 1057 1011 residua
1083 939 1267 1011 medietate
1292 939 1425 1030 primus
1450 941 1723 1030 praebendarius
1749 941 1783 1029 S.

232 1056 424 1151 Michaelis,
452 1066 490 1132 et
516 1059 651 1149 aequali
679 1065 773 1132 sorte
799 1059 891 1131 inter
917 1080 955 1131 se
981 1065 1052 1131 tam
1078 1060 1328 1149 manipularem
1351 1081 1453 1151 quam
1472 1061 1668 1151 canapalem
1686 1061 1781 1133 illam

232 1177 325 1249 inter
352 1198 388 1249 se
415 1180 623 1270 partiuntur,
650 1185 755 1269 prout
780 1181 817 1251 in
844 1179 1080 1269 superioribus
1107 1174 1360 1270 descripsimus.

333 1299 589 1390 Bnauczrczu,
616 1300 700 1381 villa
726 1300 790 1371 sub
808 1299 975 1390 parochia
992 1299 1157 1371 ecclesiae
1176 1299 1219 1371 de
1235 1299 1335 1390 Mye
1346 1300 1396 1371 dz
1407 1319 1556 1391 uyecz
1583 1299 1660 1390 sita,
1679 1301 1776 1373 cuius

232 1417 336 1507 plena
360 1421 556 1510 proprietas
583 1424 619 1491 et
645 1419 832 1492 dominium
860 1418 904 1490 ad
931 1418 1107 1490 custodem
1135 1423 1171 1490 et
1196 1418 1241 1490 ad
1258 1424 1332 1490 tres
1350 1419 1531 1491 canonicos
1549 1419 1582 1491 S.
1599 1418 1782 1492 Michaelis

232 1537 333 1627 pleno
360 1544 397 1611 et
423 1541 559 1631 integro
586 1541 662 1610 iure
687 1540 849 1630 pertinet,
876 1541 912 1610 in
939 1561 1008 1630 qua
1033 1546 1114 1612 sunt
1140 1545 1290 1629 quatuor
1315 1540 1407 1611 lanei
1429 1540 1624 1629 praediales
1642 1545 1678 1612 et
1696 1561 1780 1631 qua-

232 1665 312 1731 tuor
339 1661 592 1749 cmethonales3
619 1660 661 1731 de
688 1681 831 1732 numero
859 1665 973 1731 autem
999 1659 1228 1750 praedialium
1254 1660 1360 1731 habet
1386 1660 1436 1731 ibi
1458 1661 1565 1731 tertia
1581 1661 1781 1763 praebenda

235 1778 267 1851 S.
294 1779 476 1852 Michaelis
504 1781 640 1852 domum
668 1780 819 1852 dotalem
845 1780 918 1851 sive
945 1780 1076 1851 curiam
1104 1785 1139 1851 et
1156 1800 1259 1869 agros
1277 1779 1481 1870 praediales,
1500 1779 1544 1851 ad
1562 1800 1668 1853 unum
1684 1800 1780 1852 man·

234 1920 309 1970 sum
335 1901 476 1991 longum
502 1901 771 1972 theutonicalem
798 1921 836 1972 se
862 1900 1125 1997 extendentem3
1150 1901 1235 1971 item
1262 1906 1364 1989 prata
1390 1900 1481 1971 bona
1508 1920 1614 1991 supra
1637 1899 1780 1973 hunum

232 2018 495 2092 Srzeniawa
529 2021 697 2111 iacentia,
723 2025 760 2092 et
792 2020 914 2091 laneus
950 2020 1023 2092 siue
1057 2040 1197 2091 mansus
1224 2018 1400 2109 praefatus
1426 2024 1481 2091 est
1505 2018 1632 2093 fundus
1658 2020 1780 2103 unicus

232 2141 359 2213 tertiae
394 2140 630 2231 praebendae,
657 2161 758 2230 quem
794 2140 876 2230 quia
910 2141 1004 2212 solus
1038 2139 1311 2230 praebendarius
1346 2141 1472 2212 tertiae
1503 2139 1721 2231 praebendae
1746 2139 1780 2211 S.

232 2261 414 2333 Michaelis
449 2261 504 2333 vel
539 2283 609 2334 non
635 2261 710 2336 uult
735 2260 791 2331 vel
817 2283 886 2331 non
912 2266 1029 2351 potest
1055 2259 1167 2331 colere
1194 2260 1305 2350 solus,
1332 2259 1461 2332 locavit
1487 2280 1565 2333 cnm
1591 2260 1781 2352 cmethone,

234 2383 292 2471 qui
328 2383 473 2472 siugulis
492 2383 608 2453 annis
642 2402 706 2471 pro
743 2402 847 2452 ceusu
873 2401 987 2452 annuo
1014 2386 1155 2452 tenetur
1181 2381 1315 2452 solvere
1342 2378 1499 2470 praefato
1525 2380 1778 2471 praebendario
1873 2422 1876 2427 ·

232 2503 359 2574 tertiae
384 2501 601 2592 praebendae
627 2500 660 2573 S.
687 2500 870 2572 Michaelis
897 2507 1047 2590 quatuor
1072 2520 1225 2589 marcas;
1252 2500 1359 2573 habet
1376 2506 1493 2572 tamen
1511 2500 1689 2592 praefatus
1707 2506 1779 2572 ter-

231 2624 302 2694 tius
328 2622 598 2712 praebendarius
625 2621 658 2693 S.
684 2621 866 2693 Michaelis
893 2642 956 2710 pro
984 2621 1076 2692 omni
1102 2626 1257 2710 tempore
1274 2619 1483 2711 facultatem,
1502 2621 1717 2693 emethoncm
1736 2620 1779 2692 de

231 2763 315 2831 agro
341 2742 510 2832 praedioli
537 2742 718 2832 deponere,
746 2747 782 2812 et
807 2762 870 2831 per
897 2762 934 2813 se
962 2741 1074 2812 colere
1101 2746 1137 2812 et
1164 2761 1274 2812 arare.

334 2862 423 2933 Item
449 2860 607 2952 praefata
640 2862 746 2933 tertia
773 2861 971 2950 praebenda
997 2860 1030 2932 S.
1056 2859 1239 2933 Michaelis
1266 2861 1453 2933 secundum
1480 2860 1595 2933 omnia
1621 2866 1779 2951 regestra

230 2982 395 3054 ecclesiae
422 2981 659 3056 cracoviensis
685 2988 807 3054 taxata
834 2980 958 3053 estad
986 3036 993 3051 .
1020 3036 1027 3051 .
1055 3036 1063 3051 .

745 3310 1010 3396 Olerlcatura
1044 3318 1261 3418 perpetua.
1406 3312 1411 3319 '

348 3582 465 3656 Habet
500 3583 644 3656 ecclesia
678 3581 712 3656 S.
738 3582 920 3655 Michaelis
954 3585 990 3655 in
1026 3589 1142 3655 castro
1176 3601 1251 3674 pro·
1276 3586 1374 3654 sexto
1405 3578 1571 3654 beneficio
1597 3586 1633 3654 et
1656 3582 1779 3657 ultimo

231 3705 468 3776 clericaturam
486 3710 697 3797 perpetuam,
715 3705 811 3775 cuius
830 3703 977 3794 collatio,
995 3703 1229 3795 praesentatio
1248 3708 1284 3773 et
1300 3703 1560 3792 iuspatronatus
1573 3701 1619 3773 ad
1631 3722 1777 3794 praepo-

231 3825 336 3896 situm
362 3824 395 3896 S.
421 3823 603 3897 Michaelis
629 3845 693 3914 pro
720 3831 875 3914 tempore
893 3824 1054 3915 pertinet,
1074 3844 1174 3915 quam
1194 3843 1284 3894 nunc
1300 3829 1398 3894 tenet
1414 3823 1582 3911 magister
1599 3821 1777 3894 Johannes

139 4020 142 4025 ,
231 3944 273 4035 de
299 3944 482 4017 Mileou
516 3945 665 4018 vimrius
701 3945 909 4017 canonicalis
936 3944 1100 4017 ecclesiae
1128 3942 1382 4033 Gracoviensis,
1410 3941 1524 4014 dictus
1552 3942 1777 4015 chrober-

230 4064 321 4155 sky,
347 4086 436 4154 quae
462 4087 525 4155 pro
553 4065 607 4136 sui
632 4064 738 4135 fundo
766 4069 808 4135 et
829 4064 909 4136 dote
935 4065 1043 4155 habet
1068 4070 1257 4156 proventus
1284 4061 1533 4152 infrascriptos

332 4183 576 4275 Baamczrczs,
603 4184 687 4256 villa
712 4185 776 4256 sub
803 4185 969 4274 parochia
995 4184 1038 4256 de
1063 4183 1373 4274 Myedzwyecz
1401 4183 1478 4273 sita,
1496 4183 1533 4254 in
1550 4190 1691 4273 quaest
1709 4204 1777 4255 una

228 4304 375 4376 taberna
400 4306 531 4377 habens
558 4326 661 4394 agros
688 4310 725 4376 et
750 4310 861 4395 prata,
888 4325 976 4397 quae
1003 4304 1048 4403 ad
1075 4303 1240 4376 ditionem
1266 4308 1303 4375 et
1329 4303 1577 4394 proprietatem
1595 4304 1775 4375 clericatu·

173 4438 180 4456 ··
228 4444 289 4496 rae
315 4424 349 4496 S.
375 4425 556 4496 Michaelis
583 4425 684 4514 pleno
711 4424 786 4495 iure
812 4424 973 4514 pertinet,
999 4428 1036 4498 et
1063 4430 1117 4495 est
1143 4422 1320 4513 praelatae
1347 4423 1573 4495 clericaturae
1590 4424 1775 4512 primarius

228 4543 365 4636 fundus,
391 4565 477 4634 quae
505 4544 605 4616 aunis
632 4544 777 4634 singulis
802 4565 866 4635 pro
894 4565 998 4616 censu
1024 4564 1138 4641 annuo
1166 4543 1271 4615 solvit
1293 4542 1517 4616 clericaturae
1536 4543 1621 4614 duas
1640 4562 1775 4615 marcas

229 4672 388 4737 monetae
422 4665 574 4753 usuahs;
599 4663 767 4737 decimam
801 4658 917 4736 summ
951 4662 1197 4755 manipularem
1225 4666 1306 4754 post
1331 4684 1449 4735 omnes
1476 4684 1579 4754 agros
1606 4685 1687 4736 suos
1711 4663 1775 4736 dat
1891 4700 1893 4705 ·

229 4784 365 4857 custodi
399 4790 436 4855 et
468 4784 583 4856 tribus
619 4783 792 4857 canonicis
817 4782 852 4855 S.
876 4782 1185 4883 Michaelispiuxta
1211 4789 1341 4856 sortem
1367 4803 1427 4855 eos
1454 4785 1710 4874 contingentem
1736 4784 1773 4855 in

225 4901 440 4997 ponitbwom.

335 5022 614 5115 Pazncoazaun,
639 5024 723 5095 villa
741 5023 806 5105 sub
823 5023 988 5114 parochia
1004 5024 1206 5096 monasterii
1224 5024 1267 5095 de
1283 5023 1615 5115 Zuerzynyecz
1642 5023 1774 5095 ordinis

227 5145 573 5230 praemonstratensis
600 5143 676 5233 sita,
703 5143 739 5214 in
766 5165 835 5234 qna
859 5143 971 5216 maior
996 5144 1111 5233 portio
1138 5149 1174 5215 et
1199 5142 1403 5234 proprietas,
1429 5143 1609 5235 maiusque
1627 5143 1773 5216 domini·

227 5282 284 5333 um
311 5262 356 5333 ad
382 5262 714 5335 Przedborium
741 5263 784 5335 de
809 5262 1181 5355 Konyeczpolye,
1208 5246 1771 5365 nobilemdearmisPobodae

226 5381 396 5475 pertinet,
423 5384 459 5454 in
487 5405 555 5475 qua
581 5388 635 5455 est
661 5405 748 5456 unus
774 5404 914 5455 mansus
941 5383 1015 5455 siue
1034 5382 1161 5454 laneus
1187 5382 1294 5475 liber,
1315 5382 1451 5487 habens
1477 5402 1581 5503 cgrps
1605 5360 1776 5515 efflatu
