4050 6054
418 733 564 874 Altero
596 792 739 875 Sancti
772 793 975 893 lobannis
1007 730 1106 877 aume-
1139 805 1302 902 portam
1338 801 1534 885 Latinam.

304 1029 424 1101 Altare
451 1028 569 1103 Sancti
594 1029 739 1101 loannis
756 1011 1012 1120 -Evangclistae
1038 1032 1102 1105 sub
1129 1035 1231 1106 titulo
1259 1042 1339 1108 ante
1365 1045 1501 1127 portam
1527 1041 1687 1117 Latinam
1714 1022 1750 1118 in

197 1149 582 1237 cracoviensi-ccclesia
600 1150 721 1237 situm,
749 1150 941 1221 nonhabet
967 1152 1134 1241 capellam
1161 1155 1354 1244 propriam,
1382 1159 1444 1230 sed
1461 1161 1671 1252 applicatum
1697 1170 1752 1239 est

199 1291 298 1342 muro
336 1269 497 1360 fornicis,
533 1271 591 1359 qui
618 1270 710 1341 inter
737 1270 880 1341 chorum
907 1276 944 1342 et
970 1292 1095 1362 corpus
1122 1274 1287 1346 ecclcsiae
1313 1278 1459 1368 mediat,
1494 1287 1615 1355 contra
1650 1263 1751 1360 Beati

198 1391 361 1463 Stanislai
380 1391 606 1483 sepulchrum,
635 1390 726 1480 quod
752 1391 935 1463 Florianus
961 1392 1004 1463 de
1031 1392 1270 1486 Mokrzsko,
1296 1399 1477 1490 episcopus
1502 1401 1750 1499 cracoviensis,

68 1509 77 1519 ’
198 1513 326 1586 nobilis
353 1513 521 1584 dedomo
546 1511 812 1602 Hastarum,
841 1533 928 1601 quae
950 1533 993 1585 >se
1020 1512 1302 1606 Kosrlarogl
1327 1520 1498 1611 appellat,
1525 1524 1569 1594 ad
1587 1525 1750 1603 humilem

198 1634 483 1724 supplicationem
509 1638 545 1704 et
562 1634 764 1704 instantiam
790 1632 813 1704 J
823 1634 1019 1706 ohannis
1047 1636 1167 1706 vicarii
1194 1643 1230 1707 et
1247 1637 1425 1711 altaristae
1451 1639 1484 1712 S.
1511 1643 1608 1716 Leon
1676 1648 1683 1661 '
1712 1649 1749 1719 in

195 1755 341 1846 ecclesia
367 1752 598 1841 cracoviensi,
625 1753 774 1843 receptis
806 1753 849 1824 ab
868 1774 909 1824 eo
935 1760 1075 1826 centum
1108 1757 1235 1828 marcis
1261 1757 1410 1830 latorum
1435 1647 1749 1875 gmssorumflffra-

122 1964 126 1968 Α
194 1876 370 1966 gencium,
407 1880 443 1947 et
469 1876 504 1968 in
533 1874 783 1963 coemptionem
819 1874 966 1946 duarum
994 1875 1141 1982 sortium
1175 1877 1378 1949 militarium
1405 1881 1506 1952 villae
1541 1849 1748 1976 episcopalis

60 2011 66 2016 ·
196 1995 551 2084 Marszowicze,
572 1995 670 2066 cuius
697 1994 896 2067 emethones
923 1996 1048 2070 malms
1079 1998 1284 2086 gravedines
1312 1999 1355 2070 ab
1383 2000 1512 2073 eisdem
1539 2004 1748 2079 militaribus

195 2117 417 2207 patiebantur
443 2122 480 2187 et
495 2115 611 2186 taedia
628 2117 814 2204 conversis,
841 2115 972 2206 fundat,
999 2124 1035 2189 et
1053 2117 1185 2189 decima
1204 2120 1411 2209 manipulari
1437 2122 1473 2192 in
1500 2122 1748 2257 Pyel'grzy-
1795 2096 1804 2115 κ

196 2257 417 2328 movycze
444 2237 486 2307 de
505 2257 624 2309 mensa
649 2257 713 2308 sua
730 2237 935 2327 episcopali,
963 2239 1105 2329 capituli
1132 2238 1369 2312 Cracoviensis
1396 2224 1748 2357 accedenteffpeciali

196 2379 372 2448 consensu,
399 2358 510 2448 dotat,
542 2358 639 2429 cuius
666 2357 878 2429 fundationis
905 2365 941 2432 et
966 2359 1154 2454 dotationis
1181 2360 1330 2433 habetur
1356 2365 1504 2452 speciale
1529 2365 1748 2457 privilegium

47 2505 50 2508 ·
148 2526 151 2536 ·
195 2480 391 2573 repositum
410 2479 448 2550 in
474 2479 608 2550 aerario
636 2477 863 2585 cracoviensi.

270 2576 762 2692 'Pyelgrzymowicze
795 2599 878 2671 villa
904 2600 968 2671 sub
995 2601 1160 2689 parochia
1191 2601 1355 2673 ecclesiae
1388 2603 1431 2675 de
1457 2603 1748 2696 Wyanczsla·

144 2718 146 2722 ’
198 2722 335 2795 vicze
361 2721 445 2810 sita,
481 2720 577 2792 cuius
604 2720 771 2793 haeredes
797 2719 974 2792 Johannes
1001 2719 1396 2813 Pyelgrzymovsky‚
1423 2724 1549 2796 nobilis
1576 2726 1620 2797 de
1646 2727 1746 2800 domo

196 2841 469 2927 P-aussorum
497 2841 666 2915 subindex
692 2841 949 2932 cracoviensis,
985 2847 1021 2913 et
1047 2842 1239 2913 Stanislaus
1275 2827 1680 2938 Mlodzieiovsky'
1703 2835 1747 2920 de

195 2964 296 3036 domo
314 2963 622 3062 Ambianorum
641 2961 767 3054 Equo
778 2984 885 3052 rum,
908 2963 946 3033 in
964 2984 1033 3053 qua
1050 2968 1131 3034 sunt
1150 2983 1274 3035 novem
1291 2963 1382 3035 lanei
1400 2966 1644 3058 emethonales,
1663 2969 1747 3040 item

193 3084 359 3183 ἑώρων
382 3084 482 3172 nme,
507 3083 592 3155 item
611 3103 672 3154 sex
698 3082 934 3172 hortulaniae,
961 3083 1004 3154 de
1023 3083 1147 3172 quibus
1166 3084 1324 3154 omnibus
1352 3085 1497 3157 solvitur
1516 3085 1649 3159 decima
1674 3109 1747 3159 ma·
1877 3098 1881 3103 '

192 3206 362 3298 pipularis
389 3225 453 3296 pro
471 3205 575 3277 altari
593 3204 785 3296 praedicto,
813 3209 850 3276 et
866 3225 929 3294 per
946 3204 1078 3276 incolas
1095 3205 1247 3294 propriis
1270 3207 1427 3278 curribus
1446 3207 1584 3279 ducitur
1610 3192 1746 3281 in'hor-

194 3347 292 3398 reum
310 3326 355 3425 ab
369 3326 530 3421 altarista
547 3324 745 3414 locandum,
772 3331 809 3396 et
826 3325 966 3405 solvunt
992 3325 1158 3395 decimam
1176 3325 1298 3415 canapi
1323 3347 1385 3416 per
1401 3331 1551 3417 'quatuor
1569 3329 1746 3410 iuncturas

195 3447 461 3532 st2‚acstimatur
492 3446 590 3517 valor
620 3446 694 3517 eius
723 3444 914 3516 addenem
945 3463 1088 3516 marcas.
1132 3444 1220 3515 Item
1251 3445 1287 3514 in
1314 3444 1433 3516 eadem
1460 3445 1543 3516 villa
1569 3452 1652 3517 sunt
1678 3447 1745 3531 duo
1852 3465 1854 3471 ·

195 3567 344 3660 praedia
364 3565 542 3665 militaria,
567 3586 713 3656 quorum
732 3586 851 3653 unum,
879 3563 1010 3636 scilicet
1036 3564 1207 3636 Johannis
1234 3563 1614 3656 Pielgrzy‘mowsky,
1643 3567 1747 3639 solvit
1848 3583 1851 3594 “
1927 3614 1930 3622 -

195 3690 360 3785 decimam
385 3687 634 3780 manipularem
669 3686 832 3758 ecclesiae
867 3690 904 3757 et
929 3664 1077 3776 plebano
1112 3685 1148 3755 in
1176 3683 1221 3753 W
1229 3685 1615 3775 yanczslavvicze3
1642 3688 1746 3778 aliud,

195 3810 359 3888 videlicet
383 3807 545 3913 cmuislai
572 3805 958 3898 Mlodzieiovvslry
993 3804 1097 3877 solvit
1124 3803 1289 3876 decimam
1317 3804 1539 3876 clericaturae
1567 3807 1687 3881 altaris
1714 3807 1747 3880 S.

194 3930 349 4005 Floriani
375 3928 440 4002 snb
466 3948 596 4019 organo
622 3927 658 3999 in
676 3928 821 4000 ecclesia
846 3926 1079 4016 cracoviensi,
1107 3925 1203 3997 cuius
1230 3925 1328 3996 valor
1354 3927 1561 3998 aestimatur
1587 3927 1632 3999 ad
1660 3929 1746 4001 duas

192 4074 335 4134 marcos.
407 4126 412 4137 ,
1782 4146 1784 4149 ,

148 4224 153 4228 -
297 4176 531 4250 Itemnltaris
548 4170 696 4266 praefati
719 4171 856 4244 collatio
879 4174 914 4242 et
932 4167 1167 4259 praesentatio
1189 4166 1309 4257 vigore
1332 4167 1504 4259 privilegii
1525 4169 1746 4262 fundationis,

195 4299 239 4371 ad
266 4298 374 4370 solam
402 4268 664 4370 universitatem
698 4292 905 4364 vicariorum
932 4289 1178 4361 canonicalium
1205 4287 1375 4378 pertinet,
1413 4281 1511 4379 quod
1536 4312 1604 4362 non
1631 4296 1747 4380 potest

196 4417 362 4509 conferri,
388 4419 457 4490 nisi
483 4417 613 4489 vicario
640 4411 860 4486 Oracoviensi
885 4416 922 4484 'et
940 4415 1019 4482 actu
1046 4410 1235 4499 sacerdoti,
1264 4411 1322 4500 qui
1350 4410 1493 4500 singulis
1521 4410 1745 4483 hebdomadis

195 4540 281 4612 duas
308 4540 432 4610 missos
459 4540 551 4610 circa
568 4537 666 4626 illud,
693 4555 796 4607 unam
813 4533 975 4605 videlicet
999 4529 1087 4603 ferio
1114 4529 1270 4602 secunda*
1289 4552 1353 4620 pro
1370 4529 1538 4602 fratribus
1566 4528 1746 4619 defunctis,

81 4715 83 4718 ψ
194 4659 339 4733 alteram
356 4680 439 4734 vero
457 4641 521 4750 pro
539 4657 701 4751 peccatis,
729 4654 884 4726 caeteras
902 4672 985 4724 vero
1004 4671 1068 4744 pro
1086 4652 1270 4723 devotione
1288 4650 1437 4742 explere,
1465 4651 1548 4721 item
1565 4672 1628 4740 pro
1648 4652 1746 4722 anni-

194 4772 351 4857 versario
367 4778 515 4873 praelati
541 4779 564 4852 J
574 4776 774 4850 ohannis
792 4773 913 4845 vicarii
939 4778 975 4844 et
992 4771 1171 4845 altaristae
1195 4771 1229 4845 S.
1247 4771 1434 4859 Leonardi,
1456 4771 1594 4841 vicariis
1621 4769 1747 4845 craco-

195 4902 372 4977 viensibus
398 4900 671 4973 anniversarium
703 4895 856 4967 eiusdem
881 4893 904 4966 J
910 4894 1096 4984 ohannis,
1131 4891 1251 4981 indie
1278 4891 1492 4980 onichinus,
1519 4911 1582 4980 per
1609 4893 1746 4982 vigilias

195 5042 318 5096 novem
345 5022 530 5094 lectionum
565 5024 601 5091 et
626 5018 765 5089 missam
793 5012 1032 5087 defunctorum
1059 5010 1297 5102 cantantibus,
1329 5011 1464 5082 solvere
1491 5018 1546 5083 est
1573 5012 1746 5085 astrictus.
1774 5108 1784 5120 =

194 5144 284 5216 Item
310 5143 526 5234 praedictum
554 5141 665 5211 altare
689 5138 948 5228 incorporatum
980 5138 1035 5206 est
1061 5133 1281 5206 universitati
1307 5132 1515 5203 vicariorum
1542 5131 1746 5205 cracovien-

196 5265 285 5340 sinm
319 5285 383 5356 per
409 5267 550 5336 sanctae
576 5260 760 5332 memoriae
791 5256 1055 5348 Sbigueum‚
1082 5251 1289 5324 cardinalem
1325 5256 1362 5324 et
1386 5252 1585 5350 episcopum
1620 5252 1746 5330 Graan-
1805 5328 1810 5335 ,

194 5387 358 5480 vionscm
383 5389 527 5487 propter
554 5379 781 5461 confessorias
807 5383 844 5456 et
861 5398 948 5455 onus
974 5374 1024 5450 eis
1051 5392 1231 5458 annexum.
