4050 6054
1575 455 1578 461 ¹
1635 517 1708 597 aas

162 726 327 826 parochia
353 711 517 806 ecclesiae
553 728 596 804 de
632 728 872 822 Thusszyn
909 724 994 818 sita,
1030 724 1066 800 in
1095 748 1162 819 qua
1198 733 1279 800 sunt
1306 724 1422 803 decem
1450 734 1486 800 et
1512 738 1590 803 octo
1617 732 1710 804 lanei

129 855 404 944 ‘emethonales
432 861 468 925 et
496 854 641 944 quilibet
669 851 711 923 dc
736 851 838 922 laneo
866 850 971 922 solvit
1006 849 1158 941 capitulo
1185 870 1248 938 pro
1277 868 1381 920 censu
1408 861 1522 922 annuo
1558 848 1708 924 infesto

162 975 195 1046 S.
221 974 368 1047 Martini
395 972 542 1045 mediam
569 992 777 1062 sexagenum
804 975 840 1041 et
868 976 1016 1061 quatuor
1033 988 1186 1060 grossos3
1212 968 1297 1040 item
1324 968 1410 1042 duos
1438 990 1596 1061 capones,
1624 973 1708 1043 item

161 1095 307 1187 triginta
334 1116 410 1183 ova;
437 1095 520 1165 item
547 1114 616 1163 non
643 1096 807 1162 tenentur
832 1091 868 1161 in
888 1091 981 1181 agris
1007 1089 1243 1181 praedialibus
1271 1090 1396 1180 curiae,
1424 1110 1482 1162 eos
1510 1093 1710 1182 contingen-

160 1198 265 1306 tibiis,
292 1214 351 1306 qui
373 1210 523 1309 iutrzyoi
539 1218 716 1295 vocantur,
745 1231 855 1300 arare,
883 1212 1050 1300 amicare,
1078 1230 1205 1298 serere,
1232 1215 1363 1281 metere
1382 1216 1418 1280 et
1435 1212 1566 1282 acervis
1594 1211 1710 1302 dispo-

161 1337 237 1407 sitis
264 1337 301 1405 in
326 1337 491 1407 borreum
519 1331 720 1419 conducere3
748 1331 831 1400 item
858 1353 927 1401 non
954 1336 1118 1402 tenentur
1144 1352 1250 1401 uuum
1276 1337 1417 1420 pratum
1442 1352 1505 1422 pro
1534 1333 1629 1403 curia
1646 1331 1710 1403 fal-

161 1462 324 1546 castrare,
350 1462 515 1544 mettere,
543 1453 704 1543 colligere
724 1457 758 1522 et
778 1451 978 1539 conducere,
1005 1452 1089 1522 item
1115 1472 1186 1521 non
1202 1457 1368 1522 tenentur
1393 1451 1527 1522 solvere
1545 1453 1708 1543 triticum,

161 1598 272 1685 neque
300 1597 454 1666 avenam,
482 1595 594 1665 neque
621 1593 760 1644 censum
786 1570 888 1660 foeni,
916 1573 975 1660 qui
993 1575 1137 1642 vocatur
1162 1592 1318 1665 capenam
1344 1572 1427 1642 item
1445 1593 1551 1643 unum
1577 1573 1709 1644 moleu-
1743 1648 1748 1655 ,

100 1708 109 1721 ’
160 1696 278 1770 diuum
305 1697 341 1768 in
366 1695 506 1767 flumine
532 1692 633 1782 nir,
671 1693 763 1784 quod
789 1713 853 1782 pro
881 1713 994 1763 annuo
1022 1711 1127 1762 censu
1159 1692 1264 1761 solvit
1290 1693 1442 1781 capitulo
1468 1697 1540 1763 ires
1566 1712 1709 1764 marcas.

158 1818 247 1891 Item
274 1818 310 1889 in
337 1816 458 1891 eadem
484 1814 568 1887 villa
594 1813 659 1885 fuit
687 1813 861 1903 scoltetia,
898 1833 1001 1903 quam
1027 1813 1215 1901 capitulum
1243 1810 1469 1883 Oracoviense
1496 1813 1561 1884 sub
1587 1820 1710 1884 tenuta

159 1936 350 2010 Derslai
376 1935 419 2009 de
445 1936 713 2027 Borzynosv,
751 1932 985 2005 archidiaconi
1013 1931 1271 2022 Crotoniensis,
1299 1934 1432 2022 coemit,
1460 1938 1495 2002 et
1522 1931 1608 2003 duos
1635 1935 1709 2005 eius

135 2059 278 2131 'laneos
306 2056 543 2128 emethonibus
570 2055 708 2154 locauit,
735 2055 817 2124 item
845 2055 979 2125 suntin
999 2052 1119 2124 eadem
1147 2054 1231 2124 villo
1258 2054 1407 2144 quinque
1434 2054 1609 2143 tabernae,
1636 2056 1708 2141 sive

125 2160 133 2173 ⁸
158 2179 263 2268 horti,
290 2198 437 2269 quarum
460 2176 640 2277 *quaelibet
671 2174 774 2246 solvit
799 2196 863 2265 pro
892 2195 996 2246 censu
1022 2194 1128 2245 unum
1154 2172 1324 2244 fertonem
1351 2180 1387 2244 et
1413 2173 1544 2245 habent
1569 2175 1709 2264 hortos,

157 2299 242 2371 item
270 2296 468 2368 cmetbones
494 2316 563 2368 non
590 2294 730 2366 solvunt
754 2280 908 2390 obyedoe.
1585 2380 1593 2385 ·

108 2404 110 2409 ἲ
261 2418 350 2489 Item
377 2417 460 2488 villa
486 2416 643 2505 praefata
670 2415 775 2487 solvit
801 2414 967 2487 decimam
994 2415 1243 2507 manipularem
1262 2415 1305 2488 de
1324 2417 1418 2505 agris
1436 2416 1732 2489 cmetbonnlibus'

159 2543 194 2609 et
221 2537 365 2626 scolteti,
393 2543 428 2607 et
455 2537 654 2627 canapalem
690 2536 856 2607 ecclesiae
884 2542 919 2606 et
945 2535 1092 2625 plebano
1120 2535 1239 2607 Sancti
1264 2534 1430 2607 Stanislai
1465 2537 1500 2607 in
1527 2536 1707 2627 Rzgow,

159 2679 223 2748 per
241 2658 431 2747 capitulum
450 2655 679 2729 Cracoviense
697 2658 834 2728 noviter
851 2656 1025 2744 fundatae,
1053 2677 1155 2745 qnam
1174 2656 1285 2728 eidem
1303 2632 1467 2727 ecclesiae
1484 2657 1521 2727 in
1539 2656 1709 2748 Rzgow,

158 2777 335 2851 Johannes
363 2775 703 2869 Grusczynski,
739 2779 1018 2867 archiepiscopus
1046 2775 1277 2865 Gnerneusis,
1314 2776 1357 2847 de
1385 2775 1486 2847 domo
1512 2777 1708 2869 Roszae,

157 2899 200 2969 de
227 2914 397 2971 consensu
428 2900 483 2970 sui
510 2898 653 2988 capituli
687 2904 856 2989 perpetuo
893 2898 1036 2969 donarit
1062 2904 1099 2969 et
1124 2897 1318 2988 inscripsit,
1345 2905 1381 2969 et
1409 2918 1511 2988 quam
1546 2904 1708 2970 tenentur

156 3021 356 3093 cmetbones
382 3019 535 3111 propriis
572 3019 730 3091 curribus
766 3018 959 3090 conducere
985 3020 1022 3089 in
1048 3020 1212 3089 horreum
1240 3039 1261 3089 a
1287 3019 1435 3108 plebano
1462 3017 1645 3089 locandum
1671 3025 1708 3098 et

157 3140 254 3212 valor
281 3139 433 3212 decimae
460 3141 665 3212 aestimatur
683 3138 728 3211 ad
745 3139 864 3211 decem
890 3144 969 3234 octo
989 3159 1134 3228 marcas
1162 3138 1357 3210 donationis
1385 3138 1583 3210 huiusmodi
1600 3139 1707 3241 habe-

156 3263 216 3329 tur
242 3258 278 3329 in
305 3260 442 3333 aerario
470 3259 692 3332 Cracoviensi
718 3260 957 3351 privilegium
985 3261 1067 3331 item
1085 3246 1249 3330 tenentfir
1275 3260 1366 3331 retia
1392 3261 1429 3331 in
1447 3259 1651 3331 venationes
1669 3264 1704 3330 et

156 3379 355 3449 necessaria
380 3379 417 3448 in
443 3378 692 3470 Pyotrlrow
719 3379 863 3469 ducere,
899 3381 1029 3451 curiam
1056 3386 1092 3450 et
1118 3382 1239 3452 hortos
1268 3381 1395 3470 sepire,
1422 3399 1567 3470 aggeres
1595 3379 1704 3452 reior-

157 3516 261 3587 mare,
288 3481 426 3569 stabula
452 3498 567 3569 curiae
593 3502 712 3588 tegere
738 3505 776 3570 et
801 3500 965 3571 ducturas
993 3520 1014 3570 a
1040 3499 1124 3571 villa
1151 3501 1186 3570 in
1212 3499 1330 3570 uillam
1357 3506 1393 3570 et
1419 3501 1456 3570 in
1481 3498 1558 3571 fora
1583 3498 1706 3571 facere.

258 3614 467 3706 Wnnszru,
493 3616 578 3687 villa
604 3618 805 3708 capitularis
837 3619 873 3690 in
901 3619 976 3690 iure
1003 3618 1217 3690 Tbeutonico
1244 3620 1358 3690 locata
1385 3627 1421 3691 et
1448 3621 1512 3693 sub
1542 3620 1707 3710 parocbia

156 3736 320 3808 ecclesiae
346 3735 392 3808 de
415 3734 734 3828 Czyarnoczin
761 3739 847 3828 sita,
882 3740 918 3809 in
946 3759 1014 3830 qua
1040 3743 1121 3808 sunt
1147 3740 1306 3810 undecim
1331 3740 1423 3810 lanei
1450 3741 1701 3830 cmethonales,

156 3861 192 3926 et
219 3856 365 3947 quilibet
391 3856 496 3928 solvit
523 3858 674 3949 capitulo
706 3879 770 3948 pro
798 3881 912 3931 annuo
940 3879 1045 3931 censu
1070 3858 1219 3930 mediam
1246 3880 1472 3951 sexagenum,
1507 3861 1591 3932 item
1619 3861 1705 3958 duos

157 3995 314 4067 capones,
341 3978 426 4050 item
453 3977 600 4068 triginta
627 4000 703 4068 ova,
730 3980 814 4050 item
840 4000 910 4050 non
937 3980 1077 4051 solvunt
1102 3981 1278 4069 triticum,
1305 4000 1416 4071 neque
1445 4001 1608 4071 arenam,
1635 4004 1705 4054 non

157 4098 297 4168 solvunt
324 4118 463 4170 censum
488 4097 599 4188 foeni,
627 4099 713 4171 alias
738 4121 901 4195 sagenae,
936 4101 1032 4191 ligna
1058 4101 1163 4171 etiam
1194 4121 1264 4173 non
1292 4100 1430 4195 ducunt.
1475 4101 1563 4172 Item
1590 4103 1706 4174 estin

157 4217 278 4288 eadem
304 4218 388 4290 villa
413 4219 554 4309 hortus,
587 4220 647 4309 qui
674 4221 778 4292 solvit
805 4241 869 4311 pro
896 4242 1002 4293 censu
1029 4242 1143 4292 annuo
1171 4221 1320 4293 sedecim
1346 4241 1505 4312 grossos,
1541 4224 1626 4293 item
1652 4231 1707 4294 est

156 4338 340 4409 incudem
365 4338 450 4411 villa
484 4338 666 4429 praedium
701 4342 892 4430 capitulare
927 4342 1059 4413 habens
1087 4348 1206 4432 prata,
1242 4340 1340 4412 cuius
1367 4360 1469 4431 agros
1506 4343 1705 4415 cmetbones

154 4456 258 4528 villae
284 4462 448 4531 tenentur
475 4479 586 4550 arare,
613 4461 789 4551 arpicare,
808 4482 938 4551 serere,
974 4467 1106 4535 metere
1133 4467 1168 4533 et
1195 4460 1328 4534 acervis
1355 4461 1533 4552 dispositis
1561 4463 1596 4532 in
1623 4464 1705 4534 bor-

154 4597 252 4649 reum
280 4576 479 4669 conducere,
506 4585 610 4670 prata
636 4587 752 4652 autem
780 4586 944 4653 tenentur
969 4581 1192 4673 falcastrare,
1219 4588 1386 4673 castrare,
1413 4582 1577 4673 colligere
1605 4587 1642 4653 et
1667 4583 1704 4653 in

155 4695 318 4770 borreum
345 4699 506 4771 similiter
532 4698 733 4791 conducere,
761 4708 798 4773 et
823 4701 1032 4791 proveniunt
1059 4686 1354 4795 quinque-acervi
1381 4700 1424 4775 de
1449 4702 1642 4793 frumentis,
1670 4710 1707 4775 ct

154 4823 228 4889 tres
255 4817 298 4889 de
324 4816 435 4892 foeno.
461 4819 549 4891 Item
576 4820 613 4891 in
639 4820 760 4892 eadem
787 4821 871 4892 villa
897 4828 952 4893 est
978 4790 1467 4957 scultetusss‘pssifbubetaeps
1480 4823 1600 4896 laneos
1617 4823 1704 4896 libe-

153 4956 223 5028 ros,
249 4938 334 5008 item
359 4937 594 5012 molendinum
619 4949 764 5013 nonest
790 4942 849 5032 ibi,
876 4947 913 5013 et
940 4942 1137 5013 cmethones
1163 4936 1642 5049 molunt-gaulgubd'xfrumenta
1667 4944 1704 5014 in

152 5055 350 5130 molendino
385 5059 548 5149 capitub3
584 5060 667 5132 item
702 5069 868 5133 tenentur
902 5064 938 5135 in
964 5063 1168 5134 venationes
1204 5046 1704 5165 retiaosst'br'tQRy‘sso'crkow
1770 5128 1773 5133 ,

152 5178 350 5250 necessaria
376 5177 512 5269 ducere,
539 5181 670 5252 curiam
688 5186 724 5253 et
742 5182 862 5255 hortos
880 5184 1004 5274 sepire,
1032 5202 1177 5275 aggeres
1203 5140 1569 5277 refomidds'lbbdr
1587 5182 1703 5258 curiae

152 5300 272 5386 tegere
300 5303 338 5368 et
363 5297 529 5375 ducturas
556 5321 577 5370 a
603 5293 687 5372 villa
713 5302 749 5373 in
776 5301 894 5374 villam
921 5310 958 5375 et
984 5303 1019 5373 in
1045 5266 1272 5494 &sefacere
1399 5290 1414 5362 .'
1447 5284 1488 5317 ‘⁸
1593 5292 1595 5297 ’

254 5415 343 5489 Item
369 5416 453 5491 villa
470 5416 638 5510 praelata
663 5424 744 5512 post
769 5413 872 5514 a'gros
898 5420 1095 5497 emethoncl
1160 5428 1198 5495 et
1224 5420 1374 5526 scolteti,
1402 5424 1702 5531 solvitsdecim'am

253 5582 410 5629 uam
1356 5614 1360 5623 «
1461 5524 1541 5629 8⁴¹1
1621 5544 1652 5571 “³
