4050 6054
1634 519 1707 593 301

160 726 321 820 lundata,
340 736 474 819 erecta,
493 735 530 801 et
544 730 678 821 dotata,
697 736 758 802 aut
777 752 844 822 quo
859 735 1017 821 tempore
1035 730 1096 818 sit,
1115 735 1152 801 et
1164 750 1207 800 ex
1225 729 1362 819 litteris,
1381 734 1417 814 et
1435 749 1478 799 ex
1497 729 1710 819 annualibus,

118 896 126 905 -
161 855 257 922 etex
275 850 368 922 fama
385 851 518 941 liquere
536 851 620 921 mihi
640 852 891 942 aliquantulum
909 853 1041 942 potuit3
1055 851 1129 930 hoc
1148 850 1291 940 insuper
1309 871 1372 940 pro
1392 854 1569 939 comperto
1586 849 1709 938 habeo,

162 971 253 1061 quod
280 971 552 1043 Zawichostensi
571 972 711 1062 oppido,
740 972 830 1063 quod
850 974 963 1062 prisco
982 978 1137 1062 tempore
1155 970 1324 1041 famosum
1350 976 1387 1041 et
1400 970 1537 1041 divitiis
1555 969 1712 1040 inclitum

161 1091 290 1181 fuerat,
317 1099 502 1183 terraeque
520 1092 809 1165 Sandomiriensis
836 1098 940 1184 caput
957 1093 1166 1181 habebatur,
1193 1091 1238 1162 ad
1255 1090 1503 1163 desolationem
1521 1089 1711 1178 recidente3

162 1213 450 1313 Sandomiriensis
486 1214 630 1284 ecclesia
658 1234 679 1284 a
705 1214 846 1304 regibus
883 1219 919 1284 et
945 1212 1158 1303 principibus
1189 1211 1373 1300 Poloniae,
1409 1217 1445 1282 et
1472 1212 1515 1282 ab
1542 1211 1711 1301 episcopis

161 1334 446 1407 Cracoviensibus
464 1335 733 1424 principaliter,
769 1333 892 1405 deinde
919 1335 964 1405 ab
991 1333 1233 1404 ecclesiasticis
1268 1339 1305 1404 et
1330 1331 1539 1404 militaribus
1576 1331 1710 1403 devotis
1793 1328 1800 1335 “

162 1457 247 1528 viris
279 1455 393 1528 dotari
420 1461 544 1545 coepta
579 1461 641 1526 est.
689 1455 739 1527 Et
765 1455 952 1545 dignitates
984 1460 1087 1544 atque
1114 1454 1332 1553 praebendae
1370 1473 1412 1524 en
1440 1452 1580 1525 decimis
1607 1458 1712 1543 atque

105 1643 109 1646 ,
162 1578 387 1669 proventibus
415 1577 636 1648 ecclesiarum
654 1577 913 1666 parochialium,
941 1581 1080 1667 praeter
1099 1595 1235 1665 pancas,
1263 1574 1388 1665 quibus
1407 1574 1469 1646 dos
1487 1575 1589 1645 aliter
1607 1593 1712 1664 quae-

163 1699 231 1770 sita
258 1704 330 1787 est,
350 1693 567 1785 distitutae3
603 1697 888 1786 quemadmodum
923 1697 959 1783 in
979 1697 1219 1786 descriptione
1255 1695 1438 1767 cuiuslibet
1469 1694 1650 1786 dignitatis
1677 1699 1714 1766 et

160 1803 379 1910 praebendae
415 1818 541 1889 clarius
577 1819 729 1889 conabor
756 1816 957 1906 ostendere,
984 1818 1171 1906 constabit,
1199 1837 1301 1907 quam
1327 1817 1396 1887 iam
1418 1836 1485 1920 per
1512 1814 1712 1906 suffragium

161 1940 315 2012 divinum
340 1938 478 2028 incipio.
518 1936 687 2009 Gurrente
704 1939 822 2028 itaque
841 1958 931 2008 anno
957 1938 1091 2027 gratiae
1121 1925 1229 2008 112'1.
1256 1936 1443 2009 indictione
1460 1957 1559 2026 nona,
1587 1942 1713 2027 epacta

160 2065 293 2153 quarta,
321 2064 547 2130 concurrente
574 2059 705 2148 primo,
733 2065 768 2130 et
786 2079 876 2130 anno
895 2057 1090 2130 decennalis
1118 2058 1204 2150 cycli
1231 2057 1499 2149 quartodecimo,
1526 2056 1711 2129 casimi-

160 2202 234 2254 rus
269 2177 487 2252 Boleslai
516 2178 727 2270 Victoriosi,
770 2200 871 2270 quem
906 2179 1029 2251 Poloni
1065 2181 1109 2251 ob
1144 2179 1348 2251 tornitatem
1384 2179 1455 2250 oris
1490 2174 1713 2274 Kraywoaaty

162 2301 347 2393 appellant,
374 2300 465 2372 filius
492 2300 612 2391 quinto
629 2301 777 2390 genitae,
805 2300 955 2372 alterius
975 2321 1058 2372 vero
1085 2300 1296 2372 Boleslai
1322 2299 1463 2389 Largi
1490 2299 1583 2390 regis
1609 2298 1712 2370 Polo·

13 2502 20 2508 ,
160 2423 254 2511 niae,
281 2421 474 2494 beatissimi
492 2420 657 2492 Stanislai
675 2420 913 2493 cracoviensis
940 2421 1093 2511 episcopi
1119 2426 1154 2492 et
1171 2420 1511 2512 martiris'gloriosi,
1537 2419 1714 2509 (miconis,

160 2563 356 2634 pronepos,
374 2541 663 2613 Sandomiriensis
691 2542 775 2632 dux,
802 2542 1115 2613 Sandomiriensem
1148 2543 1261 2613 locum
1289 2548 1324 2613 et
1350 2542 1532 2630 ducatum,
1559 2540 1619 2632 qui
1645 2540 1712 2613 sibi

70 2669 75 2687 '
161 2684 204 2736 ox
230 2669 342 2734 morte
368 2663 558 2734 Henrici
584 2663 701 2752 patrui
728 2664 782 2734 sui
799 2664 972 2753 germani,
999 2663 1091 2753 apud
1118 2662 1297 2734 Prnssiam
1322 2663 1358 2735 in
1377 2663 1463 2735 locis
1480 2656 1650 2734 liminosis
1676 2666 1742 2733 et.

162 2784 374 2877 paludinosis
402 2785 524 2873 occisi,
560 2790 730 2874 cesserat,
758 2784 1014 2873 illustraturus3
1040 2784 1220 2856 ecclesiam
1247 2786 1323 2856 sub
1338 2784 1441 2857 titulo
1468 2783 1715 2874 glorisissimae

166 2882 324 2997 Virginis
360 2904 496 2976 Mariae
531 2905 636 2995 erigit
671 2904 905 2995 collegiatam,
952 2905 1166 2977 constituens
1205 2906 1241 2977 in
1277 2925 1319 2976 ea
1354 2906 1505 2996 quinque
1543 2903 1718 2996 praelato·

160 3048 255 3117 rum,
288 3025 450 3097 videlicet
476 3026 683 3116 praepositi,
711 3025 850 3115 decani,
878 3024 1278 3116 cantoris,iscbolastici
1304 3031 1340 3098 et
1366 3025 1534 3116 custodis,
1572 3030 1608 3098 et
1634 3029 1713 3098 octo
1748 3031 1768 3113 ἦ

161 3149 404 3246 canonicorum
430 3145 758 3237 praebendatorum,
786 3153 822 3217 et
839 3146 984 3249 totidem
1010 3147 1219 3219 vicariorum
1237 3168 1433 3235 numerum;
1459 3146 1585 3220 dotans
1611 3167 1713 3239 prae-

159 3269 291 3340 laturas
308 3267 505 3339 huiusmodi
532 3271 569 3337 et
586 3268 802 3356 praebendas
829 3268 872 3339 de
890 3269 1115 3358 proventibus
1142 3273 1179 3339 et
1196 3267 1338 3340 decimis
1360 3268 1584 3340 ecclesiarum
1608 3286 1713 3359 paro-

161 3388 340 3478 chialium,
367 3409 513 3479 quarum
540 3393 618 3458 erat
634 3389 755 3458 unicus
774 3387 919 3459 collator
940 3394 977 3459 et
993 3393 1180 3479 patronus,
1207 3388 1369 3460 videlicet
1386 3389 1429 3461 de
1447 3389 1593 3461 ecclesia
1605 3396 1713 3478 'paro-

160 3484 332 3607 chiass
367 3508 503 3580 Nicolai
537 3509 573 3578 in
600 3507 912 3598 Sandomiria,
948 3509 983 3579 in
1016 3510 1112 3581 cuins
1143 3509 1220 3581 loco
1256 3510 1449 3593 situentat
1474 3509 1641 3583 moderna
1675 3508 1709 3581 S.
1772 3528 1777 3534 ·

46 3667 50 3674 ,
159 3629 293 3702 Mariae
321 3630 502 3720 collegiata
520 3626 690 3716 ecclesia3.
707 3629 791 3699 item
809 3629 852 3700 de
870 3628 1015 3700 ecclesia
1032 3630 1222 3719 parochiali
1249 3629 1282 3701 S.
1304 3630 1460 3719 loannis,
1479 3629 1575 3702 cuius
1601 3628 1715 3702 adhuc

160 3752 196 3823 in
221 3751 353 3824 rearis
378 3748 649 3823 Sandomiriensi
681 3749 824 3820 civitate
851 3755 1035 3839 sepersunt
1060 3751 1224 3841 vestigia,
1260 3752 1343 3823 item
1371 3751 1414 3822 de
1440 3750 1586 3823 ecclesia
1610 3770 1714 3841 paro-

160 3868 335 3944 chiali'in
360 3871 572 3958 Zarnow;
606 3871 690 3941 item
718 3870 932 3941 deecclesia
966 3871 1157 3961 parochiali
1192 3872 1228 3942 in
1255 3871 1525 3960 Palaniecz·,
1560 3872 1644 3944 item
1671 3871 1714 3944 dc

110 3979 111 3983 ¹
160 3992 306 4072 ecclesia
331 3991 522 4082 parochiali
549 3990 582 4061 S.
600 3989 759 4062 Mauritii
785 3992 821 4062 in
839 3991 1155 4082 Zawichostb,
1191 3993 1274 4064 item
1301 3993 1343 4064 de
1362 3993 1507 4065 ecclesia
1524 3991 1716 4086 parochiali

161 4114 197 4184 in
224 4112 545 4199 Sz·eczechow;
572 4112 655 4182 item
682 4111 889 4183 deecclesia
910 4113 1101 4203 parochiali
1129 4115 1164 4184 in
1192 4113 1426 4185 Suirzsze.
1471 4114 1655 4188 Auxerunt
1680 4121 1716 4189 et

159 4240 243 4306 tunc
277 4240 314 4306 et
340 4238 463 4325 exposa
498 4231 650 4323 episcopi
686 4230 933 4305 Cracovienses
968 4234 1059 4304 hunc
1084 4255 1284 4325 numerum,
1321 4236 1469 4308 creando
1504 4237 1541 4307 in
1568 4237 1715 4309 ecclesia

47 4427 57 4435 ,
159 4354 318 4447 praelata
343 4353 614 4426 Sandomiriensi
633 4353 951 4426 archidiaconatum
978 4360 1015 4425 et
1031 4359 1105 4426 tres
1122 4355 1351 4446 praebendas,
1368 4377 1467 4448 uuae
1486 4362 1568 4429 sunt
1594 4378 1714 4430 eorum

42 4480 46 4488 “
156 4432 308 4686 :get
325 4473 535 4562 collationis3
561 4473 659 4545 auxit
683 4480 719 4545 et
737 4474 979 4546 Vladislaus
1006 4475 1138 4566 primns
1160 4475 1325 4548 Poloniae
1353 4497 1435 4566 rex,
1462 4483 1499 4548 et
1515 4476 1715 4569 Hedvigis

258 4616 296 4685 a,
332 4582 475 4668 consors
502 4614 582 4683 sua,
688 4616 722 4664 m
754 4594 1004 4686 praebendam,
1032 4595 1184 4668 dotando
1211 4596 1324 4686 illam,
1352 4618 1479 4669 nonam
1506 4598 1542 4667 in
1569 4618 1713 4703 numero

157 4716 442 4807 praebendarum·
459 4716 534 4806 regi
653 4808 656 4813 ,
706 4721 787 4788 ncta
813 4717 957 4806 insuper
984 4722 1038 4789 est
1064 4716 1222 4808 praelata
1248 4718 1393 4790 ecclesia
1425 4718 1714 4792 Sandomiriensis

158 4843 195 4909 et
220 4857 284 4928 per
310 4836 490 4928 pontifices
518 4835 764 4910 Cracorienses
791 4837 981 4929 altaribus,
1016 4844 1120 4910 aucta
1144 4843 1320 4930 postremo
1356 4840 1618 4931 mansionariis,
1644 4844 1714 4914 non

64 4936 80 4948 ”
114 4983 117 4987 “
158 4959 195 5030 in
219 4956 352 5030 ultimis
381 4956 542 5046 laudum,
578 4958 670 5048 quod
708 4959 760 5029 illi
786 4980 829 5030 cx
856 4959 1099 5044 mansionariis
1126 4959 1296 5050 accessit,
1329 4967 1556 5033 numeratura
1591 4962 1715 5052 decns3

158 5076 350 5169 praefatam
377 5079 519 5170 insuper
546 5077 860 5152 Sandomiriedsem
877 5078 1095 5170 collegiatam
1122 5080 1155 5153 S.
1172 5080 1309 5153 Mariae
1335 5082 1514 5154 ecclesiam
1542 5103 1619 5155 ase
1636 5081 1715 5156 inn-

128 5199 275 5274 datanr
311 5176 348 5273 et
374 5199 546 5287 dotatam,
582 5199 761 5291 praelatus
792 5199 1057 5274 'Oaslmirus
1094 5201 1388 5313 Sandomiriensis
1424 5203 1514 5293 dux,
1542 5209 1714 5277 conuentu
1858 5203 1862 5210 ’

159 5318 286 5392 celebri
323 5319 415 5412 apud
456 5318 797 5393 Sandomiriam
831 5320 1035 5413 prdcaribns
1071 5329 1107 5394 et
1142 5325 1291 5414 satrapis
1328 5324 1399 5398 suis
1435 5324 1614 5416 instituto,
1649 5345 1713 5416 per

157 5439 323 5520 Petrum
340 5438 577 5520 Gneanonsem
595 5442 907 5539 archiepiscopum,
933 5444 997 5520 sub
1020 5445 1221 5542 praesentia
1245 5443 1445 5523 Fullonia
1463 5432 1714 5546 dicaam,
