4050 6054
304 389 380 461 320

302 596 589 683 Sandomiriensi‚
615 602 651 666 et
669 593 800 665 ducunt
827 614 903 665 eam
930 593 1130 665 omethones
1157 594 1193 663 in
1211 593 1376 665 horreum
1401 593 1449 665 ab
1469 592 1715 679 archidiacono
1740 591 1858 665 lomn-

302 719 383 788 dnm
426 726 461 788 et
488 717 587 787 valor
622 717 696 787 eius
729 717 935 786 aestimatur
969 714 1014 785 ad
1041 722 1192 804 quatuor
1217 736 1363 785 marcas.
1402 715 1491 785 Item
1516 716 1685 785 tabernac
1711 715 1762 785 ibi
1785 734 1858 786 non

302 847 393 927 suut,
420 838 639 909 hortulaniae
666 838 770 908 etiam
796 837 869 907 illic
894 858 964 908 non
982 844 1076 925 sunt,
1104 838 1187 907 item
1214 837 1358 926 praedia
1384 837 1434 907 ibi
1459 836 1625 907 militaria
1652 835 1722 907 duo
1738 857 1859 926 parva,

306 961 349 1030 de
367 960 494 1049 quibus
521 959 669 1032 soluitur
697 959 829 1029 decima
856 958 1082 1048 manipularis
1108 957 1275 1029 ecclesiae
1302 958 1493 1048 parochiali
1518 959 1556 1029 in
1573 932 1811 1029 Kelczina

415 1079 681 1150 Smmowona
707 1078 877 1170 secunda,
911 1081 976 1151 sub
1011 1080 1177 1168 parochia
1204 1078 1370 1150 eeclesiae
1397 1078 1441 1149 de
1478 1079 1723 1167 Kelczina,
1757 1079 1856 1149 cuius

302 1202 426 1271 haeres
452 1200 646 1271 Dobeslaus
672 1200 977 1290 Bischouskp·
1002 1199 1046 1270 de
1073 1202 1179 1270 armis
1207 1181 1469 1290 Npeczuym
1496 1202 1626 1290 inqua
1650 1206 1733 1271 sunt
1757 1200 1859 1291 quin-

303 1322 413 1392 decim
447 1322 539 1392 lanei
575 1322 825 1409 emethonales‚
862 1324 945 1391 item
980 1321 1069 1391 duae
1104 1323 1271 1392 tabernae
1306 1321 1475 1392 habentes
1501 1341 1625 1411 agros,
1659 1321 1744 1391 item
1768 1342 1860 1393 nnus

302 1443 423 1514 laneus
449 1442 602 1530 scolteti,
630 1443 816 1532 dequibus
843 1444 1001 1513 omuibus
1025 1442 1129 1513 datur
1155 1442 1288 1513 decima
1315 1443 1541 1532 manipularis
1567 1449 1602 1512 et·
1619 1463 1684 1532 per
1709 1448 1861 1532 quatuor

301 1565 440 1654 iemgas
466 1564 642 1654 canapalis
660 1565 957 1634 archidiaconatui
984 1563 1269 1651 Sandomirieusi‚
1298 1572 1333 1634 et
1352 1564 1481 1635 ducunt
1510 1584 1587 1634 eam
1605 1564 1805 1635 emethones
1822 1564 1860 1634 in

304 1685 467 1756 horreum
484 1687 529 1757 ab
543 1686 787 1757 archidiacono
801 1685 983 1756 locandum
996 1696 1031 1755 et
1047 1686 1145 1756 valor
1157 1687 1232 1756 eius
1246 1686 1449 1756 aestimatur
1462 1686 1507 1755 ad
1521 1685 1862 1768 duodecimmam

303 1807 388 1877 item
403 1807 624 1892 ,hortulauiae
651 1829 719 1878 nou
738 1814 836 1895 sunt,
862 1808 944 1877 item
962 1807 1142 1897 praedium
1168 1807 1319 1877 militare
1336 1828 1406 1879 uon
1423 1814 1478 1877 est
1496 1807 1531 1876 in
1550 1806 1671 1877 eadem
1689 1806 1782 1877 villa

410 1927 750 2017 Pnznnonon'rczn,
777 1928 860 1998 villa
887 1930 951 2000 sub
969 1929 1136 2017 parochia
1154 1928 1197 1998 de
1219 1927 1446 1998 Kelczina
1465 1928 1547 2016 sita,
1575 1928 1673 1998 cuius
1691 1927 1861 1999 haeredes

305 2047 477 2119 Thomas
508 2059 542 2119 ct
570 2048 766 2119 Nicolaus
793 2048 837 2119 de
863 2049 968 2118 armis
995 2049 1116 2135 Rosa,
1143 2049 1179 2117 iu
1206 2069 1274 2137 qua
1301 2055 1382 2118 sunt
1409 2048 1562 2138 quinque
1587 2047 1681 2118 lanei
1705 2047 1861 2119 anetho

304 2168 415 2256 nales;
442 2169 525 2238 item
551 2186 621 2239 nna
638 2169 851 2255 hortulania,
877 2170 961 2239 item
987 2190 1057 2238 una
1075 2169 1221 2238 taberna
1248 2169 1381 2238 babens
1399 2189 1517 2257 agros,
1544 2167 1587 2241 de
1607 2168 1734 2258 quibus
1750 2169 1862 2238 omni·

303 2289 369 2359 bus
395 2289 541 2359 soluitur
567 2289 700 2359 decima
727 2290 952 2378 manipularis
984 2297 1019 2359 et
1046 2310 1111 2378 per
1136 2300 1285 2379 quatuor
1316 2289 1456 2378 ierugas
1482 2288 1661 2378 canapalis
1687 2287 1862 2359 archidia-

304 2410 443 2479 conatui
468 2408 750 2498 Sandomiriensi‚
776 2416 810 2480 et
830 2410 960 2480 ducunt
978 2430 1055 2479 eam
1073 2409 1272 2479 emethones
1299 2411 1336 2479 iu
1352 2409 1516 2479 horreum
1543 2409 1588 2479 ab
1614 2408 1860 2479 archidiacono

304 2528 487 2599 locandum
522 2537 557 2599 et
585 2531 684 2600 valor
709 2533 785 2601 eius
811 2531 857 2603 ad
883 2532 1035 2620 quinque
1069 2550 1204 2600 marcas
1236 2531 1450 2600 aestimatur.
1489 2529 1577 2600 Item
1604 2530 1785 2618 praedium
1807 2529 1862 2600 ibi

304 2649 454 2720 militare
488 2651 644 2741 unicum,
679 2652 816 2743 dequo
843 2652 947 2722 datur
982 2652 1116 2722 decima
1142 2651 1368 2740 manipularis
1403 2650 1568 2721 ecclesiae
1603 2650 1797 2740 parochiali
1821 2650 1859 2720 in

307 2768 541 2841 Kelczina.

350 2966 357 2983 ‚
410 2892 554 2979 Dmnn,
580 2893 663 2963 uilla
689 2895 754 2965 sub
781 2895 947 2983 parochia
973 2894 1137 2966 ecclesiae
1164 2893 1207 2964 de
1234 2893 1470 2984 Kelczyna
1496 2893 1578 2983 sita,
1613 2893 1711 2963 'cuius
1736 2893 1862 2963 haeres

305 3010 459 3084 lacobus
494 3013 773 3106 llilkouslrp
809 3015 853 3085 de
880 3017 987 3086 armis
1022 3014 1266 3089 Habdauk.
1301 3017 1337 3085 in
1365 3036 1434 3105 qua
1460 3021 1541 3085 sunt
1576 3015 1729 3104 quinque
1763 3013 1858 3084 lanei

306 3135 559 3223 cmethonales;
585 3137 668 3207 item
685 3159 754 3207 una
772 3139 926 3211 taberna
954 3139 1038 3208 item
1056 3159 1125 3207 una
1142 3137 1362 3221 hortulanis,
1388 3137 1557 3207 habentes
1583 3156 1698 3225 agros
1723 3134 1768 3205 de
1784 3136 1862 3225 qui-

307 3256 372 3343 hus
398 3258 557 3328 omnibus
584 3259 733 3330 soluitur
767 3259 900 3331 decima
925 3249 1150 3348 manipularis
1184 3267 1222 3330 et
1247 3279 1312 3349 per
1338 3266 1488 3350 quatuor
1515 3259 1653 3346 ierugas
1684 3256 1862 3346 aanapalis

305 3377 599 3450 archidiaconatui
618 3380 907 3470 Saudomiriensi,
933 3390 967 3450 et
986 3380 1115 3450 ducunt
1134 3401 1211 3451 eam
1228 3381 1428 3451 emethoucs
1446 3380 1482 3449 in
1499 3379 1665 3449 horreum
1682 3379 1727 3449 ab
1745 3378 1860 3448 arthi-

306 3497 451 3569 diacono
469 3500 650 3572 locandum
673 3508 708 3572 et·
726 3503 825 3573 valor
846 3504 923 3572 eius
940 3503 1145 3572 aestimatur
1166 3502 1212 3571 ad
1230 3503 1381 3592 quinque
1398 3521 1552 3588 mareas,
1578 3501 1663 3571 item
1679 3499 1861 3589 praedium

306 3619 355 3689 ibi
374 3621 512 3692 unicum
526 3623 695 3711 militare,
713 3624 756 3694 de
770 3645 839 3713 quo
853 3623 985 3694 decima
1004 3623 1231 3711 manipularis
1249 3623 1397 3693 soluitur
1414 3622 1580 3692 ecclesiae
1597 3622 1633 3691 in
1651 3619 1860 3691 lielczina
1953 3676 1960 3685 .

411 3742 622 3833 ll'rnznus,
659 3745 742 3815 uilla
774 3746 839 3815 sub
874 3745 1041 3834 parochia
1067 3744 1233 3814 ecclesiae
1268 3744 1311 3813 de
1347 3743 1605 3833 Kyelczina
1640 3742 1728 3827 sita,
1761 3742 1862 3812 cuius

308 3862 432 3933 haeres
457 3863 635 3934 Johauncs
662 3864 1006 3936 detllesehnica
1033 3865 1076 3935 de
1094 3865 1439 3952 amuisDambno‚
1466 3865 1501 3933 in
1521 3885 1588 3953 qua
1606 3870 1688 3933 sunt
1709 3862 1862 3952 quinque

307 3982 399 4052 lanei
427 3985 679 4071 emethonales;
706 3987 788 4057 item
816 4008 885 4056 una
911 3987 1058 4057 taberna
1086 3987 1218 4056 habens
1244 4006 1368 4074 agros,
1393 3984 1581 4074 dequibus
1607 3983 1767 4055 omnibus
1792 3982 1863 4053 sol·

308 4103 402 4174 ritur
427 4102 559 4175 decima
585 4107 812 4196 manipularis
838 4118 873 4177 et
892 4128 959 4197 ρετ
978 4107 1065 4176 duas
1092 4107 1231 4196 ierugas
1257 4106 1434 4196 canapalis
1462 4104 1760 4176 archidiaconatui
1775 4102 1863 4174 San·

308 4222 519 4315 boniniensi,
546 4235 581 4298 et
609 4228 736 4299 ducunt
765 4249 840 4299 eam
866 4230 1066 4299 emethoues
1094 4230 1129 4298 in
1148 4226 1311 4298 horreum
1337 4229 1382 4298 ab
1408 4228 1653 4297 archidiacono
1678 4224 1862 4296 locandum

306 4354 345 4416 et
370 4347 469 4418 valor
502 4349 578 4419 eius
604 4351 809 4421 aestimatur
843 4350 889 4421 ad
915 4362 1065 4441 quatuor
1091 4370 1241 4438 marcas,
1267 4351 1350 4420 item
1376 4348 1614 4436 hortulaniae,
1649 4349 1735 4418 item
1759 4366 1862 4436 prae·

309 4465 404 4537 dium
431 4469 590 4540 militare.

415 4589 628 4679 Umsznns,
658 4592 740 4661 uilla
759 4593 824 4662 sub
850 4593 1015 4682 parochia
1041 4592 1207 4663 ecclesiae
1234 4592 1277 4662 de
1295 4591 1482 4681 [gyasd
1510 4591 1597 4678 sita,
1622 4590 1721 4660 cuius
1737 4590 1862 4660 haeres

255 4760 262 4771 ·
310 4710 835 4783 deOleschnicadearmis
857 4713 1077 4785 Dambno.
1104 4715 1221 4805 inqua
1241 4721 1321 4784 sunt
1339 4720 1491 4803 quatuor
1506 4711 1598 4782 lanei
1616 4709 1862 4798 cmethonales

308 4831 494 4923 dequibus
520 4833 669 4903 solutor
694 4834 825 4905 decima
847 4835 1074 4925 manipularis
1091 4846 1126 4905 et
1145 4856 1209 4923 per
1226 4844 1377 4926 quatuor
1394 4834 1533 4923 ierugas
1551 4833 1728 4924 canapahs
1744 4832 1860 4903 archi·

309 4952 509 5024 diaconatui
535 4952 819 5041 Sandomiriensi,
845 4962 881 5026 et
908 4955 1038 5026 ducunt
1056 4975 1134 5025 eam
1151 4954 1352 5025 emethones
1377 4955 1415 5024 iu
1432 4954 1599 5025 horreum
1624 4954 1671 5023 ab
1688 4951 1862 5024 archidia-

309 5093 397 5143 oouo
423 5073 603 5144 locandum
638 5080 673 5144 et
700 5074 799 5144 ralor
824 5076 900 5145 eius
925 5076 1132 5147 aestimatur
1164 5075 1211 5147 ad
1231 5081 1380 5166 quatuor
1405 5095 1560 5163 marcas,
1585 5075 1669 5144 item
1694 5073 1863 5145 tabernae

183 5240 188 5249 -
310 5215 381 5264 non
406 5201 506 5281 sunt,
532 5196 614 5264 item
631 5194 851 5266 hortulaniae
877 5202 1056 5284 nonaum,
1081 5197 1165 5266 item
1182 5197 1362 5285 praedium
1387 5217 1458 5266 non
1483 5202 1549 5266 est.

414 5313 700 5405 omniumr,
736 5316 820 5387 m'lla
853 5317 919 5387 sub
952 5316 1119 5406 parochia
1152 5315 1198 5387 de
1223 5316 1405 5409 Egyasd
1439 5316 1607 5389 eeclesiae
1641 5317 1731 5405 sita,
1764 5316 1864 5390 cuius
