4050 6054
1708 424 1782 499 449

236 633 298 708 sed
324 642 406 709 sunt
430 632 671 710 tantammodo
694 622 763 708 duo
790 633 935 726 praedia
959 630 1135 723 militaria,
1163 630 1206 705 de
1233 632 1372 725 quibusq
1385 624 1688 730 praefati‘fmilites
1715 632 1784 704 sol-

235 764 322 829 vunt
348 737 516 833 decimam
542 757 791 848 manipularem
818 754 1023 828 vicedecano
1050 753 1263 844 Kelcziensi‚
1291 757 1326 825 et
1352 754 1452 825 valor
1477 754 1551 825 aius
1578 754 1783 825 aestimatur

234 877 280 950 ad
307 878 394 952 duas
418 898 565 968 marcas3
592 878 759 950 decimam
785 881 901 949 autem
927 875 1126 968 canapalem
1152 894 1223 947 non
1249 875 1398 949 solvunt.

337 999 590 1072 Damnnowna
616 998 961 1088 Pnnnosznawsnn‚
987 997 1071 1069 villa
1096 996 1160 1068 sub
1184 997 1350 1087 parochia
1375 996 1541 1068 ecclesiae
1566 996 1609 1067 de
1637 994 1784 1069 Oowa·

233 1120 308 1213 lye
335 1121 413 1210 sita,
440 1106 538 1192 cuius
563 1118 733 1191 haeredes
759 1118 918 1190 Andreas
936 1122 974 1190 et
988 1116 1165 1190 lohannes
1190 1115 1318 1189 fratres
1344 1118 1499 1207 germani
1525 1116 1781 1208 Kowalsczp,

234 1239 277 1311 de
304 1241 410 1313 armis
437 1239 681 1330 Habdank‚
708 1239 744 1309 in
764 1260 832 1329 qua
850 1238 918 1311 duo
945 1259 1036 1311 nunc
1058 1235 1296 1310 tantummodo
1323 1243 1405 1309 sunt
1430 1235 1522 1309 lanei
1549 1237 1782 1309 emethonales

233 1362 385 1434 nondum
420 1382 484 1453 per
509 1362 642 1434 nobiles
678 1361 853 1452 occupati,
880 1359 923 1431 de
951 1359 1075 1451 quibus
1102 1358 1205 1430 datur
1240 1358 1373 1431 decima
1403 1358 1629 1448 manipularis
1656 1365 1693 1429 et
1719 1378 1782 1448 per

233 1489 382 1575 quatuor
417 1484 555 1574 ierugas
591 1482 767 1574 canapalis
792 1481 999 1554 vicedecano
1029 1480 1241 1571 Kelcziensi,
1267 1485 1391 1571 etsper
1418 1481 1615 1551 emetbones
1642 1479 1781 1551 ducitur

232 1605 269 1677 in
294 1606 458 1676 horreum
485 1625 507 1675 a
532 1603 739 1676 vicedecano
765 1603 947 1675 locandum
974 1606 1010 1674 et
1034 1602 1134 1674 valor
1160 1601 1235 1673 eius
1261 1602 1466 1673 aestimatur
1492 1601 1538 1672 ad
1563 1618 1666 1672 unam
1690 1621 1783 1671 mar·

233 1745 317 1797 earu.
360 1726 449 1797 Item
475 1724 654 1817 praedium
680 1724 832 1795 militare
858 1724 902 1795 ab
929 1723 1073 1813 antiquo
1108 1743 1214 1794 unum
1249 1722 1490 1794 tantummodo
1526 1722 1574 1793 ibi
1600 1720 1683 1812 fuit,
1708 1720 1781 1792 'sed

232 1820 452 1936 multiplicati
479 1846 647 1917 haeredes
674 1844 912 1916 emethonibus
939 1843 1124 1935 depositis,
1151 1841 1308 1915 fecerunt
1334 1843 1401 1915 sibi
1428 1862 1519 1915 nova
1544 1840 1699 1933 praedia,
1719 1839 1808 1921 ¹de.

234 1987 388 2057 quorum-
407 1966 500 2056 agris
528 1985 605 2037 cum
631 1965 766 2057 iniuria
785 1963 983 2038 vicedecani
1018 1965 1158 2037 solvunt
1193 1962 1361 2037 decimam
1386 1960 1637 2053 manipularem
1692 1942 1707 1965 ⁸

157 2134 161 2140 -
233 2087 306 2157 siae
333 2084 543 2175 etplebano
570 2086 606 2156 iu
634 2085 859 2177 Gowalye.
1286 2114 1299 2135 κ
1514 2130 1518 2135 -
1601 1958 1782 2173 a*

750 2347 981 2430 Scolaatria
1016 2338 1300 2454 Kyelolensla.'

335 2568 456 2641 'l'ertia
481 2568 645 2641 ecclesiae
671 2568 884 2642 Kelcziensis
910 2569 1063 2660 dignitas
1099 2569 1172 2644 sive
1196 2574 1404 2670 personatus
1432 2568 1614 2641 scholast·
1650 2524 1692 2659 ’Ξρ

179 2668 184 2681 “
232 2711 295 2780 pro
322 2691 439 2780 aliqua
462 2691 517 2761 sui
544 2697 644 2780 parte
670 2710 713 2761 ex
740 2690 841 2762 bonis
868 2697 904 2762 et
931 2691 1134 2763 introitibus
1170 2691 1335 2762 ecclesiae
1361 2568 1784 2781 parobbialism

233 2808 353 2881 Sancti
379 2808 625 2882 Adalberti‘in
651 2807 839 2902 Kelaze,
866 2812 963 2883 cuins
991 2811 1104 2883 adbuc
1122 2816 1242 2883 extant
1268 2811 1404 2902 ligneae
1426 2804 1589 2883 videlicet
1614 2792 1779 2884 ecclesiae

156 2912 162 2920 ’
231 2935 331 3002 extra
355 2928 558 3003 Kelcziense
585 2929 749 3022 oppidum
776 2931 962 3023 reliquiae,
998 2931 1143 3004 lundata
1169 2937 1275 3023 atque
1301 2931 1423 3005 dotata
1450 2938 1522 3022 est,
1560 2952 1662 3027 quam
1689 2952 1780 3004 nunc

224 3050 365 3124 'obtinet
391 3050 557 3124 Nicolaus
584 3051 627 3123 de
653 3051 855 3144 Znoyna‚
881 3055 937 3125 vir
962 3051 1054 3143 frugi
1072 3058 1108 3125 et
1126 3052 1296 3144 singulari
1311 3053 1473 3126 redolens
1491 3053 1677 3145 probitate.
1695 3053 1778 3126 Sco

228 3170 344 3245 lastiei
370 3177 487 3245 autern
510 3171 660 3244 officium
687 3180 750 3265 est,
769 3174 811 3244 de
831 3173 969 3247 scholae
995 3174 1164 3264 magistro
1183 3175 1366 3264 providere
1385 3180 1421 3246 et
1440 3173 1615 3265 domicilia
1642 3175 1781 3246 scholae

157 3298 162 3303 ’
194 3274 199 3283 ’
230 3298 292 3365 aut
309 3292 353 3365 de
371 3315 461 3366 novo
488 3314 624 3385 parare,
651 3295 788 3385 quoties
814 3314 955 3366 neeesse
973 3300 1037 3385 est
1064 3301 1125 3366 aut
1142 3295 1348 3386 instaurare,
1376 3296 1558 3386 scalaeque
1576 3297 1780 3384 magistrum
1926 3318 1930 3325 ¹

229 3415 403 3488 solariare.
430 3414 519 3487 Sunt
546 3422 662 3488 autem
690 3415 892 3487 scolastriae
915 3414 1128 3488 Kelcziensis
1154 3421 1344 3506 proventus
1371 3417 1477 3488 annui
1504 3414 1717 3506 infrascripti
1744 3422 1780 3488 et

231 3536 392 3609 decimae.

331 3657 525 3748 Zaooazn,
549 3657 634 3730 villa
660 3657 724 3728 sub
751 3658 917 3748 parochia
943 3658 1107 3730 ecelesiae
1134 3658 1349 3730 Kelcziensis
1376 3658 1452 3749 sita,
1481 3664 1517 3744 et
1543 3656 1670 3749 oppido
1696 3655 1780 3730 Kal-

228 3778 354 3851 cziensi
380 3780 547 3870 proxima,
573 3777 700 3849 fundus
728 3779 931 3850 scolastriae
957 3779 1179 3869 Kelcziensis,
1208 3799 1297 3870 quae
1323 3779 1405 3850 olim
1433 3777 1781 3868 plebaniacdielczi-

203 3900 311 3997 ensi·
330 3899 393 3972 dos
420 3906 497 3971 erat
522 3899 698 3990 primaria,
725 3900 761 3970 in
789 3920 858 3990 qua
884 3901 1085 3972 scolasticus
1112 3900 1323 3972 Kelcziensis
1350 3900 1458 3971 habet
1484 3900 1610 3971 bonam
1637 3901 1780 3992 curiam,

227 4020 387 4112 pulchris
408 4020 575 4092 aedificiis
602 4026 780 4111 structam,
807 4022 891 4093 item
917 4022 1127 4112 pomerium,
1155 4023 1237 4092 item
1264 4020 1446 4111 praedium
1472 4022 1609 4111 bonum,
1637 4023 1673 4093 in
1699 4026 1773 4094 tres

229 4162 368 4233 campos
395 4141 558 4232 divisum,
586 4141 629 4213 de
656 4142 752 4213 cuius
781 4143 875 4232 agris
901 4142 988 4213 nulli
1015 4143 1120 4214 solvit
1149 4142 1326 4233 decimam,
1354 4142 1415 4214 sed
1442 4163 1518 4214 eam
1545 4143 1639 4214 solus
1666 4145 1778 4233 perci-

227 4262 282 4354 pit
306 4268 344 4335 et
367 4263 404 4334 in
431 4284 531 4335 suum
557 4263 721 4334 horreum
748 4263 890 4335 inducit.
934 4264 1025 4335 Item
1058 4264 1166 4335 babet
1200 4245 1373 4335 mellificis
1406 4264 1556 4353 propria'
1576 4263 1619 4333 ad
1647 4264 1777 4334 curiam

226 4384 449 4474 pertinentia,
475 4385 560 4456 item
587 4388 699 4475 prata,
726 4384 810 4455 item
838 4383 923 4455 duas
950 4383 1101 4474 piscinas
1128 4385 1287 4474 proprias
1315 4385 1454 4473 liberas3
1482 4384 1566 4453 item
1592 4382 1675 4453 villa
1702 4366 1778 4472 ipsa

226 4503 264 4576 in
277 4505 366 4577 'inre
393 4504 606 4576 'lbeutonico
641 4505 757 4575 locata
791 4508 855 4575 est.
899 4503 987 4575 Item
1013 4509 1096 4577 sunt
1131 4506 1166 4576 in
1193 4505 1313 4577 eadem
1345 4505 1428 4577 villa
1463 4524 1524 4576 sex
1560 4523 1637 4574 cum
1664 4501 1778 4574 medio

227 4625 319 4699 lanei
346 4625 598 4716 emethonales,
625 4646 771 4716 quornm
800 4625 946 4716 quilibet
972 4625 1077 4697 solvit
1102 4646 1167 4716 pro
1189 4639 1299 4698 'censu
1326 4646 1440 4697 annuo
1468 4622 1670 4697 scolastriae
1696 4623 1780 4695 Kel-

228 4744 354 4817 cziensi
380 4744 528 4817 mediam
554 4764 716 4835 marcam,
731 4747 825 4818 item
852 4751 1003 4836 quatuor
1028 4747 1148 4837 gallos,
1176 4748 1259 4819 item
1287 4746 1405 4818 decem
1432 4765 1507 4836 ova
1535 4745 1622 4818 duos
1650 4765 1778 4835 caseos,

226 4865 311 4939 itam
338 4865 424 4938 duas
450 4886 631 4938 mensuras
657 4885 789 4939 avenae
816 4866 1000 4956 wnimtaa
1026 4869 1111 4941 item
1137 4867 1317 4960 praedium
1346 4867 1548 4939 scolastriae
1566 4866 1602 4937 in
1621 4866 1779 4937 omnibns

226 4988 339 5060 tribus
367 4989 497 5079 eampis
523 4998 587 5078 pro
615 5007 698 5059 vare
716 4993 753 5060 et
769 4989 892 5079 hyeme
920 4993 1031 5080 arant
1058 4989 1184 5078 colunt,
1211 5008 1321 5078 grano
1349 4987 1524 5059 scolastici
1552 4993 1682 5075 serunt,
1707 5006 1779 5058 me-

227 5115 306 5181 tunt
332 5115 369 5181 et
396 5111 431 5181 in
458 5110 622 5181 horreum
650 5108 824 5181 scolastici
850 5110 1002 5199 propriis
1030 5111 1190 5182 curribus
1217 5106 1423 5197 conducunt,
1450 5110 1552 5196 prata
1578 5100 1780 5178 falcastrant

226 5235 262 5301 et
288 5230 479 5321 disponunt
496 5235 610 5321 -atqna
637 5218 852 5318 conducunt3
886 5231 969 5301 item
997 5230 1066 5301 duo
1093 5250 1136 5301 ex
1163 5229 1404 5305 emethonibus
1440 5228 1571 5300 habent
1597 5226 1778 5318 mellificis,

227 5372 371 5442 quorum
390 5374 478 5424 unus
498 5352 602 5423 solvit
630 5352 830 5423 scolastriae
847 5350 1043 5423 Kelcziensi
1069 5340 1174 5421 unani
1193 5357 1353 5440 quartam
1376 5349 1497 5442 mellis,
1524 5349 1613 5431 alius
1632 5349 1779 5419 mediam

330 5518 378 5559 ma.
392 5519 488 5560 neuma
1279 5510 1289 5527 ⁸
1575 5489 1615 5547 o?
