4050 6054
188 398 197 411 '
231 417 308 487 aco

231 622 400 712 septimus
427 617 558 701 laneus,
586 611 645 702 qui
672 609 754 680 olim
782 610 859 677 erat
885 557 1100 689 scoltetialis,
1127 597 1349 739 effecimus
1375 597 1466 668 est
1458 617 1494 671 ru
1522 591 1785 681 cmethonalem‚

230 743 273 813 de
301 761 368 832 quo
396 736 588 807 decimatur
615 729 781 801 ecclesiae
807 723 1033 817 parochiali
1024 745 1059 792 ιιι
1087 717 1501 812 Gyrtmanowiczo.

333 858 627 931 Gzrnurowucza
646 849 733 921 alias
752 847 1031 934 Gzrarowrczu
1058 842 1142 913 villa
1167 842 1232 913 sub
1250 838 1418 930 panochia
1432 835 1597 911 eeclesiae
1615 835 1660 906 de
1677 793 1786 935 Alba

232 980 388 1053 Ecclesia
406 977 484 1063 sita,
503 973 600 1044 cuius
617 971 742 1042 haeres
760 967 925 1041 Nicolaus
953 962 1243 1055 Gzayowsky,
1270 959 1397 1034 nobilis
1414 956 1577 1032 dedomo
1604 956 1786 1048 helyma,

231 1104 266 1173 iu
294 1120 362 1191 qua
389 1100 470 1169 sunt
495 1094 614 1165 decem
650 1089 742 1161 lanei
778 1085 1029 1173 cmethonales,
1066 1082 1256 1172 dequibus
1284 1079 1443 1154 omnious
1469 1077 1575 1151 soluit
1559 1082 1619 1148 tur
1649 1064 1785 1169 decim

232 1217 460 1311 manipularis
495 1213 599 1284 altari
634 1208 802 1302 praefato,
829 1212 865 1278 et
890 1227 953 1297 per
980 1205 1178 1276 cmethones
1206 1201 1345 1274 ducitur
1375 1197 1546 1291 propriis,
1561 1196 1723 1271 curribus
1749 1197 1786 1268 in

232 1344 396 1414 horreum
423 1337 466 1407 ab
494 1333 654 1404 altarista
681 1328 885 1420 eligendum.
911 1328 1000 1398 Item
1028 1325 1065 1396 in
1092 1323 1212 1395 eadem
1234 1320 1318 1393 villa
1339 1326 1428 1415 ,aunt
1452 1318 1522 1390 duo
1547 1317 1649 1407 lanei,
1677 1338 1787 1409 quon·

235 1463 314 1533 dam
341 1457 494 1529 eiusdem
521 1454 624 1525 uillae
652 1450 885 1538 scoltetorum,
912 1467 999 1537 quos
1026 1446 1193 1522 hacteuus
1219 1442 1343 1513 haeres
1369 1439 1529 1513 eiusdem
1540 1437 1654 1531 pillae,
1680 1437 1788 1528 depo·

235 1582 312 1653 sitis
339 1575 494 1649 scoltetis
521 1595 584 1663 pro
613 1593 676 1643 sua
702 1571 798 1641 curia
824 1572 911 1658 arat
940 1567 1106 1639 decimam
1132 1585 1215 1635 uero
1242 1561 1493 1653 manipularem
1522 1558 1565 1630 de
1593 1558 1724 1630 eisdem
1750 1559 1787 1629 iu

231 1697 438 1798 ponithmom
464 1696 525 1766 dat
551 1693 664 1782 altari,
690 1691 823 1764 decima
848 1689 970 1779 canapi
989 1691 1148 1778 excepta3
1175 1685 1376 1755 cmethones
1403 1688 1520 1754 autem
1550 1679 1706 1753 eiusdem
1723 1678 1789 1751 vil·

232 1824 288 1892 lae
316 1804 456 1891 solvunt
483 1815 649 1887 decimam
677 1813 799 1903 canapi
825 1831 888 1901 per
915 1814 1066 1901 quatuor
1092 1808 1231 1896 ierugas
1250 1810 1286 1876 et
1303 1804 1402 1875 valor
1429 1803 1581 1901 decimae
1607 1798 1789 1891 praefatae

204 1941 438 2013 aestimatur
474 1936 517 2008 ad
553 1935 670 2006 decem
705 1952 857 2020 marcas,
893 1931 976 2002 item
1004 1929 1039 1999 in
1067 1928 1186 1998 eadem
1213 1925 1296 1996 villa
1332 1924 1429 2028 curia
1462 1921 1623 1993 militaris
1653 1921 1789 1994 habeus

235 2048 345 2152 agros
357 2056 562 2149 praediales,
590 2054 650 2126 sed
669 2073 808 2143 paucos,
826 2056 969 2122 vocatos
996 2049 1235 2137 iutrzyuy,
1272 2044 1316 2117 de
1343 2044 1469 2135 quihus
1487 2042 1594 2114 dabat
1619 2042 1791 2115 decimam

232 2180 482 2271 manipularem
522 2176 670 2266 plebano
697 2178 734 2243 et
760 2170 927 2242 ecclesiae
963 2168 1007 2238 de
1033 2166 1150 2237 Alba
1176 2165 1413 2258 Ecclesia;
1449 2163 1511 2235 sed
1537 2161 1707 2234 Matthias
1743 2161 1790 2235 de

237 2301 473 2374 Grodzecz
501 2296 685 2366 modernus
712 2291 875 2362 altarista
900 2289 995 2358 illam
1014 2288 1089 2358 iuro
1108 2286 1300 2376 acquisivit
1326 2282 1504 2376 praefatus
1530 2284 1636 2355 etiam
1662 2283 1792 2357 haeres

236 2421 380 2495 colendo
408 2438 511 2508 agros
539 2413 774 2486 cmethonales
801 2410 978 2497 desertos,
1013 2407 1184 2479 abstraxit
1211 2407 1378 2479 decimam
1404 2407 1448 2478 ah
1475 2404 1588 2494 altari,
1615 2404 1794 2497 damli-

236 2543 329 2613 cavit
347 2561 422 2610 earn
441 2537 587 2627 plebano
615 2534 658 2604 de
676 2531 793 2602 Alba
819 2529 1046 2600 Ecclesia.
1073 2529 1160 2599 Item
1180 2529 1347 2618 plebanus
1366 2527 1408 2599 de
1428 2526 1545 2599 Alba
1570 2525 1795 2621 Emissis

235 2662 343 2732 habet
369 2659 404 2727 in
432 2657 525 2727 dicta
551 2653 634 2724 villa
660 2651 779 2743 Crya
787 2651 989 2741 yowicze
1017 2671 1122 2721 unum
1148 2649 1285 2720 laneum
1311 2670 1375 2739 pro
1394 2668 1457 2719 suo
1475 2645 1629 2738 praedio,
1643 2644 1702 2718 de
1718 2667 1794 2737 quo

236 2781 340 2850 etiam
368 2777 515 2848 solvitur
542 2774 675 2845 decima
700 2771 927 2861 manipularis
954 2791 1017 2860 pro
1045 2769 1184 2841 altari
1175 2791 1211 2839 ιιι
1235 2766 1452 2864 percilianum.

341 2897 489 2968 collatio
506 2899 553 3003 et
562 2894 798 3029 iuspatronat
798 2913 839 2962 us
865 2890 1036 2981 praedicti
1072 2890 1192 2960 altaris
1228 2889 1381 2979 pertinet
1407 2888 1452 2959 ad
1479 2887 1679 3007 episcopum
1704 2885 1796 2960 Gra-

239 3018 440 3090 coviensem
461 2976 675 3151 plwure

720 3272 866 3355 Altero
899 3273 1042 3355 Sancti
1075 3271 1305 3353 Adalhorti.

342 3498 462 3569 Altare
490 3496 523 3568 S.
551 3495 733 3567 Adalberti
759 3495 924 3585 martyris
952 3501 987 3565 et
1012 3493 1203 3584 pontificis,
1234 3493 1270 3564 in
1298 3493 1442 3565 ecclesia
1469 3490 1691 3565 cracoviensi
1720 3514 1795 3569 uon
1824 3517 1833 3527 ·

237 3620 345 3694 habet
372 3617 536 3708 capellam
562 3617 748 3707 propriam,
775 3616 836 3688 sed
863 3617 968 3686 sitmn
995 3623 1050 3686 est
1077 3616 1111 3686 iu
1139 3620 1239 3706 parte
1266 3615 1460 3705 aquilonari
1488 3615 1551 3686 suh
1568 3613 1700 3687 fornice
1718 3637 1796 3688 me·

237 3743 294 3813 dio
323 3740 428 3828 chori,
456 3740 547 3809 inter
565 3738 675 3809 altare
693 3737 913 3808 visitationis
932 3736 1080 3807 Sanctae
1106 3735 1240 3806 Mariae
1267 3743 1303 3807 et
1329 3736 1438 3807 altare
1462 3735 1797 3827 Transfigurationis

236 3861 392 3949 Domini,
432 3861 529 3930 cuius
557 3856 796 3930 cracoviensis
833 3858 1016 3948 episcopus
1043 3878 1107 3947 pro
1134 3862 1308 3947 tempore,
1343 3858 1465 3928 unicus
1492 3862 1546 3928 est
1581 3856 1726 3929 collator
1754 3864 1796 3932 et

235 3986 423 4073 patronus3
451 3979 511 4049 sed
538 4000 600 4068 per
626 4000 737 4069 quem,
774 3984 836 4051 aut
862 4000 930 4069 quo
957 3986 1125 4069 tempore,
1161 3984 1223 4049 aut
1249 3999 1338 4049 anno
1365 3977 1547 4050 fundatum
1574 3978 1640 4068 sit,
1664 3977 1810 4051 funda-1

236 4102 343 4173 tionis
371 4106 407 4170 et
433 4100 621 4171 dotationis
648 4100 831 4190 privilegio
859 4120 1044 4190 suppresso
1072 4107 1107 4170 et
1134 4099 1274 4188 abolito,
1301 4121 1370 4170 non
1396 4099 1545 4171 invenio.
1584 4098 1701 4171 Habet
1724 4120 1793 4191 pro

237 4222 329 4293 dotis
357 4241 439 4291 suae
466 4220 571 4293 fundo
599 4220 765 4290 decimam
792 4220 1041 4310 manipularem
1067 4221 1102 4290 in
1130 4220 1213 4290 villa
1239 4219 1547 4292 Stradnlicze.

342 4342 585 4430 Srmlumczn,
611 4340 695 4411 villa
712 4342 775 4413 sub
794 4343 958 4431 parochia
985 4341 1148 4412 ecclesiae
1176 4341 1217 4411 de
1245 4340 1314 4411 Ma
1322 4362 1409 4432 gna
1434 4340 1687 4415 Casimiria
1713 4343 1796 4435 sita,

239 4464 337 4533 curius
364 4461 533 4531 haeredes
560 4461 582 4533 J
592 4483 675 4532 ura
702 4462 814 4533 dictus
841 4461 963 4552 Lapka
989 4462 1306 4552 Lapanowsky
1333 4463 1376 4533 de
1403 4461 1503 4534 domo
1531 4432 1797 4554 Drmszyna,

240 4589 276 4653 et
302 4581 472 4671 Kelczyus
508 4582 918 4674 Budzisohewshy‚
952 4583 1122 4655 dedomo
1158 4581 1401 4673 Habdauk‚
1438 4583 1474 4653 in
1506 4604 1575 4673 qua
1601 4588 1684 4656 sunt
1709 4589 1792 4656 octo

238 4704 329 4774 lanei
365 4701 615 4792 emethonales‚
652 4703 845 4794 dequibus
881 4704 1040 4774 omnibus
1077 4703 1224 4774 solvitur
1260 4703 1391 4774 decima
1426 4694 1651 4793 manipularis
1686 4703 1795 4777 altari

235 4816 393 4914 praefato
421 4831 457 4894 et
483 4844 546 4913 per
573 4825 771 4899 amethoues
799 4824 936 4895 ducitur
962 4825 1114 4914 propriis
1142 4824 1300 4895 curribus
1319 4824 1355 4894 in
1373 4823 1536 4895 horreum
1561 4824 1605 4895 ab
1631 4824 1796 4915 altarista

239 4945 430 5034 locandum,
458 4949 494 5014 et
521 4945 660 5016 solvunt
687 4945 853 5016 decimam
881 4946 1003 5035 canapi
1030 4966 1093 5036 per
1112 4950 1261 5034 quatuor
1287 4944 1425 5035 ierugas
1452 4949 1488 5015 et
1514 4944 1612 5018 valor
1638 4943 1796 5019 decimae

235 5063 410 5154 praefatae
446 5066 650 5137 aestimatur
678 5064 723 5136 ad
750 5065 930 5137 duodecim
966 5085 1108 5136 marcas.
1152 5065 1240 5135 ltem
1268 5065 1304 5137 in
1331 5064 1452 5137 eadem
1478 5064 1561 5136 villa
1596 5069 1677 5137 sunt
1702 5065 1795 5141 duae

239 5185 354 5256 curiae
381 5186 595 5277 militarium,
622 5187 790 5258 hahentes
813 5187 881 5258 duo
900 5186 1043 5277 praedia
1070 5185 1241 5277 specialia,
1260 5191 1296 5258 et
1314 5191 1498 5278 utrumque
1525 5185 1794 5277 praedium'sol·

234 5306 285 5377 rit
314 5306 481 5380 decimam
501 5306 750 5402 manipularem
774 5308 921 5403 plebano
940 5312 976 5384 et
994 5306 1158 5382 ecclesiae
1185 5307 1221 5385 iu
1248 5305 1412 5399 Magna
1439 5305 1692 5383 Casimiria
1716 5309 1795 5384 iure
