4080 6068
1645 377 1719 479 aar

173 579 350 652 custodiae
385 551 674 670 Sandomiriensi,
701 586 737 651 et
773 579 904 653 ducunt
940 602 1015 652 eam
1051 576 1250 653 cmethones
1276 581 1312 650 in
1339 581 1503 653 horreum
1529 600 1551 653 a
1577 581 1720 655 custode

72 687 77 696 ’
172 700 354 772 locandum
381 706 417 771 et
443 702 542 771 valor
560 702 634 771 eius
653 701 859 771 aestimatur
878 701 922 771 ad
940 696 1064 773 novem
1082 720 1226 772 marcas.
1252 700 1340 771 Item
1358 681 1525 772 tabernae
1543 722 1612 773 uon
1630 706 1720 792 sunt

174 818 257 889 item
293 819 511 891 hortulaniae
548 842 617 891 non
646 827 749 908 sunt;
776 821 860 891 item
887 821 1066 909 praedium
1092 821 1142 891 ibi
1168 842 1274 891 unum
1301 818 1469 910 militare,
1497 821 1589 911 quod
1616 821 1720 892 solvit

173 938 339 1009 decimam
374 942 622 1031 manipularem
659 941 824 1011 ecclesiae
851 940 1041 1029 parochiali
1068 941 1103 1011 in
1132 938 1431 1030 Glouaczou,
1459 924 1499 1012 et'
1520 938 1618 1012 valor
1645 942 1720 1012 eius

171 1059 376 1131 aestimatur
401 1061 446 1131 ad
473 1061 557 1133 duas
584 1083 728 1132 marcas.

276 1179 509 1271 Summanus,
537 1183 619 1252 villa
646 1184 710 1254 sub
738 1183 902 1272 parocbia
929 1183 1092 1253 ecclesiae
1119 1182 1162 1252 de
1189 1182 1500 1274 Lyasnenicze
1527 1182 1605 1271 sita,
1623 1181 1719 1252 cuius

171 1301 294 1372 haeres
321 1300 411 1372 idem
438 1302 667 1393 Sandivogius
695 1303 868 1393 Lyasze
883 1303 1006 1394 nsky,
1033 1305 1068 1373 in
1097 1324 1165 1393 qua
1192 1308 1273 1373 sunt
1298 1303 1390 1373 lanei
1414 1299 1658 1391 cmethonales‚
1676 1301 1718 1371 de

148 1421 295 1525 'quibus
323 1421 454 1493 decima
483 1424 709 1514 manipularis
745 1431 780 1494 et
797 1445 870 1513 per
896 1430 1045 1514 quatuor
1071 1425 1210 1514 ierugas
1238 1422 1411 1513 canapalis
1440 1422 1586 1492 soluitur
1605 1425 1719 1491 custo·

170 1540 248 1611 diae
274 1540 555 1634 Sandomiriensi,
583 1552 618 1615 et
645 1545 776 1615 ducunt
803 1565 878 1614 eam
905 1544 1103 1615 cmethones
1131 1545 1167 1614 in
1193 1545 1357 1615 borreum
1385 1565 1406 1613 a
1433 1541 1576 1614 custode
1602 1542 1718 1612 locan-

170 1659 251 1730 dum
287 1667 323 1732 et
357 1664 455 1734 valor
491 1665 564 1735 eius
601 1667 806 1735 aestimatur
832 1664 878 1734 ad
905 1665 1054 1754 quinque
1081 1685 1225 1735 marcas.
1265 1664 1353 1734 Item
1380 1664 1546 1733 tabernae
1573 1662 1622 1733 ibi
1649 1681 1717 1731 non

170 1787 260 1871 sunt,
287 1781 505 1855 hortulaniae
532 1806 601 1854 non
628 1789 718 1874 sunt,
745 1786 827 1855 item
843 1763 1034 1873 praedium
1061 1786 1109 1856 ibi
1137 1806 1205 1855 non
1232 1790 1286 1854 est
1313 1783 1452 1874 aliquod
1479 1783 1639 1853 militare.

275 1901 420 1974 Wonun
448 1904 710 1995 Srumnmnn,
739 1906 821 1975 uilla
856 1908 919 1977 sub
952 1907 1117 1996 parocbia
1143 1906 1307 1977 ecclesiae
1334 1905 1377 1975 de
1395 1903 1718 1994 'Lyaszenicze

169 2023 247 2112 sita,
276 2024 373 2093 cuius
401 2025 524 2095 haeres
551 2025 642 2095 idem
670 2025 896 2116 Sandivogius
924 2024 1225 2116 Lyaszensky,
1254 2027 1289 2095 in
1317 2046 1385 2115 qua
1411 2030 1492 2095 sunt
1518 2024 1610 2094 lanei
1628 2044 1718 2093 cme-

168 2143 407 2232 thanaisque
444 2145 567 2235 quibus
603 2145 734 2216 decima
768 2147 994 2236 manipularis
1030 2151 1065 2217 et
1100 2168 1164 2236 por
1199 2132 1350 2237 quaoooi
1376 2146 1514 2234 ierngas
1541 2143 1717 2233 canapalis

168 2262 316 2335 solvitur
351 2266 529 2337 custodiae
564 2266 855 2357 Sandomiriensi,
883 2273 918 2338 ct
953 2267 1084 2339 ducunt
1115 2289 1191 2337 eam
1218 2267 1416 2338 cmethones
1444 2266 1479 2335 in
1505 2267 1669 2337 horreum
1697 2285 1718 2334 a

169 2383 310 2454 custode
345 2384 526 2456 locandum
554 2393 590 2458 et
617 2387 715 2458 valor
742 2388 815 2458 eius
843 2389 1046 2458 aestimatur
1072 2387 1117 2458 ad
1143 2387 1229 2457 duas
1256 2407 1400 2456 marcas.
1435 2386 1523 2456 Item
1550 2384 1717 2456 tabernae

168 2502 218 2573 ibi
243 2526 313 2575 non
341 2512 431 2596 sunt,
459 2507 677 2578 hortulaniae
704 2507 754 2579 ibi
772 2530 841 2578 non
860 2516 950 2598 sunt,
969 2509 1052 2579 item
1071 2508 1251 2598 praedium
1271 2507 1319 2578 ibi
1336 2507 1486 2577 militare
1504 2507 1635 2577 nullum
1654 2508 1716 2575 est.

272 2625 506 2718 Cnormmw,
534 2629 617 2698 villa
653 2629 716 2699 sub
753 2629 918 2718 parochia
945 2629 987 2700 de
1014 2629 1044 2700 L
1053 2610 1326 2721 yaszenicze
1352 2629 1439 2716 sita,
1467 2628 1563 2699 cuius
1590 2627 1714 2698 haeres

167 2744 396 2836 Sandivogius
423 2747 453 2817 L
461 2750 720 2840 yaszensky
755 2750 971 2839 praedictus,
999 2751 1034 2820 in
1071 2770 1138 2839 qua
1170 2754 1251 2820 sunt
1276 2749 1368 2819 lanei
1395 2735 1646 2836 cmethonaldS,
1673 2746 1717 2817 de

168 2865 292 2954 quibus
320 2867 452 2937 decima
477 2870 702 2959 manipularis
730 2877 766 2941 et
791 2892 854 2961 per
881 2876 1031 2960 quatuor
1058 2871 1196 2960 ierugas
1209 2869 1399 2969 'canapalis
1427 2868 1574 2939 solvitur
1601 2864 1716 2939 custo-

166 2984 243 3056 diae
271 2985 551 3078 Sandomiriensi,
579 2995 613 3059 et
640 2991 770 3061 ducunt
788 3012 863 3061 eam
883 2992 1081 3062 cmethones
1098 2992 1135 3061 in
1152 2992 1316 3062 horreum
1335 2989 1516 3060 acustode
1534 2987 1715 3063 locandum

168 3110 204 3176 et
230 3105 328 3177 valor
355 3108 429 3178 eius
456 3110 662 3180 aestimatur
689 3111 732 3181 ad
757 3113 906 3201 quinque
925 3131 1068 3181 marcas.
1094 3110 1183 3181 ltom
1201 3112 1366 3182 tabernae
1385 3131 1453 3180 non
1472 3114 1553 3179 sunt
1571 3108 1716 3198 aliquae,

165 3225 248 3297 item
274 3229 492 3301 hortulaniae
519 3252 587 3301 non
615 3238 706 3320 sunt,
732 3232 816 3302 item
843 3231 1023 3320 praedium
1049 3222 1118 3301 non
1146 3236 1200 3300 est
1226 3230 1275 3301 ibi
1303 3229 1443 3320 aliquod
1469 3228 1629 3299 militare.

270 3349 416 3421 Wonua
453 3351 762 3441 Onorrrnowsm,
790 3353 873 3441 villa
909 3354 973 3423 sub
1009 3353 1173 3442 parochia
1209 3352 1375 3422 ecclesiae
1403 3350 1445 3420 do
1472 3350 1503 3419 R
1512 3349 1715 3440 yczywol

165 3471 240 3575 sita,
267 3471 310 3541 ad
338 3472 609 3543 illustrissimum
636 3472 800 3545 Poloniae
827 3494 945 3563 regem
971 3473 1160 3563 pertinens,
1186 3472 1222 3541 in
1251 3493 1319 3562 qua
1346 3476 1428 3542 sunt
1451 3470 1543 3540 lanei
1563 3469 1715 3539 cmetho-

164 3592 270 3682 nales,
297 3593 339 3664 de
367 3594 491 3685 quibus
518 3594 742 3684 manipularis
770 3594 902 3665 decima
920 3601 955 3665 et
972 3615 1036 3684 per·
1055 3598 1203 3684 quatuor
1222 3593 1358 3683 iorugas
1377 3590 1551 3680 canapalis
1569 3588 1717 3660 solvitur

165 3714 344 3813 custodiae
380 3713 669 3805 Sandomiriensi,
705 3722 740 3786 ot
776 3715 907 3787 ducunt
942 3735 1016 3789 eam
1049 3715 1245 3785 cmethones
1273 3714 1309 3783 in
1336 3714 1499 3782 horreum
1526 3732 1547 3781 a
1574 3708 1715 3781 custode

165 3835 347 3906 locandum
375 3841 411 3906 et
437 3837 535 3907 valor
562 3837 637 3907 eius
664 3837 868 3908 aestimatur
895 3837 939 3907 ad
962 3842 1035 3906 tres
1053 3855 1196 3906 marcas.
1223 3835 1309 3905 Item
1328 3832 1495 3904 tabernae
1512 3833 1562 3903 ibi
1581 3831 1716 3922 aliquae

164 3977 233 4028 non
261 3963 360 4046 sunt,
387 3958 607 4029 hortulaniae
626 3979 695 4029 non
714 3964 804 4048 sunt,
823 3959 906 4028 item
924 3957 1104 4047 praedium
1122 3956 1256 4047 regium
1275 3977 1343 4026 non
1362 3955 1468 4025 estin
1486 3953 1607 4025 eadem
1625 3953 1716 4024 villa.

267 4078 569 4169 Summanum,
596 4080 680 4150 villa
707 4081 770 4151 sub
798 4080 964 4179 parochia
990 4079 1154 4151 ecclesiae
1182 4078 1224 4149 de
1243 4076 1518 4150 Obrzaszow
1546 4076 1623 4165 sita,
1641 4074 1715 4146 Deo

163 4204 199 4270 et
225 4199 390 4271 ecclesiae
416 4200 539 4272 beatae
566 4200 699 4272 Mariae
727 4200 1016 4273 Sandomiriensis
1044 4202 1087 4272 ab
1116 4200 1268 4291 antiquis
1286 4199 1427 4289 regibus
1446 4202 1482 4268 et
1499 4196 1715 4287 principibus

163 4320 329 4393 Poloniae
365 4318 496 4412 dicata,
528 4330 564 4393 et
599 4344 620 4393 a
656 4324 863 4395 sanctuariis
900 4328 1025 4395 vocata
1058 4321 1413 4413 Swyanthniky,
1441 4319 1597 4390 resident
1623 4318 1713 4389 onim

164 4445 363 4517 cmethones
399 4446 443 4515 ab
480 4446 638 4517 omnibus
674 4446 850 4536 censibus,
878 4445 1074 4535 laboribus,
1100 4444 1242 4515 tributis
1270 4449 1305 4513 et
1332 4442 1439 4513 daciis
1467 4438 1652 4511 ordinariis
1679 4445 1716 4509 et

147 4566 449 4639 ,extraordinariis
476 4567 596 4657 hberi,
624 4569 683 4658 qui
709 4575 811 4638 nocte
838 4573 875 4642 et
901 4566 957 4638 die
983 4588 1046 4656 per
1073 4567 1166 4637 vicos
1194 4585 1273 4636 suas
1301 4565 1336 4635 in
1363 4562 1509 4634 ecclesia
1535 4560 1714 4633 Sandomi-

162 4688 270 4761 riensi
296 4688 341 4760 ad
369 4689 484 4759 omnia
512 4688 625 4759 officia
651 4696 822 4761 nocturna
848 4693 884 4760 et
910 4690 1036 4760 diurna
1063 4687 1263 4760 excubando
1292 4685 1501 4774 deserviunt,
1529 4681 1714 4789 subliuris-

163 4811 314 4883 dictione
341 4816 456 4881 tamen
484 4816 519 4881 et
545 4812 654 4882 tutela
682 4811 834 4882 custodis
862 4810 1150 4882 Sandomiriensis
1178 4808 1387 4897 consistunt,
1414 4806 1469 4877 oui
1495 4807 1531 4876 iu
1560 4803 1715 4897 quolibet

164 4933 315 5025 quartali
351 4933 451 5023 anni,
485 4955 591 5004 unum
625 4932 777 5003 modium
814 4953 961 5022 avenae,
989 4933 1075 5003 alias
1111 4931 1291 5002 duodecim
1328 4930 1469 5017 choros,
1495 4927 1580 4997 item
1606 4947 1713 4997 unum

164 5054 300 5128 octuale
335 5054 502 5135 cervisiae
533 5053 688 5124 universi
715 5054 873 5143 solvunt3
900 5053 1080 5145 profesto
1116 5073 1199 5124 uero
1226 5051 1376 5142 paschae
1411 5048 1538 5137 singuli
1565 5047 1712 5138 triginta

46 5248 50 5254 ,
163 5190 236 5275 ova
244 5170 490 5248 contribuunt.
516 5173 605 5244 Item
633 5193 702 5245 uua
728 5174 875 5244 taberna
890 5172 1128 5247 ‘vicecustodis
1155 5173 1287 5245 habeus
1314 5184 1425 5265 agros,
1442 5170 1590 5275 solvens
1617 5168 1708 5247 vioe·

164 5296 299 5379 custodi
327 5296 503 5370 annuatim
530 5316 634 5370 unam
661 5314 820 5368 marcam.
1617 5286 1621 5291 ’
1781 5295 1785 5300 ’
