4050 6054
297 465 375 536 472

1257 566 1304 635 ,ᾗ

299 671 344 742 ad
370 671 457 742 duas
484 688 637 760 marcas;
663 666 841 761 perceptio
870 674 986 742 tamen
1012 669 1098 742 eius·
1115 666 1369 743 diversificatur
1395 667 1578 743 alternatis
1600 668 1747 761 vicibus,
1773 688 1856 740 nam

299 813 367 862 uno
395 812 485 863 anno
512 792 662 881 percipit
687 791 782 863 illam
800 792 1001 881 praebenda
1017 791 1253 883 Kyelcziensis
1271 812 1436 881 praesens
1454 791 1724 883 Pprzsnyczska,
1742 791 1855 863 altero

298 934 380 984 vero
408 934 499 983 anno
525 913 674 1002 percipit
699 894 794 983 illam
821 913 979 984 custodia
1003 912 1250 1004 Kyelcziensis.
1276 914 1363 983 Item
1390 933 1459 984 non
1478 914 1613 985 suntin
1634 913 1754 984 eadem
1772 910 1857 983 villa

297 1035 475 1124 tabernae,
502 1055 613 1123 neque
641 1033 868 1122 hortulaniae,
896 1054 1006 1123 neque
1033 1034 1224 1123 praedium.

402 1156 797 1242 Sunnzrwouowrczn‚
826 1155 917 1244 villa,
943 1154 1075 1233 habens
1103 1156 1203 1225 inse
1230 1155 1410 1226 ecclesiam
1439 1155 1672 1246 parochialem
1702 1175 1744 1225 ex
1771 1154 1851 1225 albo
1899 1206 1902 1213 .

297 1276 412 1366 lapide
439 1280 626 1364 muratam,
654 1277 751 1345 cuins
778 1276 901 1345 haeres
927 1274 1054 1346 Petrus
1081 1273 1330 1367 Obnlyecz,
1356 1277 1484 1348 nobilis
1511 1276 1554 1347 de
1581 1278 1688 1347 armis
1715 1275 1851 1347 Odru-

299 1396 480 1468 wansch
508 1396 544 1465 in
571 1396 684 1465 medio
710 1402 810 1484 parte
837 1396 957 1484 villae,
986 1397 1021 1465 iu
1050 1417 1118 1486 qua
1143 1404 1225 1466 sunt
1252 1397 1400 1467 sedecim
1427 1397 1519 1468 lanei
1548 1396 1791 1486 cmethonales,
1811 1397 1855 1467 de

299 1519 423 1606 quibus
455 1517 601 1587 solvitur
637 1516 770 1587 decima
796 1516 1020 1606 manipularis
1047 1523 1084 1586 91
1110 1537 1173 1605 per
1201 1524 1350 1606 quatuor
1378 1519 1515 1607 ierugas
1544 1517 1720 1608 canapalis
1747 1536 1853 1607 prae*

296 1637 430 1709 bendae
456 1637 652 1727 Kyelciensi
678 1636 947 1728 Pyrzsnyczska,
975 1643 1011 1706 et
1037 1637 1169 1708 ducunt
1195 1658 1271 1708 enm
1299 1639 1499 1710 cmethcnes
1519 1639 1670 1728 propriis
1690 1639 1852 1711 curribus

297 1760 333 1828 in
359 1758 523 1828 horreum
551 1779 571 1827 a
598 1758 761 1827 canonico
788 1757 979 1847 locandum,
1006 1764 1043 1828 91
1070 1759 1167 1829 valor
1194 1759 1269 1828 eius
1297 1760 1503 1845 aestimatur
1529 1760 1573 1829 ad
1601 1766 1680 1830 octo
1706 1776 1852 1848 marcas,

220 1904 224 1909 ·
298 1879 482 1969 aliquando
519 1878 564 1948 ad
591 1878 728 1967 decem;
755 1878 791 1948 in
818 1879 930 1948 altera
955 1899 1039 1949 vero
1066 1878 1252 1949 medietate
1278 1878 1382 1950 villae
1409 1879 1574 1950 Nicolans
1602 1880 1854 1970 Ghyczsky‚

299 2000 424 2070 nobilis
451 1999 494 2069 de
521 1999 627 2068 armis
655 1997 762 2068 Grif
770 1997 786 2068 f
793 2021 931 2069 onum.
958 1999 1141 2088 Pcrceptio
1169 2006 1286 2069 tamen
1304 2001 1378 2069 eius
1397 1999 1652 2071 diversificatur
1670 2000 1855 2072 alternatis

299 2120 450 2208 vicibns3
477 2140 556 2189 nam
584 2142 652 2190 uno
680 2140 770 2190 anno
798 2119 947 2208 percipit
974 2119 1067 2188 illam
1095 2119 1293 2207 praebenda
1320 2120 1555 2210 Kyelcziensis
1582 2121 1855 2212 Pyrzsnyczska,

298 2242 408 2311 altero
445 2262 528 2312 vero
564 2261 654 2310 anno
681 2240 831 2329 percipit
857 2240 952 2309 illam
978 2239 1137 2310 custodia
1162 2239 1408 2330 Kyelcziensis.
1443 2242 1485 2311 19
1511 2242 1631 2312 eadem
1658 2242 1741 2313 villa
1766 2248 1852 2314 suut

300 2370 373 2432 tres
400 2364 578 2450 tabernae,
605 2361 692 2431 duae
720 2360 908 2430 haeredum
935 2366 970 2430 91
995 2362 1101 2430 tertia
1127 2362 1275 2450 plebani,
1303 2362 1363 2432 sed
1386 2384 1455 2432 non
1474 2363 1604 2434 habent
1622 2384 1746 2453 agros3
1768 2364 1855 2435 item

300 2485 335 2553 in
371 2482 490 2552 eadem
526 2482 609 2578 villa
643 2502 713 2552 non
746 2488 828 2551 sunt
855 2481 1092 2570 hortulaniae3
1119 2483 1200 2552 item
1229 2489 1310 2552 sunt
1337 2484 1385 2555 ibi
1413 2484 1480 2554 duo
1508 2485 1652 2574 praedia
1678 2484 1853 2574 militarie,

300 2603 343 2673 de
380 2625 526 2693 quorum
562 2603 656 2692 agris
693 2603 840 2673 solvitur
870 2603 1003 2673 decima
1031 2604 1254 2692 manipularis
1281 2605 1448 2675 ecclesiae
1475 2605 1510 2674 in
1537 2605 1854 2696 Szadziwoyo-

301 2744 460 2814 wycze.

402 2845 597 2934 Knrszmv,
624 2846 707 2916 villa
733 2847 797 2917 sub
823 2847 990 2936 parochia
1017 2847 1182 2917 ecclesiae
1209 2847 1252 2917 de
1279 2846 1405 2938 Kyie,
1433 2849 1529 2918 cuins
1555 2847 1723 2919 haeredes
1740 2848 1803 2919 Da
1811 2870 1852 2940 y·

300 2967 498 3057 wyszins
525 2966 568 3036 de
595 2968 700 3038 armis
727 2965 1031 3058 Gelithorum
1058 2967 1236 3039 Johannes
1263 2968 1530 3059 Mnyowsky
1556 2969 1599 3040 de
1618 2971 1724 3041 armis
1741 2968 1853 3060 Nye-

301 3108 459 3179 czuya,
485 3086 663 3158 Johannes
690 3083 806 3179 Goly
834 3066 879 3159 de
903 3089 1009 3158 armis
1037 3088 1281 3180 Nyeczuya
1308 3096 1345 3160 et
1370 3089 1516 3176 Pelka
1541 3091 1645 3161 ctiam
1674 3090 1716 3160 de
1743 3090 1851 3161 armis

239 3242 244 3250 ·
300 3208 560 3300 Nyeczuya‚
587 3209 623 3278 in
659 3230 728 3298 qua
762 3216 844 3280 sunt
877 3231 967 3280 nnus
1003 3231 1080 3280 cum
1115 3210 1227 3281 medio
1255 3211 1345 3281 lanei
1372 3210 1624 3300 cmcthonaleS‚
1651 3196 1849 3301 dequibus

297 3330 445 3402 solvitur
480 3330 611 3400 decima
645 3331 869 3420 manipularis
905 3336 941 3402 ct
976 3351 1039 3420 per
1074 3339 1222 3420 quatuor
1253 3333 1390 3421 ierugas
1422 3332 1596 3433 canapalis
1622 3332 1843 3422 praebendae

299 3452 515 3542 Kyelcziensi
543 3451 810 3542 Pyrzsnyczska,
838 3459 874 3522 et
901 3452 1032 3523 ducunt
1058 3473 1133 3522 eam
1160 3454 1357 3523 cmethcnes
1385 3454 1420 3524 in
1447 3454 1611 3524 horreum
1638 3474 1660 3524 a
1685 3454 1867 3525 canonico·

297 3573 496 3662 locandum,
524 3573 621 3643 cuius
659 3572 757 3645 valor
792 3573 837 3644 ad
873 3594 975 3644 unam
1002 3595 1151 3644 marcam
1179 3575 1402 3663 aestimatur3
1429 3577 1605 3665 perceptio
1632 3579 1748 3646 tamen
1774 3575 1852 3646 eius

298 3694 550 3766 diversificatur
578 3695 760 3765 alternatis
787 3695 938 3784 vicibus,
965 3715 1043 3765 uam
1070 3716 1139 3765 uno
1158 3716 1248 3767 anno
1266 3696 1414 3786 percipit
1432 3716 1508 3767 eam
1525 3696 1723 3785 praebenda
1740 3695 1849 3787 Pyrn-

300 3817 477 3906 snyczska‚
505 3816 616 3886 altero
643 3835 726 3886 vero
745 3836 835 3887 anuo
854 3817 1002 3905 percipit
1019 3817 1113 3886 illam
1132 3817 1288 3887 custodia
1305 3816 1549 3906 Kyelcziensis.
1568 3817 1654 3887 Item
1674 3818 1710 3887 in
1728 3817 1850 3889 eadem

300 3936 382 4007 villa
409 3958 477 4007 non
504 3940 586 4006 surrt
613 3936 797 4025 tabernao;
825 3936 908 4007 item
935 3937 1154 4007 hortulauiae
1181 3957 1251 4027 sex,
1280 3957 1398 4007 omnes
1426 3936 1564 4008 solvunt
1583 3937 1617 4007 in
1633 3935 1851 4032 ponitbwum,

301 4058 385 4126 item
411 4062 492 4126 sunt
519 4056 567 4126 ibi
596 4063 745 4146 quatuor
771 4056 916 4146 praedia
941 4057 1116 4147 militaria,
1144 4078 1232 4147 quae
1260 4057 1398 4128 solvunt
1416 4057 1583 4128 decimam
1601 4059 1852 4149 manipularem

301 4177 466 4247 ccclesiae
493 4177 683 4267 parochiali
710 4177 746 4247 in
772 4176 898 4267 Kyie.

405 4297 633 4387 Snoruuow,
660 4298 744 4369 villa
778 4300 842 4369 sub
877 4298 1043 4389 parochia
1078 4298 1121 4368 de
1157 4297 1614 4391 S'zadzywoyowicze
1642 4299 1726 4390 sita,
1753 4300 1852 4373 cuins

300 4421 425 4491 haeres
451 4420 668 4511 Zegotha,
686 4420 811 4491 nobilis
829 4419 872 4490 de
890 4421 996 4491 amnis
1014 4420 1331 4510 Bippennium,
1350 4421 1386 4490 in
1404 4441 1472 4511 qua
1489 4427 1570 4491 sunt
1589 4422 1739 4512 quinque
1757 4421 1850 4493 lanei

300 4540 550 4630 cmetbonuleS‚
577 4540 620 4610 de
647 4541 771 4630 quibus
797 4540 945 4611 solvitur
971 4541 1104 4612 decima
1133 4540 1358 4633 manipularis
1385 4541 1602 4630 praebendae
1628 4541 1850 4632 Kyelcziensi

300 4662 569 4754 Pyrzsnyczska,
596 4666 633 4732 91
660 4661 788 4732 ducunt
816 4682 891 4732 earn
910 4663 1108 4733 cmethoncs
1126 4662 1278 4751 propriis
1297 4662 1455 4733 curribus
1474 4663 1510 4733 in
1527 4664 1689 4734 horreum
1708 4684 1730 4734 a
1747 4682 1852 4735 cano-
1913 4666 1917 4673 “

301 4784 379 4854 9199
407 4782 599 4872 locandum,
626 4788 662 4852 et
689 4782 787 4854 valor
812 4783 887 4853 eius
914 4784 1121 4854 aestimatur
1146 4782 1190 4852 ad
1218 4805 1322 4853 unam
1348 4804 1508 4854 marcam.
1534 4783 1716 4876 Pcrceptio
1734 4790 1851 4856 tamen
1939 4876 1952 4887 ι

300 4905 375 4976 9199
402 4904 656 4976 diversificatur
682 4903 865 4975 alternatis
891 4904 1034 4994 vicibus,
1061 4926 1140 4975 nam
1168 4926 1237 4975 uno
1264 4924 1354 4974 anno
1372 4905 1522 4994 percipit
1538 4904 1634 4976 illam
1651 4905 1852 4996 praebenda

300 5024 546 5117 Kyelcziensis,
573 5025 684 5096 altero
720 5046 804 5097 vero
839 5025 989 5117 percipit
1015 5046 1091 5096 eam
1118 5025 1276 5096 custodia
1300 5024 1545 5116 Kyelcziensis.
1579 5024 1667 5096 Item
1693 5032 1775 5099 sunt
1801 5026 1851 5099 ibi

300 5148 447 5218 taberna
473 5169 552 5238 nna,
580 5147 800 5218 hortulaniae
827 5146 925 5237 duae,
953 5147 1068 5218 omnia
1094 5147 1225 5217 habent
1251 5167 1365 5236 agros,
1393 5151 1430 5217 91
1457 5146 1500 5217 de
1526 5147 1684 5218 omnibus
1701 5147 1852 5220 solvitur

301 5268 433 5339 decima
468 5269 503 5338 in
528 5267 757 5363 prusiliacum,-
785 5269 867 5339 item
894 5273 948 5337 est
973 5268 1022 5339 ibi
1048 5267 1187 5339 unicum
1214 5267 1394 5358 praedium
1421 5267 1590 5357 militare,
1616 5268 1659 5339 de
1687 5288 1756 5359 quo
1781 5268 1853 5341 sol·

301 5389 394 5460 vitm
421 5389 554 5460 decima
581 5390 616 5459 in
643 5388 1108 5481 Szadzywoyowicze.
