4050 6054
1698 461 1786 546 258,

227 669 413 745 collatione
437 667 583 759 hebeat,
608 670 647 769 et
669 666 849 739 vacatione
875 665 949 739 eins
975 671 1194 755 occurrente,
1221 665 1307 739 duos
1333 666 1428 739 viros
1454 685 1562 741 exse
1588 666 1775 759 eligendos,

228 789 384 885 praefato
420 784 573 862 Johanni
608 782 893 880 Granowslry
928 793 964 858 et
991 787 1246 860 successoribus
1281 787 1353 858 suis
1380 794 1592 879 praesentet,
1628 810 1773 880 quornm

228 932 336 987 unum
375 910 506 1002 eligere
545 908 740 997 tenebitur,
780 907 915 999 locique
941 907 1125 979 'ordinario
1165 882 1392 998 praesentare,
1428 908 1473 980 ad
1507 908 1776 1000 instituendum

231 1032 292 1127 qni
315 1030 500 1105 institutus
535 1030 565 1102 si
592 1029 707 1120 aliquo
742 1034 845 1119 pacto
871 1028 1021 1100 vicariam
1058 1028 1221 1100 ecclesiae
1248 1026 1486 1102 cracoviensis
1521 1049 1598 1103 esse
1623 1029 1776 1121 desierit,

230 1154 342 1227 altare
373 1146 569 1243 mamm
603 1169 644 1220 eo
671 1150 747 1239 ipso
781 1146 874 1220 iacto
900 1148 1097 1220 censebitur
1131 1168 1269 1238 vacare,
1304 1148 1493 1241 vicariique
1529 1148 1775 1223 Oracovienses

229 1272 332 1357 modo
360 1270 582 1362 praescripto
618 1268 663 1338 ad
687 1268 773 1340 illud
801 1267 886 1339 duas
913 1288 1080 1358 personas
1115 1288 1158 1341 ex
1195 1288 1231 1340 se
1258 1268 1401 1360 eligent,
1436 1275 1583 1360 patrono
1618 1268 1776 1362 praefato

230 1389 515 1485 praemonens,
543 1407 689 1479 quornm
715 1409 804 1461 unus
821 1392 1019 1478 acceptatns
1045 1388 1186 1461 debebit
1211 1388 1377 1460 investiri.
1416 1388 1601 1464 Ordinavit
1625 1390 1776 1483 insuper,

231 1504 428 1586 adsensum
443 1507 638 1600 praefatum
656 1507 834 1580 duodecim
851 1529 1045 1580 marcarum
1064 1508 1224 1581 altarista
1240 1529 1283 1599 ex
1300 1509 1439 1581 vicariis
1457 1510 1648 1601 eligendus,
1675 1532 1777 1602 prae·

233 1631 421 1707 tentandus
447 1636 484 1703 et
502 1628 739 1703 investiendus
765 1634 803 1702 et
822 1630 1030 1701 universitas
1056 1627 1263 1703 vicariorum
1289 1631 1381 1702 iuste
1406 1648 1471 1721 per
1486 1630 1654 1722 medium,
1679 1639 1787 1707 etex·

229 1772 340 1847 aequo
364 1752 460 1825 inter
486 1770 524 1823 se
542 1751 641 1823 annis
668 1750 812 1840 singulis
831 1750 999 1840 dindant,
1025 1751 1076 1821 ita
1094 1749 1186 1840 quod
1204 1750 1384 1823 altaristae
1401 1751 1526 1823 cedant
1551 1770 1612 1825 sex
1629 1737 1777 1845 marcac,

230 1873 453 1947 universitati
469 1892 552 1945 vero
575 1871 782 1943 vicariorum
805 1870 893 1941 aliae
912 1890 971 1941 sex
991 1890 1143 1961 mercae,
1171 1876 1208 1942 et
1225 1870 1318 1962 quod
1339 1871 1499 1944 altarista
1521 1873 1667 1963 quilibet
1684 1875 1778 1947 circa

233 1996 342 2069 altare
367 1992 563 2087 praefatum
581 1992 726 2083 singulis
744 1990 970 2063 hebdomadis
987 1992 1214 2080 tremissas,
1241 2012 1344 2063 uuam
1361 1992 1524 2064 videlicet
1541 2014 1605 2083 pro
1624 1992 1789 2085 peccatis·

230 2116 318 2189 levia
343 2118 485 2208 quarte,
520 2113 607 2186 duas
633 2134 717 2186 vero
752 2133 815 2203 pro
828 2110 1011 2217 'defunctis
1042 2111 1137 2183 leriis
1163 2111 1314 2184 secunda
1344 2118 1382 2183 et
1405 2106 1529 2205 ecum,
1556 2115 1623 2185 nisi
1649 2114 1777 2189 festum

233 2236 373 2310 solenne
409 2243 472 2328 eut
497 2238 620 2306 octava
646 2233 797 2306 solennis
831 2233 1033 2324 impediret3
1069 2234 1255 2323 inquibus
1290 2233 1412 2306 diebus
1450 2234 1573 2307 missas
1601 2236 1687 2307 alias
1713 2250 1790 2326 pro-

232 2356 416 2431 devotione
440 2374 506 2429 sua
530 2355 647 2446 legere
673 2355 816 2444 poterit,
842 2351 999 2426 faciendo
1034 2354 1069 2424 in
1097 2354 1148 2426 eis
1173 2352 1393 2426 fundatorum
1421 2355 1620 2427 memoriam
1648 2355 1778 2448 specia-

231 2481 307 2551 lem.
351 2476 571 2551 Univeraitcs
598 2481 712 2546 eutem
739 2476 946 2548 vicariorum
973 2480 1009 2547 et
1034 2474 1210 2565 praelatus
1244 2475 1403 2546 altarista
1436 2476 1649 2549 tenebuntur
1674 2498 1778 2569 cgere

188 2626 199 2635 ·
233 2599 506 2672 anniversarium
531 2595 707 2687 praefatae
734 2596 917 2668 Elizabeth
945 2594 1226 2669 Granovska
1252 2601 1288 2667 et
1305 2615 1445 2668 suorum
1470 2598 1776 2687 praedecessorum

234 2726 270 2793 et
294 2738 544 2807 successorum,
570 2718 605 2788 in
624 2717 680 2789 die
707 2718 821 2789 obitus
847 2718 914 2806 sui,
941 2719 1029 2789 etin
1049 2716 1260 2808 quibuslibet
1286 2722 1436 2808 quatuor
1461 2719 1690 2810 temporibus,
1715 2739 1779 2810 per

235 2840 370 2933 vigilias
387 2858 509 2911 novem
527 2838 713 2911 lectionum
730 2837 786 2909 die
804 2838 1038 2929 praecedenti,
1065 2843 1100 2910 et
1116 2839 1256 2910 missam
1280 2837 1518 2911 defunctorum
1543 2858 1627 2911 voce
1653 2859 1780 2911 sonora

235 2962 291 3037 die
317 2960 561 3050 subsequenti3
589 2958 734 3031 divisuri
759 2959 853 3030 inter
883 2966 1083 3050 praesentes
1109 2959 1145 3030 in
1176 2959 1232 3029 die
1264 2960 1500 3033 anniversario
1527 2960 1614 3033 duas
1644 2980 1779 3033 marcas

233 3088 270 3157 et
292 3083 331 3157 in
357 3080 502 3173 singulis
521 3083 670 3171 quatuor
686 3080 900 3170 temporibus
927 3100 990 3170 per
1007 3100 1110 3152 unam
1136 3099 1297 3170 marcam;
1325 3086 1361 3151 et
1387 3081 1431 3152 de
1457 3082 1522 3152 hac
1540 3081 1718 3155 dotatione
1745 3087 1781 3154 et

233 3202 450 3279 ordinatione
483 3201 632 3273 habetur
658 3201 877 3292 privilegium
904 3201 1054 3291 speciale
1084 3199 1233 3291 praelati
1259 3199 1405 3273 Joannis
1432 3199 1717 3296 Granovvsky
1743 3204 1779 3275 in

233 3316 378 3399 ecclesia
402 3320 623 3396 (iracovmnsi
649 3326 686 3393 et
711 3322 775 3394 snb
803 3322 1010 3393 vicariorum
1036 3326 1210 3410 potestate
1237 3341 1267 3391 a
1292 3320 1334 3391 D.
1366 3322 1473 3393 1426.
1500 3321 1701 3396 conlectum.

234 3566 379 3650 Altava
409 3566 552 3650 l'rlum
586 3567 742 3672 Rapum
776 3588 914 3667 unum,
947 3567 1045 3645 ltem
1071 3566 1376 3646 Purificatlonla
1407 3564 1590 3648 Sanctae
1619 3563 1780 3648 blaciae

760 3704 942 3808 llqulnla
973 3703 1107 3784 altare
1139 3701 1262 3783 allud.

337 3928 477 4002 Altaria
511 3927 580 3999 dno
612 3926 647 3998 in
674 3926 821 3999 ecclesia
854 3923 1093 4013 Gracoviensi‚
1119 3921 1280 3996 videlicet
1305 3921 1561 3996 Purificationis
1588 3924 1621 3998 S.
1647 3925 1783 4000 Mariae

236 4056 272 4123 et
298 4048 418 4123 Trium
443 4048 577 4139 Regum
613 4047 743 4119 habent
769 4045 952 4137 specialem
978 4044 1145 4135 capellam
1172 4044 1208 4115 in
1234 4044 1361 4136 angulo
1388 4043 1432 4116 ad
1458 4052 1594 4135 partem
1620 4048 1783 4121 meridio-

235 4170 349 4243 nalem
384 4169 505 4259 sitam,
531 4189 596 4260 per
621 4166 887 4240 Zavissium
913 4167 1112 4258 episcopum
1138 4169 1328 4255 muratam3
1353 4164 1517 4240 fundator
1542 4173 1657 4241 autem
1683 4190 1783 4260 prae-

236 4292 407 4365 dictorum
442 4289 604 4363 altarium
631 4294 709 4362 erat
735 4287 899 4361 Nicolaus
926 4287 969 4358 de
996 4287 1258 4376 Michalow,
1285 4287 1494 4361 castellanus
1520 4294 1557 4362 et
1582 4288 1783 4380 capitaneus

218 4400 485 4503 ’fficcoviensiq
511 4408 639 4481 nobilis
664 4406 827 4481 dedomo
854 4408 1033 4480 Rossae
1059 4413 1095 4480 et
1113 4408 1266 4480 eiusdem
1284 4408 1500 4481 Zaviszii
1526 4409 1688 4500 episcopi,
1705 4430 1784 4500 ger-

236 4534 359 4605 imus
383 4552 501 4622 nepos.
528 4518 701 4601 Fu‘ndatio
729 4535 844 4601 antem
871 4529 1032 4601 altarium
1060 4528 1295 4619 praelatorum
1321 4530 1542 4623 privilegiata
1568 4535 1604 4601 et
1621 4528 1713 4602 iacta
1730 4534 1801 4608 est

237 4672 301 4745 per
326 4648 514 4742 Sbigneum
538 4651 737 4741 episcopum
764 4649 1026 4722 Cracoviensem
1054 4670 1083 4719 a
1108 4649 1151 4721 D.
1183 4651 1300 4738 1436.;
1328 4670 1371 4722 ex
1388 4649 1570 4741 privilegio
1588 4654 1703 4722 autem
1720 4650 1785 4723 bu·
1853 4716 1859 4729 .

236 4770 385 4845 insmodi
419 4772 507 4844 satis
541 4776 699 4842 constare
734 4774 867 4860 potest,
894 4769 986 4860 qnod
1021 4769 1131 4841 altare
1156 4769 1410 4843 Purificationis
1436 4767 1631 4862 praelatum
1656 4768 1785 4843 dudum

235 4890 311 4983 fuit,
337 4897 375 4965 et
400 4898 456 4964 est
481 4890 671 4980 undamn,
696 4888 759 4963 sed
785 4909 853 4980 qno
879 4896 1036 4981 tempore
1062 4895 1098 4961 et
1123 4910 1316 4982 perquem,
1343 4909 1465 4981 parurn
1482 4895 1638 4977 constat3
1664 4890 1787 4963 habuit

237 4990 354 5087 avitam
379 5032 445 5105 pro
470 5012 615 5103 antiqua
639 5010 720 5083 dote
746 5009 882 5081 unicam
909 5011 1077 5082 decimam
1103 5011 1351 5103 manipularem
1367 5008 1405 5081 in
1421 5008 1733 5100 Krolovvycze.

341 5132 622 5222 hunencus,
649 5131 733 5203 villa
766 5130 831 5202 sub
866 5131 1032 5221 parochia
1058 5131 1223 5203 ecclesiae
1249 5131 1292 5201 de
1318 5130 1516 5202 Besscze
1544 5129 1628 5221 sita,
1655 5131 1786 5221 inqua

237 5253 307 5328 duo
333 5254 462 5327 milites
487 5251 651 5325 videlicet
674 5250 852 5325 lohannes
877 5251 1188 5344 Krolyovsky
1214 5250 1258 5321 de
1283 5250 1389 5321 armis
1416 5250 1785 5341 Streparum,ha-

237 5376 328 5457 bene
352 5378 432 5451 octo
453 5354 597 5469 laneos,
624 5378 660 5449 et
684 5370 865 5464 praedium
891 5370 1026 5473 cumae,
1053 5370 1140 5456 duas
1165 5369 1381 5461 houuanm
1407 5377 1445 5454 et
1469 5391 1573 5459 unum
1598 5372 1787 5479 onnon,
