4050 6054
1690 457 1761 551 raa

85 642 89 652 ’
210 639 397 731 nocturnos
424 665 460 730 et
486 665 625 731 caetera
639 659 751 731 officia
768 659 906 750 supplet
923 660 959 729 in
978 660 1122 731 ecclesia
1135 658 1366 749 cracoviensi,
1384 681 1453 731 nou
1472 661 1644 750 obstante,
1671 663 1763 754 quod

210 780 304 857 solus
331 781 515 852 canonicus
542 802 611 852 non
638 781 685 852 sit
711 781 851 853 dotatus
879 802 941 852 nec
960 781 1235 871 praebendatus;
1261 780 1439 872 praefatae
1459 802 1595 882 qnoque
1614 784 1762 857 vicariae

100 890 107 897 ’
210 901 394 973 canonicus
422 923 485 992 pro
513 908 669 992 tempore
696 907 750 973 est
776 903 897 973 unicus
925 902 1072 973 collator
1098 908 1135 973 et
1161 908 1337 992 patronus.

314 1023 401 1093 Item
429 1022 627 1112 praebenda
653 1022 809 1113 praefata
835 1029 979 1114 propter
1007 1023 1060 1094 sui
1078 1022 1348 1094 exinanitionem
1375 1028 1412 1095 et
1438 1024 1585 1113 spolium
1612 1003 1767 1133 nonen

208 1150 344 1232 taxata,
381 1144 473 1215 unde
499 1164 563 1215 nec
591 1144 695 1215 solvit
722 1145 855 1235 aliquas
883 1145 1158 1216 contributiones
1193 1165 1257 1234 pro
1283 1143 1432 1233 fabrica,
1460 1150 1522 1217 aut
1548 1155 1786 1238 quacumque

209 1264 278 1334 alia
304 1265 511 1336 necessitate
538 1265 763 1354 imponendas
789 1265 844 1336 vel
873 1265 1063 1356 impositas,
1090 1264 1244 1356 gaudens
1272 1265 1468 1338 omnimoda
1493 1265 1666 1338 libertate.

282 1612 526 1695 Praebenda
560 1619 605 1696 at
635 1615 912 1694 canonicatus
944 1611 1250 1714 Oracoviensia
1280 1550 1320 1710 in
1339 1554 1487 1694 fchoro
1520 1615 1694 1694 sinistro

684 1754 894 1832 nominata
928 1749 1282 1858 Ohmyelyczska.

311 1990 513 2061 Praebenda
557 1996 592 2060 et
619 1991 840 2061 canonicatus
877 1987 1260 2082 Ghmyelyczska,
1288 2011 1391 2080 quam
1427 2011 1518 2062 nunc
1552 1992 1659 2071 habet
1686 2013 1775 2070 ma-¹

208 2112 319 2202 gister
345 2109 509 2180 Nicolaus
536 2110 579 2181 de
606 2109 886 2200 Mnyschow,
915 2110 1040 2182 nobilis
1068 2110 1111 2182 de
1138 2110 1238 2182 domo
1258 2110 1576 2201 Strzegomya,
1604 2133 1671 2183 non
1699 2114 1761 2184 ha·

211 2233 272 2304 bet
299 2252 361 2321 pro
390 2231 469 2302 dote
506 2231 655 2322 aliquam
682 2231 800 2301 villam
828 2232 906 2302 sive
926 2230 1099 2321 fundum,
1128 2231 1188 2303 sed
1215 2221 1322 2303 habet
1349 2231 1500 2323 decimas
1510 2254 1516 2298 s
1526 2233 1759 2322 manipulares

211 2352 459 2442 infrascriptos.
504 2352 552 2423 Et
578 2352 689 2442 primo
726 2331 966 2443 principaliter
991 2353 1098 2424 habet
1134 2353 1301 2423 decimam
1328 2353 1579 2443 manipularem
1614 2355 1762 2448 invilla
1856 2437 1859 2444 ¹

209 2473 461 2565 Ghmyelyk
487 2494 596 2563 prope
623 2472 785 2563 oppidum
812 2473 1141 2565 Pyadzyczorr,
1176 2479 1213 2544 et
1243 2473 1292 2544 ibi
1319 2474 1424 2544 etiam
1460 2479 1514 2554 est
1551 2475 1760 2563 parochialis

209 2595 373 2683 ecclesia,
411 2596 506 2665 ouius
533 2596 656 2666 haeres
693 2601 747 2665 est
774 2593 933 2667 Andreas
969 2595 1012 2666 de
1047 2593 1382 2686 Obyesznycza,
1419 2595 1544 2666 nobilis
1580 2595 1623 2666 da
1658 2597 1759 2670 domo

207 2717 419 2787 Dambno.
446 2716 486 2785 In
515 2737 583 2806 qua
609 2721 691 2786 sant
717 2737 839 2787 novem
866 2717 957 2787 lanei
986 2715 1228 2805 cmethonales,
1255 2716 1338 2786 item
1364 2722 1438 2799 tres
1465 2716 1647 2806 tabernae,
1675 2718 1759 2788 item
1848 2786 1854 2791 .

207 2837 295 2908 duae
322 2836 550 2925 homotoniae,
578 2837 745 2908 habentes
772 2857 886 2927 agros,
913 2837 957 2908 de
985 2837 1109 2938 quibus
1129 2836 1287 2909 omnibus
1314 2834 1461 2922 solvitur
1488 2836 1620 2907 decima
1646 2839 1757 2909 mani·
1883 2814 1898 2851 s

206 2957 340 3047 palaris
367 2962 404 3029 et
429 2957 568 3029 ducitur
594 2978 658 3048 per
683 2958 816 3029 incolas
843 2957 995 3049 propriis
1022 2957 1182 3029 curribus
1209 2957 1245 3027 in
1273 2956 1437 3029 horreum
1461 2973 1528 3048 per
1554 2942 1756 3031 canonicum

208 3078 415 3168 eligendum,
450 3084 488 3150 et
514 3079 653 3150 solvunt
678 3078 844 3150 decimam
871 3077 993 3168 canapi
1015 3099 1084 3168 per
1111 3082 1260 3169 quatuor
1286 3077 1465 3150 iuncturas
1492 3081 1528 3149 et
1554 3078 1759 3151 aestimatur

204 3199 303 3270 valor
329 3199 492 3271 decimae·
509 3198 688 3291 praefatae
715 3200 759 3270 ad
786 3200 904 3271 decem
931 3219 1073 3271 marcas.
1100 3197 1167 3270 Est
1184 3199 1289 3270 etiam
1307 3199 1356 3271 ibi
1375 3199 1471 3270 curia
1495 3199 1668 3288 militaria,
1695 3199 1756 3271 ha-

204 3321 290 3391 bens
312 3298 420 3411 agros
446 3319 657 3410 praediales,
693 3320 735 3392 de
773 3321 897 3411 quibus
934 3320 1081 3392 solvitur
1117 3320 1250 3415 decima
1274 3320 1500 3409 manipularis
1535 3320 1682 3409 plebano
1719 3326 1755 3391 et

99 3472 113 3543 ss
205 3440 372 3513 ecclesiae
397 3440 525 3513 ibidem
552 3443 588 3512 iu
616 3440 866 3532 Ohmyelylr
894 3440 1018 3511 honori
1045 3439 1205 3512 Omnium
1233 3439 1440 3511 Sanctorum
1466 3440 1608 3511 dicatae.

307 3562 395 3633 Item
422 3562 529 3635 habet
556 3563 701 3632 alteram
729 3561 895 3631 decimam
921 3561 1171 3651 manipularem
1206 3561 1242 3630 in
1272 3559 1356 3630 villa
1392 3556 1566 3630 Geszen
1603 3561 1667 3631 sub
1695 3581 1756 3650 pa·

205 3683 324 3755 rochia
350 3683 516 3755 eeclesiae
543 3683 586 3754 de
613 3681 883 3772 Ohmyelnilr
918 3682 1004 3770 sita,
1042 3681 1138 3751 cuius
1164 3681 1288 3750 haeres
1319 3679 1497 3769 praefatus
1525 3679 1688 3751 Andreas·
1711 3680 1755 3750 de

206 3803 575 3895 Olyeschnycza,
602 3802 728 3873 nobilis
747 3801 790 3872 de
809 3801 910 3873 domo
935 3801 1143 3883 Dambno.
1170 3800 1211 3869 Iu
1230 3819 1298 3889 qua
1316 3804 1397 3871 sunt
1414 3799 1537 3870 norem
1555 3800 1647 3871 lanei
1666 3821 1756 3872 erne-

205 3925 374 4015 thonales,
401 3926 484 3996 item
510 3944 579 3994 una
605 3923 761 4012 taberna,
787 3922 920 3993 babens
947 3942 1060 4012 agros,
1086 3920 1278 4010 dequibus
1305 3920 1463 3992 omnibus
1491 3919 1638 3992 solvitur
1665 3921 1756 3992 deci-

150 4102 156 4111 ,
204 4066 260 4116 ma
285 4045 510 4136 manipularis
537 4044 756 4134 praebendae
782 4042 960 4133 praefatae
987 4047 1024 4113 et
1040 4063 1104 4132 per
1120 4041 1251 4113 incolas
1269 4041 1421 4131 propriis
1441 4040 1599 4113 curribus
1618 4025 1756 4114 ducitur

204 4168 240 4237 in
266 4167 428 4238 horreum
447 4186 476 4237 -a
503 4166 666 4237 canonico
693 4165 892 4253 locandum,
930 4169 966 4234 et
993 4163 1132 4235 solvunt
1165 4163 1331 4234 decimam
1358 4162 1480 4252 canapi
1515 4157 1756 4254 per'quatnor

203 4288 342 4378 ierugas
368 4292 405 4358 et
431 4287 530 4359 valor
556 4286 709 4358 decimae
728 4287 940 4382 waestimatur
966 4285 1010 4356 ad
1029 4285 1146 4357 decem
1172 4304 1315 4356 marcas.
1341 4283 1420 4355 Non
1438 4289 1492 4356 est
1509 4283 1558 4356 ibi
1576 4284 1755 4374 praedium

204 4409 362 4499 militare,
390 4429 500 4500 neque
527 4408 738 4480 hortulania.
1566 4391 1570 4397 ’

307 4531 560 4619 Laoawuuur,
586 4530 670 4600 villa
688 4530 751 4601 sub
770 4529 934 4620 parochia
952 4527 1116 4600 ecclesiae
1135 4528 1181 4599 de*
1197 4525 1297 4599 Ghm
1306 4549 1329 4617 y
1342 4520 1447 4618 elyk
1466 4526 1543 4614 sita,
1562 4527 1658 4614 cuius
1675 4527 1757 4599 hae·

206 4672 262 4723 res
276 4630 453 4741 praefatus
470 4651 569 4723 miles
584 4650 783 4722 Oleschn
793 4673 816 4742 y
827 4651 975 4742 czsky.
993 4649 1034 4719 Iu
1054 4670 1121 4740 qua
1139 4653 1220 4721 sunt
1237 4649 1388 4739 quinque
1405 4646 1496 4719 lanei
1514 4647 1757 4740 cmatbonales,

204 4772 287 4844 item
314 4793 404 4843 unus
431 4773 607 4862 scultetus,
634 4772 766 4843 habens
792 4792 899 4842 unum
926 4770 1062 4842 laneum
1081 4771 1124 4842 de
1143 4771 1246 4862 agris,
1273 4771 1356 4841 item
1374 4789 1444 4840 una
1462 4769 1607 4840 taberna
1622 4767 1756 4839 habens
1882 4792 1887 4804 ·

203 4913 315 4984 agros,
343 4893 385 4964 de
413 4893 536 4984 quibus
564 4889 723 4965 omuibus
751 4892 899 4964 solvitur
925 4892 1057 4963 decima
1074 4891 1299 4982 manipularis
1326 4889 1543 4980 praebendae
1570 4889 1756 4978 praesenti,

117 5004 122 5011 ’
204 5020 240 5086 et
265 5035 329 5106 per
354 5015 485 5086 incolas
512 5014 663 5104 propriis
691 5014 850 5111 curribus
878 5010 1016 5085 ducitur
1042 5014 1077 5084 in
1104 5014 1268 5084 horreum
1303 5031 1367 5101 per
1395 5010 1596 5082 canonicum
1624 5009 1755 5099 eligen-

129 5134 132 5138 ’
204 5132 357 5226 dumet
383 5136 522 5208 solvunt
549 5135 714 5207 decimam
741 5135 862 5233 canapi
888 5140 1119 5226 perquatuor
1145 5134 1283 5223 ierugas
1302 5137 1339 5203 et
1356 5131 1453 5202 valor
1471 5130 1624 5202 decimae
1650 5130 1756 5201 aesti-
1899 5168 1900 5172 =
1984 5125 1987 5128 ’

203 5263 326 5329 matur
346 5257 390 5327 ad
417 5276 476 5329 sex
502 5276 644 5327 marcas.
671 5255 760 5329 Item
786 5277 855 5328 non
883 5263 938 5328 est
963 5256 1012 5327 ibi
1038 5254 1226 5345 praedium,
1253 5274 1322 5324 uon
1350 5256 1432 5323 sunt
1457 5251 1685 5323 hortulaniae.

219 5402 231 5421 *
308 5377 523 5473 Wsazuczn,
550 5377 633 5453 villa
661 5379 725 5452 sub
752 5378 918 5471 parochia
943 5375 1107 5449 ecclesiae
1135 5373 1178 5449 de
1197 5372 1385 5470 Guopno
1413 5373 1488 5464 sita,
1516 5373 1612 5448 cuius
1630 5373 1755 5448 haeres
