4050 6054
233 410 307 480 140

230 614 409 706 praetatus
435 612 594 699 Andreas
621 611 664 682 de
690 609 1028 710 Olesclrnycza,
1056 609 1164 681 miles.
1196 609 1236 679 ln
1264 630 1332 699 qua
1359 615 1442 680 sunt
1467 614 1546 680 octo
1571 609 1664 690 hnei
1690 629 1784 679 cmc·
1835 660 1838 664 -

231 735 406 821 thonaleS,
442 735 525 803 item
553 737 626 804 tres
652 733 827 820 tabernae,
863 731 1033 802 habentes
1060 751 1181 820 sagma,
1218 730 1261 800 de
1289 729 1414 819 quibus
1440 729 1600 802 omnibus
1635 729 1785 819 solpibrr

232 857 364 927 decima
390 853 614 944 manipularis
646 859 683 924 et
708 873 771 942 per
792 851 927 923 incolas
958 850 1113 941 propriis
1141 852 1299 922 curribus
1336 851 1475 922 ducitur
1509 852 1545 922 iu
1571 851 1734 922 horreum
1761 872 1786 922 a

231 976 394 1048 canonico
423 973 628 1064 eligendum,
655 979 691 1044 et
717 973 857 1049 solvunt
883 972 1050 1042 decimam
1078 972 1200 1062 canapi
1227 975 1293 1060 per
1317 976 1468 1062 quatuor
1494 972 1633 1061 ierugas
1660 978 1695 1041 et
1721 992 1785 1041 va-

231 1098 286 1169 lor
312 1096 465 1166 decimae
500 1095 704 1166 aestimatur
739 1080 784 1164 ad
810 1098 888 1174 octo
916 1113 1058 1164 marcac.
1103 1091 1182 1164 Non
1208 1097 1263 1169 est
1294 1092 1343 1164 ibi
1370 1092 1566 1182 praedium,
1604 1112 1673 1163 non
1701 1099 1787 1164 sunt

233 1216 460 1290 hortulaniae.

335 1337 423 1408 ltem
451 1332 830 1439 praebendapraelata
862 1335 968 1405 habet
995 1333 1158 1404 vicariam
1185 1338 1389 1423 perpetuam
1422 1333 1456 1403 in
1485 1333 1630 1404 ecclesia
1655 1331 1785 1405 Cracc-

235 1459 356 1546 viensi,
384 1458 481 1528 cuius
508 1455 708 1545 praedictus
735 1455 920 1526 canonicus
948 1476 1011 1545 pro
1039 1460 1194 1544 tempore
1213 1459 1267 1524 est
1286 1454 1407 1524 unicus
1434 1453 1578 1525 collator
1604 1458 1641 1524 et
1665 1460 1785 1543 patro-

235 1601 310 1668 nus,
323 1580 440 1672 ,quam
467 1596 558 1647 nunc
583 1581 682 1647 tenet
706 1575 866 1648 Andreas
899 1575 942 1646 de
969 1573 1133 1647 Gorka.
1179 1573 1274 1662 Quae
1301 1574 1439 1664 quidem
1465 1575 1597 1646 uicaria
1630 1594 1694 1664 pro
1721 1597 1786 1646 sua

234 1701 325 1789 dote,
354 1698 569 1789 proprietate
597 1700 633 1766 et
659 1696 761 1768 titulo
788 1696 894 1772 habet
919 1696 1117 1785 habereque
1144 1696 1322 1769 consuevit
1349 1702 1499 1785 quatuor
1517 1715 1651 1765 marcas
1679 1697 1784 1767 annui

235 1841 366 1909 census,
381 1840 480 1918 *quas
506 1817 559 1887 illi
586 1818 770 1888 canonicus
797 1815 974 1907 praefatus
1001 1808 1064 1906 pro
1092 1820 1250 1906 tempore
1277 1815 1411 1894 solvere
1438 1816 1627 1905 obligatur,
1654 1815 1697 1886 de
1725 1815 1785 1886 de-

235 1941 332 2012 cimis
359 1946 395 2011 et
421 1939 647 2029 proventibus
673 1937 891 2028 praebendae
918 1957 1001 2008 suae
1029 1956 1135 2026 supra
1162 1936 1355 2026 descriptis.

256 2109 260 2116 ,
338 2061 424 2131 Item
451 2059 650 2150 praebenda
676 2058 833 2149 praefata
858 2063 979 2135 taxata
1005 2062 1059 2128 est
1094 2057 1192 2129 iuxta
1218 2057 1360 2146 antiqua
1386 2061 1544 2146 regestra
1578 2057 1623 2128 ad
1649 2056 1785 2128 solven-

235 2183 316 2255 dum
342 2180 618 2254 contributiones
645 2183 680 2250 et
706 2179 880 2268 fabricam,
908 2179 953 2250 ad
980 2178 1131 2269 quinque
1158 2197 1301 2249 marcas.
1656 2207 1659 2211 ·

316 2425 561 2507 Praebenda
596 2431 640 2505 st
671 2427 948 2505 canonicatus
980 2422 1282 2505 cracoviensis
1315 2426 1353 2504 in
1386 2366 1725 2504 cnorostntsno

796 2569 947 2642 vocata
982 2561 1238 2643 Gonowska.

340 2785 545 2857 Praebenda
570 2791 609 2856 et
629 2785 855 2872 ,canonicatus
883 2783 945 2857 Go
958 2786 1159 2900 nowska,
1187 2807 1289 2876 quam
1317 2808 1408 2858 nunc
1433 2793 1530 2858 tenet
1548 2786 1788 2860 Bernardinus

240 2909 283 2980 de
311 2906 652 2997 Grocholycze,
678 2906 865 2978 nobilisde
885 2906 985 2977 domo
1013 2906 1363 2997 Szyrokomlya,
1390 2929 1458 2980 non
1485 2908 1592 2979 habet
1616 2928 1680 2996 pro
1707 2907 1789 2980 dote

238 3051 305 3103 sua
331 3028 481 3117 aliquam
508 3026 624 3097 villam
651 3027 707 3098 vel
733 3025 884 3116 bandum,
912 3027 974 3098 sed
1001 3028 1106 3099 habet
1130 3027 1283 3098 ⁷decimas
1305 3028 1538 3118 manipulares
1553 3034 1601 3108 ,et
1626 3029 1790 3118 pecunia·

239 3152 291 3222 les
318 3147 569 3238 infrascriptos.
613 3147 662 3218 Et
688 3148 800 3237 primo
827 3168 868 3218 ac
894 3148 1133 3238 principaliter
1159 3148 1266 3220 habet
1292 3148 1460 3221 decimam
1478 3149 1725 3239 manipularem
1752 3150 1789 3221 in

103 3305 106 3314 ·
194 3358 195 3362 Ἴ
240 3269 417 3356 Gonow,
453 3268 536 3339 villa
560 3268 697 3341 abbatis
724 3274 761 3369 et
786 3269 988 3340 monasterii
1015 3269 1058 3340 de
1084 3268 1240 3360 Antiqua
1267 3269 1493 3358 Brzeslro,
1528 3259 1803 3367 ordinia'prsc·⁸

239 3390 513 3479 monstratcnsiS,
542 3389 606 3460 sub
625 3390 791 3480 parochia
808 3389 973 3461 ecclesiae
991 3389 1034 3460 de
1053 3389 1377 3478 Scarbimiria,
1405 3411 1426 3461 a
1453 3389 1791 3495 qua·G0nowslra
1856 3406 1862 3413 ·

238 3513 417 3585 consuevit
443 3510 622 3602 appellari.
649 3511 690 3581 ln
718 3531 786 3600 qua
806 3515 894 3582 ¹sunt
920 3510 1173 3601 decemseptem
1199 3511 1291 3582 lanei
1318 3512 1564 3600 cmethonalas,
1590 3512 1673 3584 item
1700 3512 1791 3583 scul-

237 3639 331 3707 tetus
357 3634 488 3705 habens
516 3653 620 3722 agros
647 3630 814 3722 speciales
841 3652 922 3705 suos
949 3637 1099 3721 quatuor
1125 3632 1254 3719 laneos,
1281 3631 1362 3702 item
1390 3633 1555 3704 tabernae
1581 3632 1680 3721 duae,
1706 3633 1790 3705 item
1872 3682 1877 3695 ,

238 3755 457 3827 hortulaniae
483 3754 574 3825 duae
600 3753 770 3824 habentes
797 3773 900 3842 agros
927 3751 1097 3843 proprios,
1125 3753 1312 3842 dequibus
1338 3753 1497 3829 omnibus
1524 3753 1672 3825 solvitur
1697 3753 1790 3825 deci-

239 3897 295 3945 rna
321 3874 544 3964 manipularis
562 3878 598 3944 et
616 3872 756 3945 ducitur
783 3872 933 3962 propriis
952 3873 1121 3960 curribus,
1148 3879 1217 3942 tam
1236 3894 1299 3963 per
1317 3873 1524 3962 emethoneS,
1549 3874 1791 3946 tabernatores

240 4001 277 4066 et
301 3995 524 4082 hortulanos,
562 4015 665 4083 quam
701 4014 764 4083 per
791 3993 977 4064 scultetum
1018 3994 1053 4063 in
1080 3994 1243 4064 horreum
1270 4015 1292 4064 a
1319 3994 1482 4065 canonico
1497 3994 1727 4084 eligendum,
1752 4001 1791 4067 et

241 4113 380 4184 solvunt
406 4113 572 4184 decimam
599 4113 722 4203 canapi
749 4134 812 4202 per
839 4119 988 4202 quatuor
1015 4115 1192 4185 iuncturas
1219 4119 1255 4185 61
1281 4114 1487 4186 aestimatur
1513 4115 1611 4187 valor
1638 4115 1791 4187 decimae

241 4232 418 4323 praefatae
437 4219 481 4304 ad
500 4232 731 4322 quadraginta
748 4254 892 4305 marcas.
919 4233 986 4305 Est
1004 4235 1109 4305 etiam
1127 4235 1177 4305 ibi
1194 4234 1291 4305 curia
1317 4236 1520 4306 monasterii
1537 4236 1671 4308 habens
1686 4256 1791 4326 agros

241 4353 435 4445 praediales
463 4376 532 4424 non
559 4373 697 4442 paucos,
724 4353 914 4443 dequibus
941 4377 1010 4425 uon
1037 4355 1229 4426 decimatur
1247 4377 1310 4446 pro
1330 4356 1503 4445 canonico,
1530 4357 1592 4429 sed
1618 4362 1792 4438 monaste

157 4550 159 4559 ,
240 4476 331 4547 rium
358 4494 422 4565 pro
450 4495 487 4546 sc
514 4473 617 4544 tollit.

344 4596 433 4667 ltem
458 4595 566 4666 habet
593 4593 740 4664 alteram
766 4594 932 4666 decimam
959 4594 1209 4686 manipularem
1236 4596 1271 4666 in
1298 4594 1558 4686 Kadzycze,
1585 4598 1669 4668 villa
1694 4597 1793 4687 regia

240 4717 305 4788 sub
332 4715 498 4806 parocbia
525 4714 689 4786 ccclesiae
716 4714 759 4785 de
787 4714 1147 4807 Kosczyclyecz‚
1174 4717 1210 4788 in
1238 4737 1307 4805 qua
1324 4723 1406 4788 sunt
1433 4738 1493 4788 sex
1520 4718 1612 4789 lanei
1638 4717 1792 4788 cmetho·

241 4837 347 4925 nales,
374 4841 410 4908 et
436 4835 513 4926 agri
539 4835 753 4926 praedialeS,
779 4843 816 4906 et
842 4837 948 4925 curia,
975 4859 1045 4909 una
1069 4838 1235 4925 taberna,
1263 4837 1352 4909 duae
1378 4838 1597 4916 hortulaniae
1623 4816 1793 4911 habentes

242 4956 355 5049 agros,
383 4956 443 5041 sed
471 4957 513 5028 de
541 4962 617 5028 tota
639 4956 723 5028 villa
749 4957 897 5028 solvitur
914 4957 1047 5029 decima
1064 4958 1291 5049 manipularis
1317 4978 1381 5048 pro
1409 4958 1608 5050 praebenda
1633 4958 1809 5048 praefata

60 5078 66 5090 “
182 5104 188 5112 ,
242 5074 280 5148 et
304 5076 454 5183 ducitur
468 5098 531 5167 per
558 5054 758 5150 cmethones
784 5078 937 5169 propriis
956 5078 1115 5149 curribus
1134 5079 1352 5163 inhorreum
1370 5100 1392 5151 a
1409 5079 1573 5153 canonico
1600 5079 1792 5168 locandum,

243 5203 279 5267 et
306 5182 445 5268 solvunt
472 5198 639 5285 decimam
667 5199 790 5288 canapi
816 5219 880 5288 per
898 5203 1048 5289 quatuor
1074 5198 1253 5271 iuncturas
1280 5207 1318 5271 et
1343 5200 1549 5273 aestimatur
1575 5200 1674 5272 valor
1700 5200 1792 5272 deci-

243 5337 320 5388 mae
346 5316 524 5410 praelatae
542 5318 585 5391 ad
605 5319 723 5394 decem
749 5340 894 5393 marcas.
920 5318 1007 5392 Post
1024 5339 1128 5412 agros
1147 5326 1263 5408 autem
1280 5320 1476 5412 praediales
1494 5322 1642 5398 solvitur
1656 5321 1793 5396 decima
