4050 6054
259 469 264 487 ¹
305 444 380 521 390

303 677 409 728 unum
445 655 536 727 diem
571 656 713 746 proprio
740 677 843 728 curru
870 662 932 727 aut
957 661 1077 728 aratro
1104 662 1243 728 tenetur
1271 638 1440 727 laborare.
1480 655 1569 727 Item
1596 661 1678 726 sunt
1704 655 1756 727 lbi
1780 658 1857 727 tres

304 776 483 848 hortulani
508 776 678 848 habentes
705 797 818 867 agros,
847 777 1164 868 quorum-quilibet
1191 777 1295 848 solvit
1321 798 1385 867 pro
1413 795 1526 848 annuo
1553 795 1659 848 censu
1684 775 1858 848 fertonem

303 902 340 969 ct
366 918 472 968 unum
500 896 591 967 diem
618 898 655 968 in
682 898 875 987 septimana
900 897 1063 989 pedester
1079 898 1227 987 laborat,
1247 898 1330 968 item
1347 885 1625 986 taberna3'item
1643 897 1735 968 inter
1752 917 1856 988 prae·

301 1016 390 1089 latos
418 1022 567 1109 quatuor
593 1018 712 1090 laneos
739 1024 820 1090 sunt
846 1018 914 1089 dno
941 1019 1034 1090 lanei
1059 1020 1229 1090 habentes
1255 1017 1438 1108 mellificia,
1463 1019 1524 1108 qui
1542 1018 1684 1090 solvunt
1701 1018 1854 1109 capitulo

302 1161 405 1210 unam
431 1160 554 1210 urnam
580 1139 712 1230 mellis;
740 1141 823 1211 item
850 1146 904 1211 est
931 1141 966 1211 in
994 1140 1114 1210 eadem
1141 1139 1224 1210 villa
1242 1140 1422 1229 praedium
1441 1139 1641 1230 capitulare,
1660 1139 1759 1211 cuius
1777 1140 1857 1230 agri
1880 1158 1887 1181 ’

302 1261 389 1332 nulli
405 1347 411 1360 ·
425 1260 569 1332 solvunt
602 1261 788 1350 decimam,
815 1261 876 1333 sed
912 1281 988 1334 eam
1025 1261 1212 1352 capitulum
1248 1261 1397 1352 percipit
1431 1266 1467 1332 et
1502 1263 1538 1332 in
1564 1261 1727 1333 borreum
1753 1282 1856 1332 suum

303 1382 445 1452 inducit.
482 1381 569 1452 Item
601 1382 800 1454 cmethones
827 1387 864 1453 et
889 1382 1066 1453 hortulani
1093 1381 1135 1453 de
1163 1383 1235 1454 suis
1262 1383 1357 1473 agris
1384 1382 1524 1454 solvunt
1551 1381 1718 1453 decimam
1745 1382 1857 1453 mani-

257 1592 260 1596 ·
302 1502 459 1593 pularem
486 1501 639 1591 capitulo
666 1501 936 1574 Sandcmiriensi
963 1509 999 1574 et
1024 1502 1156 1574 ducunt
1182 1522 1257 1574 eam
1273 1503 1437 1593 vpropriis
1460 1500 1619 1575 curribus
1638 1502 1674 1572 in
1691 1501 1856 1573 horreum
1912 1540 1915 1545 ·

302 1622 494 1713 capitulare
505 1654 519 1712 ,·
541 1622 639 1694 cuius
673 1623 773 1694 valor
807 1624 1012 1695 aestimatur
1048 1624 1093 1695 ad
1125 1624 1276 1714 quinque
1301 1641 1454 1712 marcas;
1481 1623 1565 1695 item
1592 1622 1744 1694 confinat
1769 1622 1857 1694 villa

303 1742 463 1834 praefata
498 1763 574 1814 cum
609 1743 832 1836 Wrzawy,
860 1743 1056 1836 Pnyowy
1092 1750 1128 1815 et
1154 1744 1489 1834 Jaszkowicze,
1516 1745 1600 1815 item
1628 1748 1683 1815 est
1709 1743 1858 1815 invilla

303 1863 424 1939 eadem
450 1864 545 1937 lacus
572 1866 732 1959 optimus,
759 1865 842 1959 quia
865 1865 1005 1941 flumine
1032 1865 1148 1942 Szan
1174 1864 1401 1943 foecundatur
1426 1865 1590 1960 piscibus.

688 2249 696 2267 .
756 2130 1017 2213 ‘theloneum
1051 2129 1407 2213 Sandcmiriense.

405 2351 585 2425 Deiectum
613 2372 775 2443 magnum
801 2351 1022 2424 luminarium
1051 2352 1088 2423 in
1114 2352 1260 2424 ecclesia
1284 2350 1557 2427 Sandomiriensi
1581 2350 1856 2427 vladislaus

302 2472 481 2546 Secundus
515 2464 680 2545 Poloniae
706 2494 789 2565 rex,
816 2474 1058 2565 suppleturus,
1085 2473 1229 2546 donavit
1255 2472 1366 2544 cidem
1393 2472 1558 2545 ecclesiae
1584 2470 1856 2544 Sandcmiriensi

303 2594 490 2665 donatione
523 2598 695 2684 perpetua
730 2601 880 2686 quatuor
905 2594 1040 2686 lapides
1065 2615 1166 2666 cerae
1192 2595 1229 2664 in
1256 2593 1420 2669 theloneo
1447 2614 1509 2666 suo
1536 2594 1647 2684 regali
1674 2591 1856 2665 Sandcmi-

305 2715 431 2805 riensi,
458 2713 615 2805 obligans
649 2714 908 2788 theloneatores
944 2715 989 2788 ad
1016 2714 1217 2791 solvendum
1244 2716 1281 2786 in
1308 2714 1519 2809 quibuslibet
1546 2719 1696 2805 quatuor
1721 2719 1856 2805 tempo

302 2836 399 2908 ribus
426 2856 533 2907 unum
560 2854 661 2907 cerae
686 2856 796 2927 purae
821 2836 981 2928 lapidem,
1009 2837 1074 2909 sub
1100 2837 1266 2928 censuris,
1284 2857 1371 2931 quos
1390 2841 1537 2930 quatuor
1554 2834 1691 2930 lapides
1708 2834 1856 2909 ecclesia

304 2952 595 3030 Sandcmiriensis
621 2957 838 3049 percipitur
863 2958 1026 3032 theloneo
1052 2957 1242 3053 praedicto.

684 3227 689 3241 ’
821 3221 1022 3307 Decimae
1055 3221 1349 3328 manipulares.

408 3444 541 3516 Beatae
566 3443 753 3514 memoriae
780 3441 931 3517 Th0mas
957 3442 1091 3533 primus
1118 3440 1230 3515 dictus
1257 3441 1466 3532 Strzamp
1480 3442 1628 3532 insky,
1647 3438 1855 3513 cracovien-

304 3566 353 3638 sis
379 3566 571 3656 episcopns,
597 3563 729 3656 legarit
754 3563 1046 3639 testamentaliter
1073 3571 1109 3635 et
1127 3562 1269 3635 donavit
1285 3562 1556 3635 Sandcmiriensi
1575 3560 1741 3634 ecclesiae
1757 3562 1853 3635 mille

304 3688 511 3779 quingentos
537 3684 789 3776 Hungaricales
815 3685 974 3776 florenos,
993 3705 1079 3777 quos
1096 3684 1251 3779 {Ioannes
1270 3686 1387 3757 senior
1402 3684 1641 3775 Dlugosch
1668 3683 1854 3757 canonicus

303 3814 388 3882 tunc
412 3807 718 3899 Sandcmiriensis,
730 3805 990 3879 distractionem
1009 3827 1128 3880 eorum
1146 3806 1288 3898 veritus,
1306 3807 1349 3878 de
1368 3826 1539 3879 consensu
1555 3806 1701 3878 aliorum
1715 3805 1857 3897 praela·

305 3934 423 4002 torum
449 3935 485 4002 et
512 3930 755 4001 canonicorum
781 3927 1113 4001 Sandcmiriensium
1129 3926 1258 4000 Joanni
1276 3925 1643 4021 Gruszczynsky,
1660 3924 1857 3999 Gneanensi

304 4050 576 4142 archiepiscopo,
602 4049 639 4121 in
665 4050 831 4122 ecclesiae
857 4047 1074 4123 Gnernensis
1100 4037 1331 4122 necessitates
1353 4049 1543 4141 concessit,
1570 4053 1607 4120 et
1632 4048 1856 4121 donationem

306 4191 431 4243 novem
458 4171 666 4244 decimarum
686 4172 954 4264 manipularium
971 4190 1110 4244 mensae
1129 4171 1432 4264 archiepiscopalis
1449 4171 1486 4242 in
1504 4170 1666 4243 districtu
1683 4168 1859 4262 Langoni·

304 4294 399 4367 censi
425 4293 469 4366 dc
496 4314 666 4366 consensu
692 4294 834 4385 capituli
860 4292 1081 4366 Gneznensis·
1100 4298 1279 4385 perpetuo,
1307 4292 1349 4364 de
1377 4314 1445 4384 quo
1472 4292 1579 4364 habet
1606 4290 1751 4363 ecclesia
1768 4281 1879 4363 Sam·-
1976 4343 1981 4351 .

303 4415 522 4489 domiriensis
557 4417 690 4506 optima
724 4416 939 4487 munimenta
971 4420 1008 4487 et
1033 4414 1172 4486 litteras
1199 4413 1347 4506 praefati
1374 4402 1625 4507 archiepiscopi
1651 4419 1686 4514 et
1713 4411 1858 4504 capituli

306 4533 530 4628 ananensis,
555 4535 698 4628 factam,
725 4537 771 4608 ab
802 4556 844 4609 eo
872 4535 1042 4627 obtinuit3
1069 4532 1179 4627 eoque
1204 4535 1307 4608 modo
1333 4533 1623 4608 Sandcmiriensis
1649 4533 1794 4606 ecelesia
1820 4533 1856 4605 in

305 4661 361 4733 ius
378 4662 416 4732 ct
431 4659 687 4753 possessionem
703 4657 938 4751 praelatarum
955 4657 1166 4730 decimarum
1180 4657 1328 4750 cevent,
1343 4676 1487 4749 quarum
1501 4655 1715 4731 conditiones
1729 4654 1858 4729 deseri

304 4781 387 4853 bere
413 4799 531 4872 pergo.

407 4901 667 4993 Pornwonow,
693 4901 785 4993 villa,
812 4901 988 4994 propriam
1013 4900 1246 4993 parochialem
1273 4899 1453 4974 ecclesiam
1479 4899 1611 4972 habens
1638 4900 1675 4971 in
1693 4919 1739 4992 se,
1759 4899 1857 4975 cuius

299 5024 476 5099 haeredes
502 5022 633 5097 Paulus
658 5021 1008 5116 Potworousky,
1036 5022 1164 5096 nobilis
1191 5022 1234 5095 de
1260 5023 1367 5096 aruris
1393 5019 1672 5115 Polulrozya,
1697 5024 1736 5095 et
1755 5020 1858 5095 Jaco-

303 5147 369 5221 bus
405 5146 448 5220 de
483 5147 848 5220 Rzeszethkowa
880 5144 1027 5237 Wola,
1053 5146 1184 5219 nobilis
1220 5144 1264 5218 de
1291 5146 1397 5219 armis
1423 5142 1700 5238 cygnorum,
1727 5144 1763 5215 in
1790 5161 1859 5237 qua

302 5273 387 5341 sunt
412 5270 538 5362 viginti
564 5269 656 5343 lanei
683 5267 925 5360 cmethonales,
952 5266 995 5341 de
1023 5268 1148 5360 quibus
1175 5267 1323 5343 solvitur
1348 5267 1481 5340 decima
1498 5264 1724 5357 manipularis
1742 5271 1778 5338 et
1795 5284 1859 5357 per

305 5396 456 5491 quatuor
481 5393 621 5491 ierngas
648 5391 824 5487 canapalis
851 5389 1018 5469 ecclesiae
1044 5389 1327 5487 Sandcmiriensi,
1354 5394 1390 5464 et
1415 5389 1548 5467 ducunt
1564 5406 1640 5465 eam
1658 5386 1858 5469 cmethones
