4050 6054
224 452 332 577 erro

257 675 339 749 item
365 674 510 749 taberna
536 669 668 748 habens
694 690 806 767 agros,
834 670 917 748 item
942 669 1176 748 molendinum
1193 672 1325 747 habens
1349 690 1461 766 agros,
1488 665 1687 766 dequibus
1707 662 1818 743 omni-

257 800 321 868 bus
347 799 477 888 absque
504 797 730 869 diminutione
748 797 896 887 percipit
922 797 1087 867 decimam
1105 796 1354 887 manipularem
1373 795 1557 867 scolastria
1575 792 1813 883 Vislicieusia,

257 922 292 989 et
318 918 448 989 ducunt
473 917 567 988 illam
594 918 727 988 incolae
754 917 905 1008 propriis
932 918 1091 988 curribus
1119 918 1154 987 in
1173 918 1336 991 horreum
1363 936 1385 987 a
1411 915 1596 988 scolastico
1624 912 1814 1003 locandum

256 1043 292 1109 et
317 1038 456 1109 solvunt
482 1037 648 1108 decimam
675 1038 797 1126 canapi
823 1057 886 1127 per
913 1044 1063 1128 quatuor
1089 1038 1228 1127 ierugas
1246 1044 1282 1107 et
1300 1037 1399 1107 valor
1420 1036 1573 1107 decimae
1600 1034 1815 1107 aestimatur

257 1158 302 1227 ad
328 1158 476 1229 sedecim
504 1178 647 1228 marcas.

359 1276 711 1367 enharmonium,
748 1276 839 1366 villa¹
868 1279 931 1348 sub
958 1279 1123 1368 parochia
1158 1278 1323 1350 ecclesiae
1359 1277 1401 1348 de
1436 1275 1699 1349 Saokolina
1734 1275 1813 1365 situ,

258 1399 355 1470 cuius
381 1399 504 1469 haeres
531 1396 723 1469 Stanislaus
759 1398 802 1468 de
830 1398 1084 1489 Thanczin,
1119 1398 1245 1471 nobilis
1272 1398 1315 1469 de
1342 1398 1443 1469 domo
1475 1397 1814 1489 Bippcmuium,

258 1521 293 1590 in
321 1539 389 1610 qua
416 1525 496 1591 sunt
524 1520 674 1609 quinque
693 1540 769 1590 cum
787 1518 900 1589 medio
919 1520 1011 1591 lanei
1029 1519 1273 1609 emethonales;
1299 1519 1382 1590 item
1409 1538 1480 1590 una
1504 1517 1653 1590 taberna
1676 1516 1815 1589 habeus

258 1660 369 1730 agros,
398 1639 441 1711 de
468 1639 592 1730 quibus
619 1639 777 1711 omnibus
804 1640 952 1711 solvitur
979 1639 1112 1712 decima
1129 1640 1356 1730 manipularis
1375 1638 1577 1711 scolastriae
1595 1636 1815 1729 Visliciensi,

262 1766 298 1831 et
325 1760 455 1832 ducunt
488 1780 564 1831 eam
600 1759 733 1831 incolae
769 1760 804 1830 in
832 1759 994 1833 horreum
1022 1782 1043 1831 a
1069 1761 1249 1833 scolastico
1285 1760 1468 1832 locandum
1504 1759 1658 1850 propriis
1698 1759 1814 1831 curri-

259 1882 323 1953 bus
359 1888 395 1952 et
429 1880 596 1952 decimam
632 1881 753 1970 canapi
797 1880 935 1953 solvunt
970 1902 1033 1972 per
1066 1886 1218 1973 quatuor
1253 1882 1409 1971 ierugas‚
1445 1887 1482 1951 et
1517 1880 1616 1951 valor
1651 1880 1814 1951 decimae

258 2002 463 2073 aestimatur
489 2001 534 2072 ad
560 2004 694 2090 septem
719 2020 863 2072 mareas.
904 2002 991 2073 Item
1019 2008 1073 2073 est
1099 2003 1135 2073 in
1161 2002 1280 2074 eadem
1308 2001 1391 2074 villa
1417 2000 1513 2072 curia
1538 2020 1609 2072 una
1632 1999 1815 2091 militaris,

257 2122 389 2193 habens
417 2142 520 2212 agros
547 2120 750 2213 praediales,
777 2122 820 2193 de
847 2122 972 2212 quibus
999 2123 1147 2195 solvitur
1173 2122 1306 2194 decima
1332 2121 1557 2212 manipularis
1583 2120 1759 2193 ecclesiae
1777 2126 1815 2191 et

261 2242 409 2332 plebano
436 2243 471 2313 in
499 2240 931 2314 Szirehoslawicze.

361 2362 659 2453 Swoszowrczre‚
695 2362 779 2434 villa
806 2363 869 2434 sub
897 2365 1062 2453 parochia
1097 2364 1262 2436 ecclesiae
1289 2364 1331 2435 de
1360 2364 1693 2456 Ozyarnoczyn
1731 2363 1813 2453 sita,

258 2484 356 2554 cuius
382 2485 505 2554 haeres
532 2483 661 2554 Paulus
688 2482 1048 2575 Szwoszowsky,
1076 2485 1200 2556 nobilis
1219 2485 1262 2556 de
1281 2485 1381 2556 domo
1400 2481 1683 2573 Grilfonum,
1713 2484 1814 2555 inea

259 2604 342 2676 villa
376 2609 430 2675 est
455 2625 544 2676 uuus
580 2603 700 2675 laneus
727 2604 879 2696 integer,
918 2606 1014 2676 cuius
1049 2605 1271 2677 medietatem
1306 2605 1427 2676 incolit
1461 2603 1639 2695 praefatus
1674 2603 1814 2677 Paulus

259 2724 616 2815 Szwoszowshy,
644 2732 679 2795 et
705 2724 925 2797 medietatem
953 2727 1107 2815 cmetho,
1135 2725 1177 2797 de
1205 2747 1272 2816 quo
1300 2725 1434 2797 decima
1459 2724 1687 2814 manipularis
1716 2724 1812 2797 cedit

258 2845 439 2915 scolastico
465 2844 673 2935 Visliciensi,
700 2852 737 2915 et
762 2846 862 2917 valor
887 2848 961 2917 eius
988 2846 1194 2918 aestimatur
1220 2847 1265 2916 ad
1291 2867 1393 2917 unam
1422 2865 1638 2936 sexagenum,
1664 2844 1712 2916 de
1731 2844 1812 2917 aliis

258 2972 373 3036 autem
399 2966 493 3055 agris
520 2965 791 3037 emethonalibus
818 2970 854 3037 et
880 2966 1114 3056 praedialibus
1150 2966 1242 3038 cedit
1278 2966 1411 3038 decima
1435 2965 1662 3055 manipularis
1698 2966 1812 3039 eccle-

259 3087 331 3156 siae
348 3085 540 3176 parochiali
557 3091 595 3156 et
612 3085 687 3156 eius
705 3086 833 3157 rectori
851 3085 883 3156 S.
901 3086 1024 3160 Jacobi
1043 3088 1078 3157 in
1106 3086 1375 3178 Gasimiria,
1402 3087 1498 3157 iuxta
1524 3084 1725 3158 Oracovi
1736 3108 1811 3159 am.

361 3204 548 3296 Koczrun,
584 3206 687 3295 uilla,
723 3207 855 3278 habens
881 3207 917 3277 in
944 3228 981 3277 se
1010 3208 1242 3298 parochialem
1279 3207 1478 3298 ecclesiam,
1514 3206 1611 3279 cuins
1637 3206 1813 3281 haeredes

259 3327 424 3398 Nicolaus
450 3335 486 3398 et
511 3325 690 3399 Johanues
717 3325 983 3419 Sinowyecz
1011 3328 1054 3399 de
1081 3329 1187 3399 armis
1214 3328 1527 3419 Antiquorum
1553 3327 1813 3419 Equorum,

258 3454 295 3518 et
320 3447 471 3520 Jacobus
497 3446 765 3538 Koczinsky
799 3449 842 3519 dc
865 3449 972 3518 armis
1000 3448 1290 3539 Rastrorum,
1318 3449 1354 3518 iu
1381 3468 1449 3539 qua
1475 3454 1560 3519 sunt
1586 3448 1656 3521 duo
1682 3448 1812 3539 ieruga

257 3568 342 3638 alias
368 3578 536 3663 etaponpo
570 3587 750 3659 agrarium,
787 3569 983 3659 dequibus
1019 3569 1152 3640 decima
1177 3568 1403 3660 manipularis
1439 3552 1601 3641 solvitur¹
1621 3567 1811 3641 scolastico

258 3687 465 3764 Visliciensi.
1088 3772 1091 3777 Α
1688 3682 1693 3689 ’

359 3809 550 3900 Mnuown,
576 3810 700 3882 fluvius
728 3816 784 3881 est
810 3830 871 3881 seu
898 3811 993 3883 rivus
1020 3812 1056 3881 in
1083 3808 1221 3882 flumine
1250 3810 1380 3903 Nyda
1414 3812 1508 3882 circa
1534 3817 1571 3883 et
1596 3792 1708 3903 prope
1735 3808 1810 3883 Vi·

258 3932 443 4003 slioiam
470 3932 672 4022 consistens,
699 3932 797 4003 cuius
823 3930 1003 4023 longitudo
1023 3932 1245 4034 protenditur
1263 3951 1284 4003 a
1302 3940 1418 4023 ponte,
1447 3937 1568 4022 supter
1595 3950 1697 4022 quem
1715 3930 1811 4003 idem

133 4106 141 4123 .
257 4052 381 4123 fluvius
409 4050 612 4123 Makoua
638 4051 800 4143 decurrit,
827 4072 936 4142 usque
963 4073 1031 4143 quo
1049 4052 1227 4142 praedium
1255 4052 1430 4124 scolastici
1456 4052 1589 4125 dietum
1615 4050 1812 4143 Onchary

259 4177 489 4262 pertranseam
515 4171 618 4242 huius
643 4172 738 4243 fluvii
765 4172 912 4244 latitudo
939 4180 976 4244 et
1000 4173 1188 4263 longitudo,
1215 4173 1317 4263 plena
1338 4173 1535 4263 proprietas
1561 4178 1599 4244 et
1617 4172 1810 4279 dominium

258 4293 411 4383 pertinet
437 4291 481 4363 ad
508 4292 725 4364 scolasticum
753 4292 992 4365 Vislioiensem
1018 4314 1083 4383 pro
1102 4300 1266 4384 tempore,
1294 4294 1366 4365 sive
1394 4293 1486 4364 illius
1504 4313 1604 4365 usum
1622 4290 1691 4364 sibi
1707 4286 1814 4365 malit

259 4414 420 4504 retinere,
446 4414 519 4484 sive
547 4413 725 4501 arandara
752 4416 930 4487 consuevit
957 4421 1072 4485 autem
1099 4415 1196 4486 illum
1224 4414 1392 4486 arandara
1419 4414 1533 4485 tribus
1560 4412 1813 4503 piscatoribus,

259 4536 420 4626 quoniam
447 4535 483 4605 in
510 4534 579 4606 tria
604 4534 681 4605 loca
707 4534 892 4607 distinctus
919 4535 1082 4624 decurrit,
1110 4540 1146 4607 et
1174 4536 1319 4626 quilibet
1347 4535 1501 4625 piscator
1527 4532 1634 4607 solvit
1650 4534 1721 4606 sibi
1744 4554 1812 4628 pro

258 4676 363 4728 censu
390 4655 539 4727 mediam
565 4675 724 4727 marcam.

361 4776 563 4866 Sonourun,
590 4777 681 4867 villa,
708 4778 843 4850 habens
870 4778 905 4849 in
932 4800 970 4850 se
996 4778 1229 4869 parochialem
1258 4776 1447 4867 eeclesiam,
1474 4777 1571 4848 cuius
1597 4775 1725 4849 haeres
1742 4774 1814 4849 Pe-

260 4906 336 4970 trus
372 4898 697 4989 Saokolinshy‚
732 4899 858 4970 nobilis
894 4898 936 4970 de
963 4901 1069 4970 armis
1106 4898 1415 4988 Accipitrum‚
1451 4899 1486 4968 in
1515 4916 1583 4987 qua
1617 4903 1703 4968 suut
1737 4898 1814 4969 tria

256 5020 377 5110 ieruga
404 5019 490 5091 alias
516 5030 686 5115 croporeya
713 5039 893 5110 agrorum,
921 5019 963 5090 de
991 5020 1116 5109 quibus
1143 5019 1276 5089 decima
1302 5017 1527 5107 manipularis
1554 5015 1707 5089 solvitur
1732 5038 1814 5089 sco-

257 5140 392 5212 lastico·
408 5140 614 5213 Visliciensi.
