4050 6054
717 666 863 746 Altero
890 662 1038 743 Sancti
1073 656 1296 738 Laurentii.
1336 734 1345 747 „

336 912 457 982 Altare
483 909 516 982 S.
543 905 722 978 Laurentii
758 902 793 975 iu
821 899 966 970 ecclesia
992 873 1212 969 Oracoviensi
1240 893 1354 979 situm,
1381 890 1486 961 habet
1512 887 1677 978 capellam
1703 906 1787 977 pro-
1846 934 1853 938 a

230 1035 342 1125 priam
367 1032 403 1101 in
422 1030 563 1102 titulum
589 1032 625 1097 et
642 1026 808 1096 honorem
834 1020 868 1093 S.
885 1017 1068 1090 Laurentii
1094 1015 1262 1102 meatum,
1295 1010 1387 1102 quod
1414 1009 1552 1101 quidem
1576 1007 1689 1081 altare
1714 1005 1787 1079 Ja-

231 1153 437 1240 roslaus,
464 1145 726 1234 archidiaconus
753 1139 1001 1231 Cracoviensis,
1028 1136 1154 1208 nobilis
1172 1134 1215 1205 de
1234 1133 1335 1204 domo
1362 1130 1385 1202 J
1394 1131 1532 1203 anina
1557 1148 1588 1199 a.
1614 1128 1656 1198 D.
1677 1122 1789 1198 1339.

231 1273 296 1346 sub
322 1269 526 1361 pontificatu
560 1264 583 1336 J
593 1262 789 1366 ohannis
825 1256 977 1349 e‘piscopi
1010 1253 1267 1342 Gracoviensis,
1294 1273 1357 1342 per
1392 1249 1611 1342 privilegium
1640 1246 1786 1338 capituli

235 1389 486 1476 cracoviensis,
506 1385 598 1477 quod
616 1385 652 1454 in
670 1381 805 1454 aerario
824 1377 979 1450 eiusdem
996 1377 1145 1449 habetur
1162 1373 1337 1462 ecclesiae,
1354 1371 1523 1459 fundavit,
1541 1373 1579 1443 et
1593 1380 1699 1440 censu
1724 1384 1789 1438 sex

235 1529 429 1583 marcarum
454 1508 604 1577 latorum
638 1522 838 1592 grossorum
864 1497 1089 1588 Pragensium
1125 1516 1167 1566 ex
1195 1493 1297 1566 domo
1329 1490 1531 1583 capitulari,
1567 1509 1670 1580 qnam
1695 1487 1791 1558 idem
1885 1575 1889 1583 ³

237 1630 260 1702 J
269 1626 482 1739 appulsus
509 1622 770 1695 archidiaconus
797 1619 889 1689 circa
914 1615 1226 1701 hortumfratrum
1263 1614 1433 1683 minorum
1460 1611 1496 1681 in
1514 1609 1631 1700 platea
1655 1608 1791 1698 legato·

237 1728 376 1847 ηιιηυζα
391 1720 768 1857 ρήωὶῆΐωιᾱειωόιιῖὶε
786 1739 938 1826 initians,
964 1738 1001 1807 in
1018 1736 1100 1807 area
1117 1728 1425 1824 capitularimnris
1444 1731 1571 1835 erexit,
1596 1727 1792 1801 reddenda·

240 1889 316 1940 rum
334 1866 483 1953 dotavit3
510 1865 628 1935 volens
647 1867 683 1932 et
701 1866 868 1949 statuens,
886 1864 926 1929 ut
944 1859 1056 1952 altare
1073 1845 1268 1945 praefatum
1285 1855 1359 1925 eius
1377 1853 1558 1924 vacatione
1576 1854 1793 1939 occurrente,

240 1990 300 2060 uni
327 2009 370 2058 ex
401 1984 627 2056 universitate
655 1982 860 2053 vicariorum
888 1977 1167 2051 Cracoviensium
1198 1975 1324 2046 debeat
1355 1973 1513 2045 conferri
1557 1971 1643 2043 (lum
1672 1975 1791 2078 autem

237 2108 445 2221 procedpnte
472 2109 640 2193 tempore,
668 2104 789 2173 domus
816 2100 973 2190 praefata
999 2097 1206 2169 canonicalis
1233 2100 1376 2186 propter
1401 2093 1598 2185 frequentia
1621 2090 1793 2179 incendia,

240 2249 327 2319 qnae
351 2204 557 2335 isscivitate
595 2223 679 2294 Ora
692 2222 824 2292 covia
851 2220 1071 2308 accidebant,
1107 2222 1217 2288 staret
1241 2222 1398 2305 tempore
1433 2214 1535 2303 longo
1563 2211 1718 2300 deserta,
1755 2216 1794 2282 et

238 2367 339 2420 nemo
367 2368 415 2417 ex.
426 2345 591 2435 praelatis
619 2349 655 2413 et
673 2341 846 2413 canonicis
874 2339 1167 2416 Cracoviensibus¹
1185 2337 1413 2427 reperiretur,
1440 2335 1500 2425 qui
1519 2334 1583 2405 sub
1601 2340 1673 2404 tam
1690 2332 1792 2423 gravi

241 2468 405 2558 pensione
432 2465 567 2535 adeius
594 2462 824 2549 relectionem,
852 2461 1172 2549 reparationemque
1199 2457 1303 2529 vellet
1328 2456 1519 2544 intendere,
1545 2455 1665 2544 pensio
1691 2472 1795 2544 prae-
1847 2494 1849 2499 ·

241 2588 313 2658 fata
340 2605 400 2656 sex
427 2604 620 2655 marearum
648 2582 797 2653 latorum
824 2600 1024 2670 grossorum
1051 2579 1095 2650 ad
1117 2580 1317 2668 pensionem
1344 2596 1489 2666 aequam
1514 2581 1550 2647 et
1564 2573 1795 2663 tolerabilem,

240 2706 391 2778 adduas
420 2703 580 2775 videlicet
604 2722 738 2772 marcas
765 2701 954 2772 communis
981 2698 1147 2789 pecuniae
1173 2699 1345 2771 restricta.
1384 2697 1502 2769 Habet
1527 2697 1632 2767 etiam
1658 2694 1794 2786 praefa-

242 2833 316 2897 tum
344 2825 454 2895 altare
481 2822 514 2894 S.
541 2821 722 2892 Laurentii
748 2821 842 2893 ultra
868 2841 1007 2892 censum
1035 2821 1156 2890 domus
1191 2816 1366 2909 praefatae
1406 2818 1574 2889 decimam
1600 2815 1793 2905 manipula·

240 2966 314 3017 rem
341 2944 377 3014 in
403 2942 703 3030 Bislrupicze‚
734 2961 841 3031 prope
869 2940 1076 3029 Gzchov,
1114 2961 1216 3030 quam
1243 2938 1346 3010 credo
1383 2958 1487 3009 unam
1521 2937 1628 3009 finisse
1655 2938 1698 3007 ex
1722 2935 1795 3007 illia

241 3065 390 3152 decimis,
411 3083 495 3152 quas
514 3061 815 3150 Vincentius,
843 3062 1025 3152 episcopus
1044 3059 1292 3148 Cracoviensis,
1310 3065 1454 3131 vocatus
1472 3041 1795 3129 Kadlubko'nis

203 3275 210 3282 .
241 3185 284 3255 de
310 3169 527 3272 Karvvow,
555 3182 680 3253 nobilis
707 3182 750 3253 de
777 3182 878 3254 domo
899 3181 1099 3270 -Rossae,
1130 3180 1295 3252 ecclesiae
1323 3179 1545 3251 Cracoviensi
1570 3185 1606 3249 et
1633 3178 1708 3249 eius
1734 3197 1793 3248 ca-

241 3303 351 3393 pitulo
377 3324 441 3392 per
467 3302 800 3373 administrationem
827 3303 916 3392 vini,
944 3321 1062 3391 cerae,
1090 3301 1174 3390 olei,
1201 3306 1238 3370 et
1263 3299 1487 3371 refectionum
1515 3286 1796 3389 quotidianarum

192 3518 196 3522 ἢ
240 3406 306 3495 usu
332 3424 491 3511 donavit,
519 3429 555 3493 et
583 3443 671 3512 quae
697 3429 842 3513 propter
869 3423 1137 3493 decertationem
1164 3420 1286 3492 domus
1313 3419 1506 3510 praefatae,
1534 3420 1578 3490 de
1596 3439 1665 3509 qua
1689 3434 1797 3508 supra

242 3544 460 3633 scripsimus,
496 3543 599 3614 altari
636 3542 792 3632 praefato
827 3564 871 3613 ne
907 3543 1045 3614 omnino
1081 3529 1338 3629 desertaretur,
1372 3539 1439 3611 fuit
1472 3538 1518 3611 ad
1542 3539 1798 3633 beneplacitum
1870 3615 1904 3640 ,-

242 3664 401 3753 capituli,
429 3669 465 3734 et
493 3683 670 3753 quousque
697 3662 818 3734 domus
845 3662 1002 3753 praelata
1028 3662 1246 3749 reficeretur,
1273 3660 1339 3732 iuuit
1365 3660 1544 3748 adiuncta,
1571 3659 1733 3750 qnoniam
1759 3663 1798 3729 et

241 3784 463 3873 privilegium
499 3783 667 3872 originale
694 3781 834 3872 altaris,
870 3783 999 3852 nullam
1034 3781 1077 3852 de
1103 3801 1145 3852 ea
1170 3780 1255 3852 lacit
1280 3780 1509 3867 mentionem;
1535 3799 1600 3870 per
1626 3777 1795 3850 incuriam

241 3911 357 3973 tamen
385 3909 420 3972 et
447 3902 691 3992 negligentiam
719 3902 963 3993 capitularem,
999 3902 1232 3992 quidesuper
1259 3901 1390 3973 nullum
1417 3900 1601 3972 ediderunt
1627 3900 1796 3990 scriptum

243 4029 303 4092 aut
330 4013 541 4110 memoriale,
569 4022 700 4093 decima
726 4022 883 4112 praefata
913 4023 948 4093 in
976 4023 1095 4094 altaris
1122 4023 1315 4112 praesentis
1342 4021 1439 4093 venit
1464 4022 1727 4111 proprietatem,
1759 4026 1797 4092 et

243 4142 355 4212 altare
391 4142 586 4213 huiusmodi
622 4147 806 4234 utrumque
846 4143 912 4215 sibi
944 4141 1140 4214 vendicavit
1170 4149 1207 4214 et
1237 4142 1404 4214 decimum
1440 4141 1653 4230 huiusmodi,
1684 4147 1720 4212 et
1752 4161 1796 4212 ex

244 4262 345 4334 domo
374 4261 505 4333 relecta
531 4283 679 4333 censum.

353 4383 595 4471 B1suu1’1czn,
622 4383 705 4454 villa
723 4384 786 4455 sub
804 4383 970 4474 parocbia
987 4384 1151 4455 ccclesiae
1178 4384 1221 4455 de
1239 4381 1434 4472 Cachovv,
1452 4382 1578 4474 oppido
1596 4383 1675 4472 sita,
1700 4382 1798 4454 cuius

244 4506 366 4575 haeres
393 4503 521 4575 Paulus
547 4503 780 4595 Zlodziey,
808 4505 1016 4575 castellanus
1042 4504 1326 4594 Malogostensis,
1353 4505 1480 4576 nobilis
1508 4504 1550 4575 de
1569 4504 1670 4576 domo
1698 4503 1796 4575 Nie-

243 4626 414 4714 szobya
440 4623 522 4712 fuit,
554 4631 589 4695 ct
609 4645 650 4696 eo
669 4631 804 4696 mortuo
831 4625 922 4696 filiae
949 4627 985 4695 in
1003 4625 1253 4697 haereditatem
1281 4632 1539 4714 successerunt;
1566 4626 1689 4716 inqua
1716 4609 1798 4698 sunt

243 4746 367 4835 viginti
394 4744 462 4815 duo
488 4745 580 4815 lanei
608 4745 855 4836 cmethonales‚
881 4746 965 4817 item
992 4747 1139 4817 taberna
1164 4767 1234 4816 una
1259 4746 1390 4818 habens
1417 4767 1538 4836 agros,
1564 4746 1649 4818 item
1674 4746 1796 4817 bortu-
1927 4803 1932 4816 ,

244 4865 357 4936 laniae
386 4872 463 4936 octo
491 4886 559 4936 non
578 4866 744 4936 habentes
763 4886 886 4956 agros3
912 4866 1099 4956 dequibus
1127 4866 1274 4938 solvitur
1292 4865 1424 4937 decima
1441 4866 1666 4957 manipularis
1691 4866 1797 4938 altari

243 4984 408 5075 praefato,
435 4991 470 5055 et
488 5006 550 5075 per
567 4985 697 5056 incolas
724 4986 863 5058 ducitur
889 4988 925 5057 in
943 4988 1107 5058 borreum
1133 4987 1177 5058 ab
1196 4987 1354 5059 altarista
1380 4986 1576 5076 locandum,
1602 4992 1639 5058 et
1656 4988 1796 5060 solvunt
1938 5008 1941 5012 ·

243 5104 410 5177 decimam
438 5106 560 5196 canapi
587 5127 649 5195 per
676 5113 825 5196 quatuor
850 5107 987 5197 iemgas
1015 5114 1052 5178 et
1070 5106 1168 5179 valor
1195 5108 1348 5180 decimae
1374 5108 1580 5180 aestimatur
1606 5109 1651 5180 ad
1668 5108 1797 5180 duode-
1842 5213 1845 5217 ‚

244 5226 311 5295 oim
337 5246 481 5297 marcas.
521 5226 609 5298 Item
646 5232 700 5298 est
725 5227 762 5299 in
789 5227 908 5301 eadem
943 5227 1026 5300 villa
1060 5226 1240 5317 praedium
1271 5229 1420 5301 militare
1447 5236 1484 5301 et
1511 5230 1624 5320 curia,
1659 5229 1702 5301 de
1729 5250 1797 5320 quo
1856 5323 1862 5331 η

245 5343 378 5420 decima
396 5345 621 5440 manipularis
651 5348 798 5426 solvitur
823 5348 1040 5439 praebendae
1058 5347 1263 5425 Sanctorum
1288 5348 1416 5424 Felicis
1442 5356 1478 5425 et
1495 5351 1602 5426 Aucti
1626 5352 1664 5425 in
1681 5356 1797 5424 castro
