4050 6054
1705 551 1779 624 215

229 759 459 850 perditionem
486 764 522 828 et
558 755 728 830 deiectum
763 776 832 828 non
863 756 1014 828 inuenio.
1058 755 1174 849 Habet
1200 777 1264 848 pro
1302 774 1365 827 auo
1399 753 1599 827 fundatione
1632 763 1667 827 ct
1694 757 1776 829 dote

231 880 348 951 villam
375 898 452 948 cum
478 877 801 992 dimidia-quarum
827 864 966 949 nonna
992 881 1028 947 et
1055 878 1207 949 conditio
1233 874 1314 948 tulis
1340 882 1402 946 est.

335 995 562 1085 Brecnrczn,
588 997 672 1068 villa
698 997 762 1068 sub
779 994 945 1088 parochia
961 996 1126 1068 ecclesiae
1152 998 1196 1068 de
1213 995 1259 1066 W
1266 996 1484 1086 yeliczka
1510 995 1577 1066 sita
1594 1001 1656 1086 est,
1683 1001 1781 1068 tene-

231 1124 292 1189 tur
316 1138 380 1209 pro
406 1117 510 1188 iundo
537 1117 657 1190 altaris
684 1116 718 1188 S.
742 1115 889 1189 Nicolai
931 1116 971 1186 ln
990 1136 1058 1205 qua
1074 1137 1144 1186 non
1171 1122 1225 1188 est
1249 1115 1429 1207 praedium
1456 1115 1642 1217 altariatae,
1670 1137 1781 1207 neque
1822 1138 1829 1148 “
1913 1106 1915 1111 ’

233 1239 342 1326 curia,
369 1236 530 1308 sedeunt
556 1242 687 1326 septem
713 1236 806 1307 lanei
832 1234 1082 1324 cmetbonales,
1111 1256 1255 1326 quorum
1282 1235 1428 1324 quilibet
1453 1255 1522 1325 pro·
1536 1255 1641 1306 censu
1667 1255 1780 1308 annuo

233 1356 337 1429 solvit
362 1350 539 1428 altariotae
565 1377 669 1428 unam
694 1375 853 1428 marcam
873 1355 1062 1426 communis
1088 1357 1272 1444 pecuniae3
1299 1356 1383 1426 item
1410 1359 1464 1424 est
1488 1355 1538 1426 ibi
1564 1375 1634 1426 una
1659 1356 1780 1427 bortu-

232 1477 325 1548 lanio
337 1454 470 1551 ¹liabens
488 1496 607 1577 agros,
634 1495 721 1566 quae
739 1495 803 1565 pro
821 1494 926 1565 censu
942 1493 1057 1547 annuo
1084 1476 1188 1546 solvit
1204 1475 1383 1555 altaristae
1401 1494 1506 1544 unam
1523 1475 1670 1545 mediam
1688 1495 1779 1545 mar-

108 1589 111 1598 ’
233 1584 434 1688 οαὴι,’ἰῖοω
460 1617 530 1667 non
555 1603 610 1668 eat
635 1597 686 1667 ibi
709 1595 866 1684 taberna,
885 1614 1003 1684 neque
1029 1593 1275 1684 molendinum,
1302 1595 1385 1665 item
1412 1612 1497 1699 eme:
1525 1612 1610 1685 ones
1637 1601 1674 1666 et
1698 1595 1780 1667 hor-

231 1718 369 1788 tulanus
396 1738 466 1790 non
491 1716 623 1788 faciunt
648 1716 685 1785 in
712 1714 921 1805 septimana,
957 1719 1019 1785 aut
1044 1713 1112 1786 alio
1138 1714 1240 1786 modo
1277 1714 1410 1805 aliquos
1436 1592 1594 1803 ἡ,
1628 1713 1689 1786 aed
1715 1735 1779 1805 pro

230 1837 381 1908 adventu
408 1836 585 1908 abacistae
613 1833 748 1925 quondo
775 1833 820 1904 ad
846 1833 962 1904 villam
988 1835 1094 1905 semel
1119 1834 1156 1904 in
1183 1855 1272 1906 anno
1298 1816 1528 1924 personaliter
1553 1835 1663 1935 venit,
1689 1834 1782 1935 dpnt

229 1957 420 2027 modestam
438 1957 634 2043 stationem,
654 1953 755 2025 simul
774 1972 851 2023 cum
865 1952 1088 2025 tabernatore
1106 1961 1142 2025 et
1156 1955 1335 2025 emethone
1352 1954 1456 2024 villae
1473 1938 1781 2073 Wytkotjrffze

231 2075 491 2165 infrascriptae,
517 2075 679 2146 uidelicet
706 2072 851 2162 quilibet
876 2092 994 2142 eorum
1020 2093 1127 2144 unum
1154 2074 1297 2145 chorum
1323 2093 1467 2162 avenae,
1493 2093 1599 2144 unum
1625 2072 1781 2179 mgpipu·

232 2195 303 2265 lum
328 2193 438 2284 foeni,
474 2193 561 2265 duos
587 2193 715 2283 gallos,
740 2189 888 2280 lumina,
922 2212 1046 2282 panes,
1082 2193 1301 2282 cerevisiam,
1337 2213 1459 2263 carnes
1485 2198 1649 2264 recentes.
1693 2193 1781 2264 Item

233 2315 431 2385 emethones
453 2319 491 2386 et
507 2315 712 2386 hortulanus
730 2315 832 2386 villae
850 2315 1026 2404 praefatae
1045 2316 1183 2386 solvunt
1201 2316 1366 2386 decimam
1384 2292 1781 2407 manipularem'abaque

232 2433 459 2504 diminutione
483 2432 700 2523 praebendae
717 2431 955 2524 Gracoviensi,
983 2455 1071 2525 quae
1094 2434 1402 2506 Ozechowska
1428 2435 1631 2525 appellatur,
1658 2440 1695 2506 et
1712 2436 1780 2505 sol-

232 2550 510 2657 vuntdecimam
538 2553 660 2643 canapi
686 2573 749 2642 per
775 2560 924 2644 quatuor
949 2556 1087 2645 ierugas
1114 2560 1151 2626 et
1177 2556 1382 2626 aestimetur
1407 2554 1505 2627 valor
1531 2555 1606 2651 eiuq
1632 2555 1677 2626 ad
1696 2576 1779 2645 qua-

231 2670 314 2744 tuor
338 2654 490 2763 mimae,
516 2673 600 2744 item
616 2672 702 2744 villa
725 2671 884 2763 praefata
908 2674 1015 2746 babet
1039 2675 1131 2746 bona
1156 2695 1253 2765 gaya,
1281 2695 1368 2764 quae
1387 2674 1490 2745 vendi
1516 2681 1677 2768 possunt,
1698 2672 1779 2747 duin

232 2794 458 2882 accreverint,
485 2813 549 2882 pro
576 2780 703 2884 decoll,
730 2793 914 2884 aliquando
940 2813 1004 2883 pro
1030 2794 1156 2883 viginti
1180 2787 1316 2865 marcisi

332 2913 421 2984 ltem
447 2912 597 2985 confinat
621 2907 880 3003 villa'praelata
906 2933 982 2984 cum
1005 2912 1100 2985 -villis
1126 2913 1270 2985 Rzeez
1360 2932 1429 3004 ry,
1456 2910 1778 3005 (izechowaka,
1900 2958 1902 2962 ,

230 3032 317 3103 alias
342 3030 519 3137 Wolya,
544 3032 870 3124 Kawyacziny,
904 3032 1194 3105 Koszimicze
1220 3018 1606 3124 et*-·‚,1tk0wioze,
1633 3038 1669 3105 et
1694 3043 1778 3106 sunt

230 3152 356 3223 alicubi
382 3144 558 3248 uqiiaazdy,
585 3153 712 3225 alicubi
738 3153 888 3244 scopuli3
915 3155 998 3224 item
1024 3154 1171 3242 plebano
1198 3159 1233 3223 et
1259 3152 1423 3225 ecclesiae
1449 3153 1485 3223 in
1512 3143 1778 3243 Wyeliczka

230 3271 366 3343 ratione
392 3293 525 3341 neceam
551 3272 698 3343 solvitur
725 3273 767 3343 de
793 3272 893 3345 laneo
919 3292 988 3342 una
1013 3291 1176 3343 mensura
1202 3292 1340 3344 avenae.

334 3389 632 3481 Wrrnnowrczu,
666 3392 750 3464 uilla
784 3392 848 3463 sub
874 3391 1039 3481 parochia
1072 3390 1236 3462 ecclesiae
1263 3392 1306 3463 de
1323 3386 1589 3484 Wyeliczka
1616 3392 1695 3481 sita,
1732 3393 1777 3464 ad

230 3509 342 3581 altare
360 3509 393 3580 S.
411 3509 545 3582 Nicolai
571 3512 608 3581 in
626 3518 722 3583 oertu
740 3513 794 3581 aui
811 3519 911 3600 parte
930 3513 1100 3600 pertinet;
1128 3531 1196 3582 non
1215 3519 1270 3582 est
1287 3512 1335 3583 ibi
1354 3513 1451 3582 curia
1468 3530 1579 3601 neque
1596 3511 1776 3602 praedium

229 3631 419 3720 altaristae,
445 3630 508 3702 sed
534 3640 589 3721 eat
614 3652 684 3703 una
709 3632 864 3719 taberna,
890 3631 1021 3701 babens
1048 3651 1151 3721 agros
1178 3637 1214 3702 et
1231 3637 1350 3721 prata,
1377 3650 1465 3719 quae
1491 3630 1576 3701 nihil
1603 3630 1776 3720 laborans,

108 3833 111 3838 .
231 3749 336 3822 solvit
360 3750 539 3822 abacistae
556 3740 661 3823 unam
678 3771 830 3821 marcam
856 3756 893 3821 et
910 3755 1058 3840 quatuor
1075 3770 1234 3839 grossos3
1260 3751 1344 3821 item
1362 3755 1417 3820 est
1433 3769 1523 3820 unus
1541 3749 1660 3821 laneus'
1687 3770 1777 3820 eme-

229 3870 380 3941 tbonalis
397 3869 538 3943 'habens
563 3890 666 3960 agros
693 3876 729 3941 et
754 3876 872 3960 prata,
907 3870 965 3961 qui
992 3868 1078 3939 nihil
1113 3869 1275 3941 laborans
1301 3867 1407 3941 solvit
1440 3888 1503 3959 pro
1530 3887 1643 3941 annuo
1671 3848 1776 3942 cenci

229 3989 408 4062 altoriotae
432 4010 537 4064 uuam
561 4009 730 4080 marcam,
758 3991 842 4061 item
868 3988 1016 4080 praelati
1043 3991 1190 4067 taberna
1216 3996 1252 4060 et
1278 3988 1397 4060 laneus
1429 3987 1567 4061 solvunt
1593 3982 1775 4063 stationem

229 4131 306 4183 cum
332 4108 571 4183 cmetbonlbus
598 4111 641 4181 de
668 4111 907 4183 Bisszicze
934 4131 998 4200 pro
1025 4088 1185 4182 altariffea
1212 4110 1347 4200 quoties
1375 4110 1480 4180 semel
1507 4109 1543 4180 in
1562 4130 1651 4180 anno
1679 4113 1775 4183 venit

228 4232 264 4302 in
276 4230 583 4322 ‘Bisschycze,
609 4209 707 4301 iuxta
732 4231 871 4303 modum
889 4251 995 4320 supra
1013 4230 1199 4318 scriptumss
1226 4232 1309 4301 item
1327 4229 1654 4318 residuam-partem
1682 4232 1773 4302 eius-

229 4350 309 4424 dem
320 4350 428 4424 ·rillae
444 4351 551 4422 babet
569 4349 761 4423 Stanislaus
786 4350 964 4440 Klamp,
991 4349 1117 4422 nobilis
1144 4351 1187 4421 de
1209 4350 1313 4421 domu
1328 4349 1625 4440 vStreparum,
1652 4351 1689 4420 in
1708 4371 1775 4441 qua

222 4477 311 4544 aunt
335 4470 445 4561 lanei,
471 4471 515 4542 de
543 4471 667 4561 quibus
694 4466 852 4544 omnibus
879 4471 1026 4542 solvitur
1052 4477 1088 4541 et
1106 4470 1310 4542 conducitur
1335 4490 1399 4559 pro
1426 4468 1571 4543 eeclesia
1596 4470 1632 4540 in
1653 4468 1774 4560 Wye-
1840 4456 1846 4464 ’

228 4592 399 4681 liczlra,
426 4596 463 4662 et
488 4591 586 4663 valor
612 4593 689 4664 eiua
716 4591 882 4687 adunam
907 4610 1056 4662 marcam
1082 4592 1303 4681 aestimatur,
1330 4591 1415 4661 item
1439 4591 1575 4662 ratione
1602 4589 1774 4661 columba-

227 4712 332 4783 tionia
367 4711 514 4801 quilibet
546 4712 666 4784 laneus
701 4717 738 4784 et
764 4712 900 4786 cmetbo
935 4716 972 4783 et
996 4712 1200 4784 tabernator
1225 4731 1331 4783 unum
1356 4730 1533 4800 grossum,
1569 4709 1773 4780 hortulanus

227 4833 377 4904 medium
402 4851 560 4921 grossum
588 4831 699 4904 solvit
884 4822 890 4827 ’

320 4951 418 5022 -ltem
444 4951 553 5023 altare
578 4951 772 5042 praeratum
807 4953 943 5025 ratione
970 4951 1085 5024 oneris
1120 4951 1207 5024 duas
1232 4948 1470 5023 tantummodo
1507 4949 1630 5019 missas
1656 4948 1772 5040 habet,

158 5163 161 5168 ι
226 5086 313 5162 quas
340 5070 500 5142 altarista
516 5091 589 5159 pro
606 5077 761 5161 tempore
788 5070 918 5143 officiat
943 5070 1122 5162 etexplet,
1148 5089 1252 5142 unam
1279 5070 1321 5140 de
1348 5069 1459 5140 Beata
1484 5066 1631 5157 Virgine
1656 5067 1773 5139 Maria
1912 5096 1918 5111 ·

226 5191 366 5263 domina
387 5166 526 5293 nostro,
552 5190 675 5264 diebus
694 5192 886 5280 sabbathiS,
913 5191 1058 5262 alteram
1076 5210 1141 5281 pro
1158 5189 1328 5260 defunctis
1345 5187 1441 5258 feriis
1460 5187 1609 5278 quartis;
1636 5192 1773 5260 coetera

217 5330 334 5383 >onera
359 5310 512 5383 eiusdem
538 5309 660 5383 altaris
686 5312 868 5402 privilegio
895 5331 964 5383 non
991 5315 1156 5398 estante,-
1170 5310 1384 5398 ignorantur.
