4050 6054
1661 452 1736 529 473

290 658 569 752 Mocnoozrczn,
596 658 680 734 villa
706 660 770 733 sub
797 659 963 752 parochia
988 658 1155 733 ccclesiae
1180 656 1418 753 Kyelcziensis
1445 659 1522 751 sita,
1541 662 1637 732 cuius
1655 682 1735 752 pro-

185 782 318 875 prietas
353 787 391 855 et
425 782 613 855 dominium
648 783 694 854 ad
724 783 923 874 episcopum
949 781 1212 855 Gracovieusem
1238 802 1302 873 pro
1329 787 1486 874 tempore
1512 783 1676 874 pertinet,
1701 783 1738 855 in

186 924 255 994 qua
288 908 431 994 praeter
456 902 574 975 laneos
601 904 815 994 episcopales
840 909 1009 977 ostanus
1035 903 1157 975 laneus
1184 902 1431 991 cmethonalis,
1458 903 1517 993 qui
1542 924 1607 992 pro
1634 923 1739 981 censu

186 1023 290 1095 solvit
326 1024 490 1095 canonico
526 1044 630 1095 unam
665 1044 836 1114 marcam,
863 1029 900 1129 et
934 1023 1101 1095 decimam
1137 1029 1364 1114 campestrem
1397 1023 1434 1095 in
1460 1022 1580 1096 valore
1606 1023 1739 1095 mediae

188 1165 332 1234 marcae,
359 1150 395 1214 et
415 1164 601 1215 mensuras
628 1165 759 1216 avenae
786 1166 854 1216 non
883 1143 1066 1235 confertas,
1092 1142 1155 1217 sed
1181 1150 1253 1214 tam
1280 1164 1419 1217 consum
1447 1164 1548 1233 quam
1572 1144 1739 1215 decimam

188 1265 231 1336 de
266 1264 445 1354 praedicto
478 1264 578 1363 laneo
615 1265 766 1336 vicarius
802 1264 1030 1354 canonicalis,
1055 1268 1198 1355 praeter
1234 1243 1389 1336 avenam.
1428 1264 1517 1335 ltem
1541 1264 1740 1353 praebenda

188 1383 346 1474 praelata
372 1385 480 1457 habet
506 1385 644 1455 domum
672 1392 708 1456 et
734 1407 849 1456 aream
873 1407 949 1456 cum
967 1386 1133 1476 pomerio,
1152 1384 1404 1457 confrontatam
1422 1393 1459 1456 et
1476 1385 1623 1457 vicinam
1643 1386 1740 1474 oppi-

188 1505 233 1577 do
257 1504 476 1599 Kyelcziensi
502 1526 624 1578 versus
652 1507 833 1578 orientem.

290 1625 379 1698 Item
405 1626 604 1717 praebenda
629 1626 789 1718 praelata
813 1624 1052 1719 Kyelczieusis
1077 1607 1340 1720 Pyrasnyczska
1364 1634 1485 1699 taxata
1512 1633 1566 1699 est
1592 1626 1636 1697 ad
1660 1681 1668 1696 .
1695 1680 1703 1695 .
1730 1680 1739 1697 .

545 1891 710 1973 vicaria
745 1889 1019 1972 Praebendae
1053 1890 1388 1997 Pyrsznyczslca.

292 2110 496 2187 Praebenda
529 2109 766 2205 Kyelcziensis
800 2112 1062 2205 Pyrsznyczslra
1088 2114 1195 2185 habet
1220 2114 1418 2205 habereque
1445 2115 1623 2188 consuevit
1648 2115 1740 2189 vica·

189 2232 278 2302 riam
312 2237 515 2322 perpetuam
550 2233 587 2303 in
623 2233 768 2304 ecclesia
800 2232 1037 2325 Kyelcziensi,
1064 2235 1161 2305 cuius
1189 2235 1310 2305 unicus
1336 2242 1505 2324 patronus
1532 2243 1569 2307 et
1594 2237 1741 2309 collator

190 2360 246 2423 est
272 2353 457 2424 canonicus
483 2353 702 2444 praebendae
727 2352 990 2446 Pyrzsnyczslra
1016 2374 1080 2444 pro
1106 2358 1272 2445 tempore,
1301 2376 1403 2445 quam
1421 2356 1559 2445 quidem
1578 2358 1741 2429 vicariam

191 2480 289 2543 tenet
324 2495 414 2544 nuuc
447 2472 605 2545 Clemens
632 2475 675 2546 de
702 2474 937 2545 Poznania
963 2474 1165 2566 presbyter,
1192 2475 1289 2545 cuius
1316 2475 1528 2566 infrascripti
1554 2484 1636 2549 sunt
1661 2500 1742 2569 pro-

192 2599 327 2665 ventus.

295 2714 406 2805 Nion,
433 2714 517 2787 villa
543 2715 608 2788 sub
635 2716 801 2806 parochia
828 2715 992 2787 ecclesiae
1020 2716 1063 2786 de
1090 2715 1331 2807 Brzezyny
1356 2717 1433 2807 sita
1461 2717 1558 2789 cuius
1586 2720 1742 2809 proprie-

189 2841 244 2906 tas
271 2816 307 2908 et
333 2835 521 2907 dominium
553 2836 597 2907 ad
624 2837 821 2929 episcopum
849 2835 1111 2909 (lracovienscm
1138 2857 1203 2926 pro
1229 2842 1386 2927 tempore
1413 2838 1582 2929 pertinet,
1609 2840 1645 2910 in
1672 2861 1741 2931 qua

191 2961 273 3027 suut
307 2977 368 3029 sex
402 2956 495 3029 lanei
529 2956 780 3048 cmethouales,
807 2957 1003 3049 dequibus
1029 2957 1177 3030 solvitur
1204 2957 1338 3029 decima
1363 2959 1587 3049 manipularis
1615 2966 1651 3032 ct
1677 2982 1740 3052 per

190 3084 340 3169 quatuor
374 3078 513 3169 ierugas
540 3078 733 3169 canapalis3
760 3078 821 3150 sed
847 3080 1024 3169 perceptio
1050 3058 1144 3150 illius
1171 3078 1425 3151 diversificatur
1450 3081 1631 3152 alternatis
1657 3083 1741 3155 vici·—

190 3200 266 3289 bus,
291 3220 372 3270 nam
398 3220 467 3271 uno
490 3221 581 3273 anno
608 3200 757 3291 percipit
783 3200 877 3271 illam
904 3200 1054 3271 vicarius
1072 3198 1291 3291 praebendae
1308 3199 1551 3290 Pprznyczska
1567 3223 1742 3294 praesens,

192 3326 229 3391 et
255 3319 384 3391 ducunt
410 3341 486 3393 eam
513 3322 720 3415 cmethones·
737 3321 888 3411 propriis
916 3320 1075 3393 curribus
1102 3320 1138 3390 iu
1164 3321 1328 3392 horreum
1356 3341 1378 3391 a
1403 3321 1532 3391 vicario
1551 3321 1743 3414 locandum,

191 3440 289 3513 cuius
315 3441 414 3513 valor
440 3443 644 3515 aestimatur
669 3441 715 3513 ad
742 3449 909 3532 quatuor,
936 3447 972 3512 et
999 3440 1184 3533 aliqnando
1212 3441 1256 3512 ad
1284 3442 1434 3531 quinque
1461 3462 1604 3533 marcas,
1630 3445 1742 3516 altero

173 3581 274 3634 ’vero
309 3583 399 3635 anno
434 3563 583 3653 percipit
618 3562 713 3632 illam
749 3561 908 3633 custodia
942 3561 1188 3652 Kyelcziensis.
1228 3561 1315 3633 Item
1351 3581 1419 3632 non
1447 3567 1501 3633 est
1527 3562 1576 3633 ibi
1603 3564 1744 3653 aliquod

191 3683 371 3773 praedium
397 3683 601 3775 episcopale,
628 3682 710 3754 item
737 3703 807 3753 non
834 3688 889 3754 est
914 3681 1083 3774 scoltetia,
1109 3683 1193 3755 item
1219 3704 1289 3755 uon
1315 3688 1398 3755 suut
1425 3682 1603 3773 tabernae,
1630 3704 1742 3775 neque

191 3804 421 3877 hortulaniae.

297 3924 563 4016 Cuounrnow,
588 3924 672 3997 villa
707 3924 770 3998 sub
805 3925 972 4016 parocbia
1007 3924 1172 3997 ecclesiae
1207 3923 1250 3995 de
1286 3922 1742 4015 Szadzywoyowicze

192 4047 278 4138 sita,
305 4048 403 4119 cuius
437 4047 560 4119 haeres
595 4046 913 4119 Warczislaus
950 4047 993 4118 de
1019 4047 1126 4118 armis
1152 4045 1388 4137 Vulpium,
1415 4046 1452 4117 in
1479 4067 1547 4136 qua
1574 4052 1655 4117 sunt
1681 4068 1743 4119 sex

193 4168 284 4239 lanei
319 4168 568 4259 cmetbonales,
597 4168 639 4239 de
676 4167 800 4269 quibus
836 4166 983 4239 solvitur
1018 4168 1152 4245 decima
1185 4167 1413 4258 manipularis
1443 4171 1480 4238 et
1505 4188 1568 4257 per
1596 4174 1744 4256 quatuor

192 4290 332 4380 ienugas
358 4289 554 4382 canapais3
579 4289 641 4361 sed
667 4288 843 4378 perceptio
870 4288 946 4360 eius
973 4286 1234 4379 diversificatur,
1260 4308 1341 4359 nam
1367 4286 1411 4359 de
1437 4287 1623 4359 medietate
1641 4288 1743 4359 villae

193 4410 287 4482 tollit
322 4410 488 4482 decimam
524 4409 774 4500 manipularem
810 4408 954 4481 ecclesia
987 4409 1024 4481 iu
1056 4407 1533 4511 Szadzywoyowicze,
1560 4408 1603 4479 de
1630 4408 1744 4481 altera

193 4552 277 4604 vero
304 4532 490 4603 medietate
516 4530 619 4603 villae
647 4529 739 4602 cedit
764 4551 829 4620 pro
855 4529 990 4603 duabus
1017 4530 1155 4603 vicariis
1181 4527 1463 4629 Kyelciensibus,
1490 4527 1653 4627 videlicet
1679 4550 1744 4622 pro

194 4652 324 4725 vicario
361 4652 515 4724 custodis
551 4658 588 4723 et
628 4651 758 4722 vicario
792 4648 1316 4743 praebendaePyrsznyczska,
1342 4656 1379 4723 et
1405 4651 1559 4723 illisam
1587 4651 1679 4721 inter
1706 4669 1744 4722 se

193 4772 376 4845 alternatis
403 4773 536 4846 vicibus
562 4774 763 4863 partiuntur
790 4778 825 4844 et
852 4773 952 4844 valor
978 4772 1183 4843 aestimatur
1209 4773 1283 4843 eius
1309 4772 1355 4845 ad
1381 4792 1486 4845 unam
1511 4792 1682 4861 marcam,
1708 4776 1745 4844 et

193 4894 323 4966 ducunt
349 4916 425 4967 eam
451 4895 649 4967 cmethones
676 4894 713 4965 in
739 4893 902 4966 horreum
928 4893 1107 4966 tricario
1134 4892 1325 4965 locandum
1351 4893 1440 4965 Item
1457 4893 1494 4964 in
1513 4892 1634 4964 eadem
1651 4893 1745 4964 vica-

193 5015 248 5086 ria
273 5016 379 5089 habet
405 5036 546 5087 censum
572 5015 615 5086 de
642 5015 777 5087 duobus
803 5014 914 5087 laneis
939 5014 976 5085 iu
1003 5014 1130 5105 oppido
1157 5013 1379 5105 Kyelcze,
1407 5020 1442 5083 et
1470 5012 1615 5104 quilibet
1641 5013 1747 5085 solvit

194 5135 261 5208 sibi
296 5135 443 5207 mediam
480 5156 648 5225 marcam,
675 5142 710 5206 et
736 5136 904 5208 decimam
929 5141 1011 5227 post
1035 5135 1176 5207 eosdem
1202 5135 1320 5205 laneos
1347 5126 1614 5224 manipularem,
1637 5112 1746 5206 aesti-

43 5268 47 5275 '
193 5262 322 5328 matam
357 5256 402 5328 ad
436 5277 541 5331 uuam
575 5276 746 5344 marcam,
770 5262 808 5329 et
840 5257 989 5348 quilibet
1022 5255 1176 5347 agricola
1211 5255 1253 5326 de
1289 5256 1389 5326 laneo
1425 5260 1565 5327 tenetur
1600 5254 1745 5345 singulis

193 5378 394 5471 septimanis
429 5377 556 5451 ducere
592 5379 680 5451 duos
716 5397 840 5451 currus
874 5377 1048 5469 lignorum
1083 5398 1147 5470 pro
1175 5377 1315 5449 vicaria.
1354 5376 1442 5447 Item
1468 5376 1575 5448 habet
1600 5375 1748 5467 invilla

349 5547 395 5590 ura
411 5510 507 5590 emaus
1339 5568 1344 5580 .
1541 5516 1582 5574 60
