<?xml version="1.0" encoding="UTF-8"?>
<!DOCTYPE html PUBLIC "-//W3C//DTD XHTML 1.0 Transitional//EN"
    "http://www.w3.org/TR/xhtml1/DTD/xhtml1-transitional.dtd">
<html xmlns="http://www.w3.org/1999/xhtml" xml:lang="en" lang="en">
 <head>
  <title>
</title>
<meta http-equiv="Content-Type" content="text/html;charset=utf-8" />
  <meta name='ocr-system' content='tesseract 3.04.00' />
  <meta name='ocr-capabilities' content='ocr_page ocr_carea ocr_par ocr_line ocrx_word'/>
</head>
<body>
  <div class='ocr_page' id='page_1' title='image "./joannisdugoszse00dugoog_0499.png"; bbox 0 0 4050 6054; ppageno 0'>
   <div class='ocr_carea' id='block_1_1' title="bbox 805 667 1367 774">
    <p class='ocr_par' dir='ltr' id='par_1_1' title="bbox 805 667 1367 774">
     <span class='ocr_line' id='line_1_1' title="bbox 805 667 1367 774; baseline 0 -30"><span class='ocrx_word' id='word_1_1' title='bbox 805 667 1049 748; x_wconf 82' lang='lat' dir='ltr'>Praebenda</span> <span class='ocrx_word' id='word_1_2' title='bbox 1085 667 1367 774; x_wconf 83' lang='lat' dir='ltr'>Pyrsznyeza.</span> 
     </span>
    </p>
   </div>
   <div class='ocr_carea' id='block_1_2' title="bbox 294 888 1908 5473">
    <p class='ocr_par' dir='ltr' id='par_1_2' title="bbox 294 888 1908 2047">
     <span class='ocr_line' id='line_1_2' title="bbox 411 888 1863 979; baseline 0.001 -19"><span class='ocrx_word' id='word_1_3' title='bbox 411 888 538 978; x_wconf 77' lang='lat' dir='ltr'>Quinta</span> <span class='ocrx_word' id='word_1_4' title='bbox 564 889 764 978; x_wconf 90' lang='lat' dir='ltr'>praebenda</span> <span class='ocrx_word' id='word_1_5' title='bbox 789 889 1025 979; x_wconf 76' lang='lat' dir='ltr'>liyelcziensis</span> <span class='ocrx_word' id='word_1_6' title='bbox 1052 889 1245 978; x_wconf 90' lang='lat' dir='ltr'>appellatur</span> <span class='ocrx_word' id='word_1_7' title='bbox 1274 888 1543 979; x_wconf 76' lang='lat' dir='ltr'>Pyrsznyczska</span> <span class='ocrx_word' id='word_1_8' title='bbox 1570 910 1612 959; x_wconf 91' lang='lat' dir='ltr'>ce</span> <span class='ocrx_word' id='word_1_9' title='bbox 1639 888 1736 978; x_wconf 90' lang='lat' dir='ltr'>quod</span> <span class='ocrx_word' id='word_1_10' title='bbox 1753 889 1863 962; x_wconf 80' lang='lat' dir='ltr'>babet</span> 
     </span>
     <span class='ocr_line' id='line_1_3' title="bbox 307 1009 1862 1100; baseline 0 -20"><span class='ocrx_word' id='word_1_11' title='bbox 307 1010 473 1081; x_wconf 90' lang='lat' dir='ltr'>decimam</span> <span class='ocrx_word' id='word_1_12' title='bbox 511 1011 737 1100; x_wconf 85' lang='lat' dir='ltr'>principalem</span> <span class='ocrx_word' id='word_1_13' title='bbox 772 1010 1021 1100; x_wconf 80' lang='lat' dir='ltr'>manipularem</span> <span class='ocrx_word' id='word_1_14' title='bbox 1048 1011 1084 1080; x_wconf 92' lang='lat' dir='ltr'>in</span> <span class='ocrx_word' id='word_1_15' title='bbox 1112 1010 1238 1098; x_wconf 90' lang='lat' dir='ltr'>oppido</span> <span class='ocrx_word' id='word_1_16' title='bbox 1266 1009 1293 1078; x_wconf 90' lang='lat' dir='ltr'>P</span> <span class='ocrx_word' id='word_1_17' title='bbox 1303 1030 1577 1099; x_wconf 82' lang='lat' dir='ltr'>yrsznycza,</span> <span class='ocrx_word' id='word_1_18' title='bbox 1604 1030 1625 1079; x_wconf 91' lang='lat' dir='ltr'>a</span> <span class='ocrx_word' id='word_1_19' title='bbox 1652 1030 1721 1099; x_wconf 90' lang='lat' dir='ltr'>quo</span> <span class='ocrx_word' id='word_1_20' title='bbox 1747 1010 1862 1080; x_wconf 85' lang='lat' dir='ltr'>trabit</span> 
     </span>
     <span class='ocr_line' id='line_1_4' title="bbox 307 1127 1908 1220; baseline 0 -20"><span class='ocrx_word' id='word_1_21' title='bbox 307 1130 632 1201; x_wconf 89' lang='lat' dir='ltr'>denominationem.</span> <span class='ocrx_word' id='word_1_22' title='bbox 659 1130 755 1200; x_wconf 86' lang='lat' dir='ltr'>Hace</span> <span class='ocrx_word' id='word_1_23' title='bbox 783 1150 917 1220; x_wconf 91' lang='lat' dir='ltr'>quoque</span> <span class='ocrx_word' id='word_1_24' title='bbox 944 1130 1144 1219; x_wconf 86' lang='lat' dir='ltr'>praebenda</span> <span class='ocrx_word' id='word_1_25' title='bbox 1170 1152 1212 1198; x_wconf 85' lang='lat' dir='ltr'>ex</span> <span class='ocrx_word' id='word_1_26' title='bbox 1236 1129 1461 1218; x_wconf 81' lang='lat' dir='ltr'>proventibus</span> <span class='ocrx_word' id='word_1_27' title='bbox 1480 1137 1516 1200; x_wconf 86' lang='lat' dir='ltr'>et</span> <span class='ocrx_word' id='word_1_28' title='bbox 1534 1127 1675 1200; x_wconf 81' lang='lat' dir='ltr'>decimis</span> <span class='ocrx_word' id='word_1_29' title='bbox 1693 1128 1860 1201; x_wconf 89' lang='lat' dir='ltr'>ecelesiae</span> <span class='ocrx_word' id='word_1_30' title='bbox 1901 1200 1908 1213; x_wconf 76' lang='grc'>,</span> 
     </span>
     <span class='ocr_line' id='line_1_5' title="bbox 308 1249 1861 1340; baseline 0.001 -20"><span class='ocrx_word' id='word_1_31' title='bbox 308 1251 389 1320; x_wconf 92' lang='lat' dir='ltr'>olim</span> <span class='ocrx_word' id='word_1_32' title='bbox 424 1251 633 1340; x_wconf 89' lang='lat' dir='ltr'>parochialis</span> <span class='ocrx_word' id='word_1_33' title='bbox 668 1253 703 1320; x_wconf 95' lang='lat' dir='ltr'>in</span> <span class='ocrx_word' id='word_1_34' title='bbox 739 1250 939 1340; x_wconf 82' lang='lat' dir='ltr'>erlcze</span> <span class='ocrx_word' id='word_1_35' title='bbox 975 1249 1120 1320; x_wconf 78' lang='lat' dir='ltr'>lundata</span> <span class='ocrx_word' id='word_1_36' title='bbox 1146 1256 1182 1320; x_wconf 92' lang='lat' dir='ltr'>ct</span> <span class='ocrx_word' id='word_1_37' title='bbox 1209 1250 1328 1321; x_wconf 89' lang='lat' dir='ltr'>dotata</span> <span class='ocrx_word' id='word_1_38' title='bbox 1354 1255 1426 1338; x_wconf 89' lang='lat' dir='ltr'>est,</span> <span class='ocrx_word' id='word_1_39' title='bbox 1453 1255 1489 1320; x_wconf 88' lang='lat' dir='ltr'>et</span> <span class='ocrx_word' id='word_1_40' title='bbox 1514 1249 1667 1321; x_wconf 89' lang='lat' dir='ltr'>decimae</span> <span class='ocrx_word' id='word_1_41' title='bbox 1693 1249 1861 1321; x_wconf 89' lang='lat' dir='ltr'>ecelesiae</span> 
     </span>
     <span class='ocr_line' id='line_1_6' title="bbox 307 1369 1858 1463; baseline -0.001 -22"><span class='ocrx_word' id='word_1_42' title='bbox 307 1370 542 1463; x_wconf 84' lang='lat' dir='ltr'>Kyelcaicnsis</span> <span class='ocrx_word' id='word_1_43' title='bbox 569 1371 778 1460; x_wconf 89' lang='lat' dir='ltr'>parochialis</span> <span class='ocrx_word' id='word_1_44' title='bbox 805 1372 898 1442; x_wconf 89' lang='lat' dir='ltr'>inter</span> <span class='ocrx_word' id='word_1_45' title='bbox 925 1370 1115 1441; x_wconf 78' lang='lat' dir='ltr'>custodiam</span> <span class='ocrx_word' id='word_1_46' title='bbox 1141 1369 1401 1460; x_wconf 84' lang='lat' dir='ltr'>Kyelczienscm</span> <span class='ocrx_word' id='word_1_47' title='bbox 1428 1371 1472 1441; x_wconf 91' lang='lat' dir='ltr'>ab</span> <span class='ocrx_word' id='word_1_48' title='bbox 1491 1390 1569 1460; x_wconf 91' lang='lat' dir='ltr'>una,</span> <span class='ocrx_word' id='word_1_49' title='bbox 1587 1376 1623 1441; x_wconf 88' lang='lat' dir='ltr'>et</span> <span class='ocrx_word' id='word_1_50' title='bbox 1641 1376 1858 1460; x_wconf 82' lang='lat' dir='ltr'>praesentem</span> 
     </span>
     <span class='ocr_line' id='line_1_7' title="bbox 306 1490 1860 1582; baseline -0.001 -19"><span class='ocrx_word' id='word_1_51' title='bbox 306 1491 540 1581; x_wconf 88' lang='lat' dir='ltr'>praebendam</span> <span class='ocrx_word' id='word_1_52' title='bbox 566 1490 825 1581; x_wconf 84' lang='lat' dir='ltr'>Kyclczicnsem</span> <span class='ocrx_word' id='word_1_53' title='bbox 852 1490 1133 1581; x_wconf 79' lang='lat' dir='ltr'>Pycrsznpczslra</span> <span class='ocrx_word' id='word_1_54' title='bbox 1159 1492 1318 1580; x_wconf 89' lang='lat' dir='ltr'>partibus</span> <span class='ocrx_word' id='word_1_55' title='bbox 1345 1492 1389 1562; x_wconf 91' lang='lat' dir='ltr'>ab</span> <span class='ocrx_word' id='word_1_56' title='bbox 1416 1491 1543 1581; x_wconf 87' lang='lat' dir='ltr'>altera,</span> <span class='ocrx_word' id='word_1_57' title='bbox 1570 1512 1614 1562; x_wconf 83' lang='lat' dir='ltr'>cx</span> <span class='ocrx_word' id='word_1_58' title='bbox 1640 1511 1752 1582; x_wconf 90' lang='lat' dir='ltr'>aequo</span> <span class='ocrx_word' id='word_1_59' title='bbox 1778 1511 1860 1581; x_wconf 91' lang='lat' dir='ltr'>par·</span> 
     </span>
     <span class='ocr_line' id='line_1_8' title="bbox 306 1611 1861 1702; baseline -0.001 -18"><span class='ocrx_word' id='word_1_60' title='bbox 306 1613 402 1702; x_wconf 90' lang='lat' dir='ltr'>titae,</span> <span class='ocrx_word' id='word_1_61' title='bbox 430 1612 465 1682; x_wconf 90' lang='lat' dir='ltr'>in</span> <span class='ocrx_word' id='word_1_62' title='bbox 492 1614 584 1682; x_wconf 91' lang='lat' dir='ltr'>vices</span> <span class='ocrx_word' id='word_1_63' title='bbox 611 1613 797 1701; x_wconf 89' lang='lat' dir='ltr'>alteratas,</span> <span class='ocrx_word' id='word_1_64' title='bbox 824 1618 927 1701; x_wconf 91' lang='lat' dir='ltr'>prout</span> <span class='ocrx_word' id='word_1_65' title='bbox 952 1611 1057 1682; x_wconf 91' lang='lat' dir='ltr'>latius</span> <span class='ocrx_word' id='word_1_66' title='bbox 1084 1611 1174 1683; x_wconf 85' lang='lat' dir='ltr'>infra</span> <span class='ocrx_word' id='word_1_67' title='bbox 1200 1612 1442 1683; x_wconf 85' lang='lat' dir='ltr'>describemus.</span> <span class='ocrx_word' id='word_1_68' title='bbox 1482 1612 1598 1683; x_wconf 90' lang='lat' dir='ltr'>Habet</span> <span class='ocrx_word' id='word_1_69' title='bbox 1624 1618 1741 1683; x_wconf 90' lang='lat' dir='ltr'>autem</span> <span class='ocrx_word' id='word_1_70' title='bbox 1767 1632 1861 1682; x_wconf 92' lang='lat' dir='ltr'>nunc</span> 
     </span>
     <span class='ocr_line' id='line_1_9' title="bbox 307 1731 1861 1833; baseline 0.001 -31"><span class='ocrx_word' id='word_1_71' title='bbox 307 1732 401 1802; x_wconf 88' lang='lat' dir='ltr'>illam</span> <span class='ocrx_word' id='word_1_72' title='bbox 429 1732 622 1804; x_wconf 89' lang='lat' dir='ltr'>Stanislans</span> <span class='ocrx_word' id='word_1_73' title='bbox 649 1733 691 1802; x_wconf 92' lang='lat' dir='ltr'>de</span> <span class='ocrx_word' id='word_1_74' title='bbox 709 1732 1057 1823; x_wconf 88' lang='lat' dir='ltr'>Knroszuanky</span> <span class='ocrx_word' id='word_1_75' title='bbox 1084 1733 1269 1803; x_wconf 91' lang='lat' dir='ltr'>canonieus</span> <span class='ocrx_word' id='word_1_76' title='bbox 1288 1731 1536 1833; x_wconf 74' lang='lat' dir='ltr'>cracoviensis,</span> <span class='ocrx_word' id='word_1_77' title='bbox 1555 1733 1681 1804; x_wconf 90' lang='lat' dir='ltr'>nobilis</span> <span class='ocrx_word' id='word_1_78' title='bbox 1700 1731 1861 1804; x_wconf 66' lang='lat' dir='ltr'>dedami-</span> 
     </span>
     <span class='ocr_line' id='line_1_10' title="bbox 294 1852 1858 1945; baseline 0.001 -22"><span class='ocrx_word' id='word_1_79' title='bbox 294 1854 354 1924; x_wconf 89' lang='lat' dir='ltr'>lia</span> <span class='ocrx_word' id='word_1_80' title='bbox 387 1854 581 1943; x_wconf 83' lang='lat' dir='ltr'>Itoszac,</span> <span class='ocrx_word' id='word_1_81' title='bbox 609 1854 705 1925; x_wconf 91' lang='lat' dir='ltr'>cuius</span> <span class='ocrx_word' id='word_1_82' title='bbox 741 1854 879 1944; x_wconf 89' lang='lat' dir='ltr'>quidem</span> <span class='ocrx_word' id='word_1_83' title='bbox 910 1852 1128 1944; x_wconf 86' lang='lat' dir='ltr'>praebendae</span> <span class='ocrx_word' id='word_1_84' title='bbox 1153 1852 1395 1943; x_wconf 81' lang='lat' dir='ltr'>infrascriptae</span> <span class='ocrx_word' id='word_1_85' title='bbox 1423 1858 1505 1925; x_wconf 89' lang='lat' dir='ltr'>sunt</span> <span class='ocrx_word' id='word_1_86' title='bbox 1531 1852 1685 1925; x_wconf 89' lang='lat' dir='ltr'>decimae</span> <span class='ocrx_word' id='word_1_87' title='bbox 1712 1859 1750 1926; x_wconf 89' lang='lat' dir='ltr'>et</span> <span class='ocrx_word' id='word_1_88' title='bbox 1774 1874 1858 1945; x_wconf 91' lang='lat' dir='ltr'>pro-</span> 
     </span>
     <span class='ocr_line' id='line_1_11' title="bbox 307 1979 441 2047; baseline -0.015 -1"><span class='ocrx_word' id='word_1_89' title='bbox 307 1979 441 2047; x_wconf 88' lang='lat' dir='ltr'>ventus.</span> 
     </span>
    </p>

    <p class='ocr_par' dir='ltr' id='par_1_3' title="bbox 304 2095 1861 3515">
     <span class='ocr_line' id='line_1_12' title="bbox 410 2095 1860 2188; baseline 0.001 -22"><span class='ocrx_word' id='word_1_90' title='bbox 410 2096 641 2185; x_wconf 82' lang='lat' dir='ltr'>Pvnsnrezn,</span> <span class='ocrx_word' id='word_1_91' title='bbox 669 2096 842 2188; x_wconf 91' lang='lat' dir='ltr'>oppidum,</span> <span class='ocrx_word' id='word_1_92' title='bbox 869 2097 1001 2167; x_wconf 84' lang='lat' dir='ltr'>liabens</span> <span class='ocrx_word' id='word_1_93' title='bbox 1028 2097 1063 2165; x_wconf 92' lang='lat' dir='ltr'>in</span> <span class='ocrx_word' id='word_1_94' title='bbox 1082 2116 1119 2167; x_wconf 92' lang='lat' dir='ltr'>se</span> <span class='ocrx_word' id='word_1_95' title='bbox 1137 2095 1317 2166; x_wconf 89' lang='lat' dir='ltr'>ecelesiam</span> <span class='ocrx_word' id='word_1_96' title='bbox 1333 2096 1567 2185; x_wconf 83' lang='lat' dir='ltr'>parochialem</span> <span class='ocrx_word' id='word_1_97' title='bbox 1585 2096 1743 2186; x_wconf 84' lang='lat' dir='ltr'>ligneam,</span> <span class='ocrx_word' id='word_1_98' title='bbox 1761 2097 1860 2168; x_wconf 88' lang='lat' dir='ltr'>euius</span> 
     </span>
     <span class='ocr_line' id='line_1_13' title="bbox 306 2216 1861 2307; baseline 0.001 -19"><span class='ocrx_word' id='word_1_99' title='bbox 306 2217 502 2307; x_wconf 89' lang='lat' dir='ltr'>proprietas</span> <span class='ocrx_word' id='word_1_100' title='bbox 538 2223 574 2288; x_wconf 89' lang='lat' dir='ltr'>ct</span> <span class='ocrx_word' id='word_1_101' title='bbox 609 2217 799 2289; x_wconf 92' lang='lat' dir='ltr'>dominium</span> <span class='ocrx_word' id='word_1_102' title='bbox 836 2217 880 2288; x_wconf 89' lang='lat' dir='ltr'>ad</span> <span class='ocrx_word' id='word_1_103' title='bbox 908 2217 1164 2287; x_wconf 89' lang='lat' dir='ltr'>serenissimum</span> <span class='ocrx_word' id='word_1_104' title='bbox 1190 2217 1382 2305; x_wconf 88' lang='lat' dir='ltr'>principem</span> <span class='ocrx_word' id='word_1_105' title='bbox 1409 2216 1585 2288; x_wconf 91' lang='lat' dir='ltr'>domiuum</span> <span class='ocrx_word' id='word_1_106' title='bbox 1611 2238 1729 2307; x_wconf 90' lang='lat' dir='ltr'>regem</span> <span class='ocrx_word' id='word_1_107' title='bbox 1755 2216 1861 2289; x_wconf 91' lang='lat' dir='ltr'>Polo·</span> 
     </span>
     <span class='ocr_line' id='line_1_14' title="bbox 304 2337 1861 2429; baseline 0.001 -21"><span class='ocrx_word' id='word_1_108' title='bbox 304 2339 383 2409; x_wconf 89' lang='lat' dir='ltr'>niae</span> <span class='ocrx_word' id='word_1_109' title='bbox 410 2339 573 2427; x_wconf 79' lang='lat' dir='ltr'>pertinet,</span> <span class='ocrx_word' id='word_1_110' title='bbox 600 2339 636 2407; x_wconf 91' lang='lat' dir='ltr'>in</span> <span class='ocrx_word' id='word_1_111' title='bbox 665 2360 732 2429; x_wconf 90' lang='lat' dir='ltr'>quo</span> <span class='ocrx_word' id='word_1_112' title='bbox 760 2345 842 2409; x_wconf 92' lang='lat' dir='ltr'>sunt</span> <span class='ocrx_word' id='word_1_113' title='bbox 870 2338 1131 2427; x_wconf 88' lang='lat' dir='ltr'>quatuordeeim</span> <span class='ocrx_word' id='word_1_114' title='bbox 1149 2337 1241 2407; x_wconf 88' lang='lat' dir='ltr'>lanei</span> <span class='ocrx_word' id='word_1_115' title='bbox 1258 2338 1519 2426; x_wconf 90' lang='lat' dir='ltr'>oppidanorum,</span> <span class='ocrx_word' id='word_1_116' title='bbox 1538 2338 1581 2408; x_wconf 92' lang='lat' dir='ltr'>de</span> <span class='ocrx_word' id='word_1_117' title='bbox 1600 2359 1744 2429; x_wconf 90' lang='lat' dir='ltr'>quorum</span> <span class='ocrx_word' id='word_1_118' title='bbox 1762 2339 1861 2429; x_wconf 82' lang='lat' dir='ltr'>agris</span> 
     </span>
     <span class='ocr_line' id='line_1_15' title="bbox 306 2458 1861 2550; baseline 0.005 -21"><span class='ocrx_word' id='word_1_119' title='bbox 306 2459 453 2529; x_wconf 90' lang='lat' dir='ltr'>solvitur</span> <span class='ocrx_word' id='word_1_120' title='bbox 488 2458 622 2530; x_wconf 91' lang='lat' dir='ltr'>decima</span> <span class='ocrx_word' id='word_1_121' title='bbox 655 2459 880 2550; x_wconf 89' lang='lat' dir='ltr'>manipularis</span> <span class='ocrx_word' id='word_1_122' title='bbox 916 2465 953 2530; x_wconf 86' lang='lat' dir='ltr'>et</span> <span class='ocrx_word' id='word_1_123' title='bbox 986 2479 1050 2548; x_wconf 93' lang='lat' dir='ltr'>per</span> <span class='ocrx_word' id='word_1_124' title='bbox 1086 2463 1234 2547; x_wconf 88' lang='lat' dir='ltr'>quatuor</span> <span class='ocrx_word' id='word_1_125' title='bbox 1269 2458 1409 2547; x_wconf 89' lang='lat' dir='ltr'>ierugas</span> <span class='ocrx_word' id='word_1_126' title='bbox 1436 2459 1612 2548; x_wconf 88' lang='lat' dir='ltr'>canapalis</span> <span class='ocrx_word' id='word_1_127' title='bbox 1638 2459 1861 2549; x_wconf 66' lang='lat' dir='ltr'>praebenda</span> 
     </span>
     <span class='ocr_line' id='line_1_16' title="bbox 307 2578 1860 2681; baseline 0.001 -32"><span class='ocrx_word' id='word_1_128' title='bbox 307 2578 525 2669; x_wconf 82' lang='lat' dir='ltr'>Kycleziensi</span> <span class='ocrx_word' id='word_1_129' title='bbox 551 2578 821 2670; x_wconf 76' lang='lat' dir='ltr'>Pyrsznpezslra</span> <span class='ocrx_word' id='word_1_130' title='bbox 848 2586 885 2651; x_wconf 94' lang='lat' dir='ltr'>et</span> <span class='ocrx_word' id='word_1_131' title='bbox 910 2586 1074 2650; x_wconf 89' lang='lat' dir='ltr'>tenentur</span> <span class='ocrx_word' id='word_1_132' title='bbox 1092 2579 1187 2649; x_wconf 90' lang='lat' dir='ltr'>illam</span> <span class='ocrx_word' id='word_1_133' title='bbox 1205 2578 1368 2668; x_wconf 89' lang='lat' dir='ltr'>oppidani</span> <span class='ocrx_word' id='word_1_134' title='bbox 1385 2579 1536 2668; x_wconf 90' lang='lat' dir='ltr'>propriis</span> <span class='ocrx_word' id='word_1_135' title='bbox 1555 2581 1713 2651; x_wconf 87' lang='lat' dir='ltr'>curribus</span> <span class='ocrx_word' id='word_1_136' title='bbox 1725 2579 1860 2681; x_wconf 27' lang='lat' dir='ltr'>‚daoere</span> 
     </span>
     <span class='ocr_line' id='line_1_17' title="bbox 305 2700 1859 2772; baseline 0.001 -2"><span class='ocrx_word' id='word_1_137' title='bbox 305 2701 339 2770; x_wconf 95' lang='lat' dir='ltr'>in</span> <span class='ocrx_word' id='word_1_138' title='bbox 367 2700 529 2770; x_wconf 90' lang='lat' dir='ltr'>horreum</span> <span class='ocrx_word' id='word_1_139' title='bbox 557 2721 579 2770; x_wconf 91' lang='lat' dir='ltr'>a</span> <span class='ocrx_word' id='word_1_140' title='bbox 605 2701 768 2771; x_wconf 89' lang='lat' dir='ltr'>canonico</span> <span class='ocrx_word' id='word_1_141' title='bbox 796 2701 977 2772; x_wconf 90' lang='lat' dir='ltr'>locandum</span> <span class='ocrx_word' id='word_1_142' title='bbox 1004 2705 1040 2771; x_wconf 87' lang='lat' dir='ltr'>et</span> <span class='ocrx_word' id='word_1_143' title='bbox 1066 2700 1163 2771; x_wconf 89' lang='lat' dir='ltr'>valor</span> <span class='ocrx_word' id='word_1_144' title='bbox 1190 2700 1263 2769; x_wconf 93' lang='lat' dir='ltr'>cius</span> <span class='ocrx_word' id='word_1_145' title='bbox 1282 2700 1485 2770; x_wconf 86' lang='lat' dir='ltr'>aestimatur</span> <span class='ocrx_word' id='word_1_146' title='bbox 1503 2701 1548 2772; x_wconf 89' lang='lat' dir='ltr'>ad</span> <span class='ocrx_word' id='word_1_147' title='bbox 1566 2700 1746 2771; x_wconf 89' lang='lat' dir='ltr'>duodecim</span> <span class='ocrx_word' id='word_1_148' title='bbox 1764 2721 1859 2771; x_wconf 90' lang='lat' dir='ltr'>mar-</span> 
     </span>
     <span class='ocr_line' id='line_1_18' title="bbox 307 2819 1859 2911; baseline 0.002 -21"><span class='ocrx_word' id='word_1_149' title='bbox 307 2840 374 2890; x_wconf 91' lang='lat' dir='ltr'>eas.</span> <span class='ocrx_word' id='word_1_150' title='bbox 400 2820 490 2891; x_wconf 91' lang='lat' dir='ltr'>Item</span> <span class='ocrx_word' id='word_1_151' title='bbox 517 2821 634 2891; x_wconf 86' lang='lat' dir='ltr'>estin</span> <span class='ocrx_word' id='word_1_152' title='bbox 662 2821 782 2892; x_wconf 91' lang='lat' dir='ltr'>codem</span> <span class='ocrx_word' id='word_1_153' title='bbox 810 2822 936 2911; x_wconf 89' lang='lat' dir='ltr'>oppido</span> <span class='ocrx_word' id='word_1_154' title='bbox 963 2821 1161 2908; x_wconf 88' lang='lat' dir='ltr'>advocatus,</span> <span class='ocrx_word' id='word_1_155' title='bbox 1189 2821 1247 2909; x_wconf 87' lang='lat' dir='ltr'>qui</span> <span class='ocrx_word' id='word_1_156' title='bbox 1274 2819 1382 2890; x_wconf 86' lang='lat' dir='ltr'>habet</span> <span class='ocrx_word' id='word_1_157' title='bbox 1408 2821 1495 2892; x_wconf 89' lang='lat' dir='ltr'>duos</span> <span class='ocrx_word' id='word_1_158' title='bbox 1520 2821 1641 2893; x_wconf 88' lang='lat' dir='ltr'>laneos</span> <span class='ocrx_word' id='word_1_159' title='bbox 1658 2821 1796 2911; x_wconf 88' lang='lat' dir='ltr'>liberos,</span> <span class='ocrx_word' id='word_1_160' title='bbox 1813 2821 1859 2893; x_wconf 89' lang='lat' dir='ltr'>de</span> 
     </span>
     <span class='ocr_line' id='line_1_19' title="bbox 306 2940 1858 3034; baseline 0.002 -24"><span class='ocrx_word' id='word_1_161' title='bbox 306 2941 431 3031; x_wconf 88' lang='lat' dir='ltr'>quibus</span> <span class='ocrx_word' id='word_1_162' title='bbox 458 2942 563 3012; x_wconf 91' lang='lat' dir='ltr'>ctiam</span> <span class='ocrx_word' id='word_1_163' title='bbox 591 2942 696 3013; x_wconf 91' lang='lat' dir='ltr'>solvit</span> <span class='ocrx_word' id='word_1_164' title='bbox 723 2942 888 3013; x_wconf 88' lang='lat' dir='ltr'>decimam</span> <span class='ocrx_word' id='word_1_165' title='bbox 907 2942 1154 3031; x_wconf 89' lang='lat' dir='ltr'>manipularem</span> <span class='ocrx_word' id='word_1_166' title='bbox 1173 2940 1390 3030; x_wconf 88' lang='lat' dir='ltr'>praebendae</span> <span class='ocrx_word' id='word_1_167' title='bbox 1408 2940 1626 3030; x_wconf 87' lang='lat' dir='ltr'>Kyelcaicnsi</span> <span class='ocrx_word' id='word_1_168' title='bbox 1644 2941 1858 3034; x_wconf 83' lang='lat' dir='ltr'>Pprsznycz-</span> 
     </span>
     <span class='ocr_line' id='line_1_20' title="bbox 306 3059 1858 3158; baseline 0.002 -26"><span class='ocrx_word' id='word_1_169' title='bbox 306 3063 370 3132; x_wconf 86' lang='lat' dir='ltr'>ska</span> <span class='ocrx_word' id='word_1_170' title='bbox 397 3083 473 3132; x_wconf 91' lang='lat' dir='ltr'>cum</span> <span class='ocrx_word' id='word_1_171' title='bbox 500 3062 578 3133; x_wconf 89' lang='lat' dir='ltr'>aliis</span> <span class='ocrx_word' id='word_1_172' title='bbox 606 3062 788 3152; x_wconf 90' lang='lat' dir='ltr'>oppidanis</span> <span class='ocrx_word' id='word_1_173' title='bbox 814 3063 849 3134; x_wconf 90' lang='lat' dir='ltr'>in</span> <span class='ocrx_word' id='word_1_174' title='bbox 873 3059 1099 3158; x_wconf 56' lang='lat' dir='ltr'>positiuncula</span> <span class='ocrx_word' id='word_1_175' title='bbox 1126 3061 1171 3132; x_wconf 92' lang='lat' dir='ltr'>ad</span> <span class='ocrx_word' id='word_1_176' title='bbox 1197 3060 1404 3133; x_wconf 90' lang='lat' dir='ltr'>solutionem</span> <span class='ocrx_word' id='word_1_177' title='bbox 1431 3067 1547 3133; x_wconf 90' lang='lat' dir='ltr'>autem</span> <span class='ocrx_word' id='word_1_178' title='bbox 1575 3062 1726 3134; x_wconf 89' lang='lat' dir='ltr'>decimae</span> <span class='ocrx_word' id='word_1_179' title='bbox 1748 3083 1858 3153; x_wconf 15' lang='lat' dir='ltr'>‘cana-</span> 
     </span>
     <span class='ocr_line' id='line_1_21' title="bbox 304 3182 1858 3275; baseline 0.001 -22"><span class='ocrx_word' id='word_1_180' title='bbox 304 3183 393 3274; x_wconf 89' lang='lat' dir='ltr'>palis</span> <span class='ocrx_word' id='word_1_181' title='bbox 420 3205 488 3253; x_wconf 91' lang='lat' dir='ltr'>non</span> <span class='ocrx_word' id='word_1_182' title='bbox 508 3183 690 3273; x_wconf 87' lang='lat' dir='ltr'>obligatur.</span> <span class='ocrx_word' id='word_1_183' title='bbox 717 3184 805 3254; x_wconf 91' lang='lat' dir='ltr'>Item</span> <span class='ocrx_word' id='word_1_184' title='bbox 824 3184 858 3254; x_wconf 89' lang='lat' dir='ltr'>in</span> <span class='ocrx_word' id='word_1_185' title='bbox 878 3183 1004 3275; x_wconf 91' lang='lat' dir='ltr'>oppido</span> <span class='ocrx_word' id='word_1_186' title='bbox 1022 3182 1179 3272; x_wconf 87' lang='lat' dir='ltr'>praelato</span> <span class='ocrx_word' id='word_1_187' title='bbox 1198 3204 1266 3252; x_wconf 92' lang='lat' dir='ltr'>non</span> <span class='ocrx_word' id='word_1_188' title='bbox 1286 3188 1340 3253; x_wconf 92' lang='lat' dir='ltr'>cst</span> <span class='ocrx_word' id='word_1_189' title='bbox 1358 3182 1496 3272; x_wconf 91' lang='lat' dir='ltr'>aliquod</span> <span class='ocrx_word' id='word_1_190' title='bbox 1515 3183 1694 3273; x_wconf 90' lang='lat' dir='ltr'>praedium</span> <span class='ocrx_word' id='word_1_191' title='bbox 1713 3183 1858 3273; x_wconf 90' lang='lat' dir='ltr'>regium,</span> 
     </span>
     <span class='ocr_line' id='line_1_22' title="bbox 306 3302 1859 3394; baseline 0.001 -19"><span class='ocrx_word' id='word_1_192' title='bbox 306 3324 419 3394; x_wconf 91' lang='lat' dir='ltr'>neque</span> <span class='ocrx_word' id='word_1_193' title='bbox 445 3304 685 3392; x_wconf 89' lang='lat' dir='ltr'>hortulaniae;</span> <span class='ocrx_word' id='word_1_194' title='bbox 711 3305 793 3375; x_wconf 88' lang='lat' dir='ltr'>item</span> <span class='ocrx_word' id='word_1_195' title='bbox 821 3305 989 3394; x_wconf 90' lang='lat' dir='ltr'>plebanus</span> <span class='ocrx_word' id='word_1_196' title='bbox 1016 3302 1171 3375; x_wconf 91' lang='lat' dir='ltr'>eiusdem</span> <span class='ocrx_word' id='word_1_197' title='bbox 1198 3302 1316 3393; x_wconf 91' lang='lat' dir='ltr'>oppidi</span> <span class='ocrx_word' id='word_1_198' title='bbox 1343 3304 1450 3374; x_wconf 89' lang='lat' dir='ltr'>babet</span> <span class='ocrx_word' id='word_1_199' title='bbox 1476 3325 1582 3375; x_wconf 91' lang='lat' dir='ltr'>unum</span> <span class='ocrx_word' id='word_1_200' title='bbox 1608 3302 1745 3377; x_wconf 87' lang='lat' dir='ltr'>laneum</span> <span class='ocrx_word' id='word_1_201' title='bbox 1771 3304 1859 3376; x_wconf 88' lang='lat' dir='ltr'>libe·</span> 
     </span>
     <span class='ocr_line' id='line_1_23' title="bbox 304 3424 1282 3515; baseline -0.001 -21"><span class='ocrx_word' id='word_1_202' title='bbox 304 3446 393 3513; x_wconf 89' lang='lat' dir='ltr'>mm,</span> <span class='ocrx_word' id='word_1_203' title='bbox 421 3424 559 3514; x_wconf 90' lang='lat' dir='ltr'>dequo</span> <span class='ocrx_word' id='word_1_204' title='bbox 586 3425 672 3495; x_wconf 92' lang='lat' dir='ltr'>nulli</span> <span class='ocrx_word' id='word_1_205' title='bbox 699 3425 804 3497; x_wconf 92' lang='lat' dir='ltr'>solvit</span> <span class='ocrx_word' id='word_1_206' title='bbox 830 3425 997 3496; x_wconf 89' lang='lat' dir='ltr'>decimam</span> <span class='ocrx_word' id='word_1_207' title='bbox 1024 3424 1282 3515; x_wconf 89' lang='lat' dir='ltr'>manipularem.</span> 
     </span>
    </p>

    <p class='ocr_par' dir='ltr' id='par_1_4' title="bbox 304 3543 1881 3878">
     <span class='ocr_line' id='line_1_24' title="bbox 409 3543 1881 3637; baseline 0.001 -22"><span class='ocrx_word' id='word_1_208' title='bbox 409 3545 509 3616; x_wconf 89' lang='lat' dir='ltr'>Hanc</span> <span class='ocrx_word' id='word_1_209' title='bbox 544 3545 711 3617; x_wconf 88' lang='lat' dir='ltr'>decimam</span> <span class='ocrx_word' id='word_1_210' title='bbox 746 3547 1021 3618; x_wconf 87' lang='lat' dir='ltr'>Bodzantha</span> <span class='ocrx_word' id='word_1_211' title='bbox 1056 3546 1237 3635; x_wconf 92' lang='lat' dir='ltr'>episcopus</span> <span class='ocrx_word' id='word_1_212' title='bbox 1271 3543 1509 3619; x_wconf 83' lang='lat' dir='ltr'>Cracovicnsis</span> <span class='ocrx_word' id='word_1_213' title='bbox 1540 3546 1647 3618; x_wconf 80' lang='lat'><strong>1359.</strong></span> <span class='ocrx_word' id='word_1_214' title='bbox 1674 3547 1881 3637; x_wconf 82' lang='lat' dir='ltr'>praesenti</span> 
     </span>
     <span class='ocr_line' id='line_1_25' title="bbox 304 3666 1856 3758; baseline 0.001 -20"><span class='ocrx_word' id='word_1_215' title='bbox 304 3666 523 3756; x_wconf 88' lang='lat' dir='ltr'>praebendae</span> <span class='ocrx_word' id='word_1_216' title='bbox 550 3667 698 3739; x_wconf 87' lang='lat' dir='ltr'>contulit</span> <span class='ocrx_word' id='word_1_217' title='bbox 724 3667 761 3738; x_wconf 93' lang='lat' dir='ltr'>in</span> <span class='ocrx_word' id='word_1_218' title='bbox 787 3688 1045 3758; x_wconf 89' lang='lat' dir='ltr'>recompensam</span> <span class='ocrx_word' id='word_1_219' title='bbox 1071 3667 1270 3738; x_wconf 90' lang='lat' dir='ltr'>reddituum</span> <span class='ocrx_word' id='word_1_220' title='bbox 1298 3672 1335 3739; x_wconf 93' lang='lat' dir='ltr'>et</span> <span class='ocrx_word' id='word_1_221' title='bbox 1361 3666 1543 3757; x_wconf 84' lang='lat' dir='ltr'>fruetuum,</span> <span class='ocrx_word' id='word_1_222' title='bbox 1562 3687 1648 3758; x_wconf 90' lang='lat' dir='ltr'>quos</span> <span class='ocrx_word' id='word_1_223' title='bbox 1666 3667 1702 3738; x_wconf 91' lang='lat' dir='ltr'>in</span> <span class='ocrx_word' id='word_1_224' title='bbox 1719 3667 1856 3740; x_wconf 84' lang='lat' dir='ltr'>Keleai·</span> 
     </span>
     <span class='ocr_line' id='line_1_26' title="bbox 304 3787 865 3878; baseline 0 -20"><span class='ocrx_word' id='word_1_225' title='bbox 304 3787 446 3859; x_wconf 90' lang='lat' dir='ltr'>ensibus</span> <span class='ocrx_word' id='word_1_226' title='bbox 474 3788 630 3859; x_wconf 89' lang='lat' dir='ltr'>tabernis</span> <span class='ocrx_word' id='word_1_227' title='bbox 657 3789 865 3878; x_wconf 91' lang='lat' dir='ltr'>possidebat.</span> 
     </span>
    </p>

    <p class='ocr_par' dir='ltr' id='par_1_5' title="bbox 301 3907 1857 4968">
     <span class='ocr_line' id='line_1_27' title="bbox 406 3907 1856 4000; baseline 0.003 -23"><span class='ocrx_word' id='word_1_228' title='bbox 406 3907 591 3997; x_wconf 83' lang='lat' dir='ltr'>Krnncza,</span> <span class='ocrx_word' id='word_1_229' title='bbox 619 3908 794 3999; x_wconf 88' lang='lat' dir='ltr'>oppidum,</span> <span class='ocrx_word' id='word_1_230' title='bbox 821 3909 857 3979; x_wconf 90' lang='lat' dir='ltr'>in</span> <span class='ocrx_word' id='word_1_231' title='bbox 876 3931 944 3999; x_wconf 90' lang='lat' dir='ltr'>quo</span> <span class='ocrx_word' id='word_1_232' title='bbox 961 3916 1001 3981; x_wconf 89' lang='lat' dir='ltr'>ut</span> <span class='ocrx_word' id='word_1_233' title='bbox 1018 3930 1124 3999; x_wconf 90' lang='lat' dir='ltr'>supra</span> <span class='ocrx_word' id='word_1_234' title='bbox 1141 3909 1342 3999; x_wconf 87' lang='lat' dir='ltr'>scripsimus</span> <span class='ocrx_word' id='word_1_235' title='bbox 1361 3909 1543 3998; x_wconf 83' lang='lat' dir='ltr'>collegiata</span> <span class='ocrx_word' id='word_1_236' title='bbox 1561 3910 1707 3982; x_wconf 89' lang='lat' dir='ltr'>eeclesia</span> <span class='ocrx_word' id='word_1_237' title='bbox 1724 3909 1856 4000; x_wconf 84' lang='lat' dir='ltr'>existit,</span> 
     </span>
     <span class='ocr_line' id='line_1_28' title="bbox 303 4012 1854 4122; baseline 0.003 -23"><span class='ocrx_word' id='word_1_238' title='bbox 303 4035 340 4100; x_wconf 87' lang='lat' dir='ltr'>et</span> <span class='ocrx_word' id='word_1_239' title='bbox 366 4029 430 4099; x_wconf 88' lang='lat' dir='ltr'>sub</span> <span class='ocrx_word' id='word_1_240' title='bbox 460 4029 557 4100; x_wconf 90' lang='lat' dir='ltr'>cuius</span> <span class='ocrx_word' id='word_1_241' title='bbox 583 4029 750 4117; x_wconf 88' lang='lat' dir='ltr'>parochia</span> <span class='ocrx_word' id='word_1_242' title='bbox 775 4012 988 4119; x_wconf 80' lang='lat' dir='ltr'>praedictum</span> <span class='ocrx_word' id='word_1_243' title='bbox 1016 4030 1180 4120; x_wconf 92' lang='lat' dir='ltr'>oppidum</span> <span class='ocrx_word' id='word_1_244' title='bbox 1207 4029 1407 4122; x_wconf 85' lang='lat' dir='ltr'>Kyeloze</span> <span class='ocrx_word' id='word_1_245' title='bbox 1434 4031 1541 4102; x_wconf 91' lang='lat' dir='ltr'>situm</span> <span class='ocrx_word' id='word_1_246' title='bbox 1566 4037 1630 4122; x_wconf 87' lang='lat' dir='ltr'>est,</span> <span class='ocrx_word' id='word_1_247' title='bbox 1658 4031 1755 4103; x_wconf 90' lang='lat' dir='ltr'>cuius</span> <span class='ocrx_word' id='word_1_248' title='bbox 1776 4032 1854 4122; x_wconf 91' lang='lat' dir='ltr'>qui·</span> 
     </span>
     <span class='ocr_line' id='line_1_29' title="bbox 304 4148 1855 4242; baseline 0.003 -22"><span class='ocrx_word' id='word_1_249' title='bbox 304 4149 381 4221; x_wconf 91' lang='lat' dir='ltr'>dem</span> <span class='ocrx_word' id='word_1_250' title='bbox 409 4148 527 4239; x_wconf 92' lang='lat' dir='ltr'>oppidi</span> <span class='ocrx_word' id='word_1_251' title='bbox 562 4151 758 4240; x_wconf 88' lang='lat' dir='ltr'>proprietas</span> <span class='ocrx_word' id='word_1_252' title='bbox 784 4156 822 4221; x_wconf 89' lang='lat' dir='ltr'>et</span> <span class='ocrx_word' id='word_1_253' title='bbox 848 4151 1036 4224; x_wconf 92' lang='lat' dir='ltr'>dominium</span> <span class='ocrx_word' id='word_1_254' title='bbox 1063 4152 1107 4223; x_wconf 91' lang='lat' dir='ltr'>ad</span> <span class='ocrx_word' id='word_1_255' title='bbox 1134 4152 1331 4241; x_wconf 90' lang='lat' dir='ltr'>episcopum</span> <span class='ocrx_word' id='word_1_256' title='bbox 1358 4149 1621 4224; x_wconf 73' lang='lat' dir='ltr'>cracoviensem</span> <span class='ocrx_word' id='word_1_257' title='bbox 1648 4153 1750 4242; x_wconf 92' lang='lat' dir='ltr'>pleno</span> <span class='ocrx_word' id='word_1_258' title='bbox 1777 4152 1855 4224; x_wconf 89' lang='lat' dir='ltr'>iure</span> 
     </span>
     <span class='ocr_line' id='line_1_30' title="bbox 303 4270 1853 4362; baseline 0.003 -22"><span class='ocrx_word' id='word_1_259' title='bbox 303 4270 463 4361; x_wconf 81' lang='lat' dir='ltr'>pertinet,</span> <span class='ocrx_word' id='word_1_260' title='bbox 482 4271 518 4341; x_wconf 95' lang='lat' dir='ltr'>in</span> <span class='ocrx_word' id='word_1_261' title='bbox 546 4292 613 4361; x_wconf 92' lang='lat' dir='ltr'>quo</span> <span class='ocrx_word' id='word_1_262' title='bbox 640 4276 722 4341; x_wconf 89' lang='lat' dir='ltr'>sunt</span> <span class='ocrx_word' id='word_1_263' title='bbox 747 4271 872 4361; x_wconf 90' lang='lat' dir='ltr'>viginti</span> <span class='ocrx_word' id='word_1_264' title='bbox 898 4277 1046 4362; x_wconf 89' lang='lat' dir='ltr'>quatuor</span> <span class='ocrx_word' id='word_1_265' title='bbox 1074 4272 1193 4343; x_wconf 88' lang='lat' dir='ltr'>civiles</span> <span class='ocrx_word' id='word_1_266' title='bbox 1219 4272 1320 4361; x_wconf 86' lang='lat' dir='ltr'>lanei,</span> <span class='ocrx_word' id='word_1_267' title='bbox 1348 4271 1391 4342; x_wconf 89' lang='lat' dir='ltr'>de</span> <span class='ocrx_word' id='word_1_268' title='bbox 1419 4272 1543 4362; x_wconf 90' lang='lat' dir='ltr'>quibus</span> <span class='ocrx_word' id='word_1_269' title='bbox 1570 4273 1729 4344; x_wconf 88' lang='lat' dir='ltr'>omnibus</span> <span class='ocrx_word' id='word_1_270' title='bbox 1747 4272 1853 4345; x_wconf 89' lang='lat' dir='ltr'>selvi-</span> 
     </span>
     <span class='ocr_line' id='line_1_31' title="bbox 303 4391 1857 4483; baseline 0.001 -20"><span class='ocrx_word' id='word_1_271' title='bbox 303 4398 363 4463; x_wconf 90' lang='lat' dir='ltr'>tur</span> <span class='ocrx_word' id='word_1_272' title='bbox 389 4391 523 4465; x_wconf 87' lang='lat' dir='ltr'>decima</span> <span class='ocrx_word' id='word_1_273' title='bbox 557 4391 784 4483; x_wconf 89' lang='lat' dir='ltr'>manipularis</span> <span class='ocrx_word' id='word_1_274' title='bbox 809 4392 846 4462; x_wconf 90' lang='lat' dir='ltr'>in</span> <span class='ocrx_word' id='word_1_275' title='bbox 872 4413 940 4463; x_wconf 91' lang='lat' dir='ltr'>uno</span> <span class='ocrx_word' id='word_1_276' title='bbox 968 4412 1059 4462; x_wconf 90' lang='lat' dir='ltr'>anno</span> <span class='ocrx_word' id='word_1_277' title='bbox 1086 4392 1186 4482; x_wconf 89' lang='lat' dir='ltr'>plene</span> <span class='ocrx_word' id='word_1_278' title='bbox 1213 4397 1251 4463; x_wconf 91' lang='lat' dir='ltr'>et</span> <span class='ocrx_word' id='word_1_279' title='bbox 1275 4392 1410 4481; x_wconf 85' lang='lat' dir='ltr'>integre</span> <span class='ocrx_word' id='word_1_280' title='bbox 1437 4412 1501 4482; x_wconf 91' lang='lat' dir='ltr'>pro</span> <span class='ocrx_word' id='word_1_281' title='bbox 1528 4392 1671 4464; x_wconf 87' lang='lat' dir='ltr'>custode</span> <span class='ocrx_word' id='word_1_282' title='bbox 1697 4392 1857 4483; x_wconf 58' lang='lat' dir='ltr'>Kyelcziss</span> 
     </span>
     <span class='ocr_line' id='line_1_32' title="bbox 303 4511 1854 4603; baseline 0.002 -19"><span class='ocrx_word' id='word_1_283' title='bbox 303 4513 387 4603; x_wconf 89' lang='lat' dir='ltr'>ensi,</span> <span class='ocrx_word' id='word_1_284' title='bbox 414 4514 450 4584; x_wconf 91' lang='lat' dir='ltr'>in</span> <span class='ocrx_word' id='word_1_285' title='bbox 476 4513 588 4585; x_wconf 89' lang='lat' dir='ltr'>altero</span> <span class='ocrx_word' id='word_1_286' title='bbox 615 4518 731 4584; x_wconf 89' lang='lat' dir='ltr'>autem</span> <span class='ocrx_word' id='word_1_287' title='bbox 758 4532 849 4584; x_wconf 91' lang='lat' dir='ltr'>anno</span> <span class='ocrx_word' id='word_1_288' title='bbox 876 4512 1010 4584; x_wconf 89' lang='lat' dir='ltr'>decima</span> <span class='ocrx_word' id='word_1_289' title='bbox 1036 4511 1194 4603; x_wconf 85' lang='lat' dir='ltr'>praelata</span> <span class='ocrx_word' id='word_1_290' title='bbox 1219 4512 1483 4602; x_wconf 85' lang='lat' dir='ltr'>diversificatur,</span> <span class='ocrx_word' id='word_1_291' title='bbox 1501 4533 1581 4584; x_wconf 88' lang='lat' dir='ltr'>nam</span> <span class='ocrx_word' id='word_1_292' title='bbox 1599 4533 1669 4585; x_wconf 88' lang='lat' dir='ltr'>una</span> <span class='ocrx_word' id='word_1_293' title='bbox 1686 4512 1854 4587; x_wconf 81' lang='lat' dir='ltr'>medietas</span> 
     </span>
     <span class='ocr_line' id='line_1_33' title="bbox 302 4622 1857 4725; baseline 0.001 -19"><span class='ocrx_word' id='word_1_294' title='bbox 302 4635 379 4706; x_wconf 89' lang='lat' dir='ltr'>eius</span> <span class='ocrx_word' id='word_1_295' title='bbox 405 4634 499 4706; x_wconf 85' lang='lat' dir='ltr'>cedit</span> <span class='ocrx_word' id='word_1_296' title='bbox 525 4634 744 4724; x_wconf 88' lang='lat' dir='ltr'>praebendae</span> <span class='ocrx_word' id='word_1_297' title='bbox 771 4632 1008 4724; x_wconf 80' lang='lat' dir='ltr'>erlcziensi,</span> <span class='ocrx_word' id='word_1_298' title='bbox 1034 4638 1176 4707; x_wconf 88' lang='lat' dir='ltr'>vocatae</span> <span class='ocrx_word' id='word_1_299' title='bbox 1202 4632 1480 4725; x_wconf 85' lang='lat' dir='ltr'>Pyrsznyczslra,</span> <span class='ocrx_word' id='word_1_300' title='bbox 1507 4638 1543 4704; x_wconf 90' lang='lat' dir='ltr'>et</span> <span class='ocrx_word' id='word_1_301' title='bbox 1569 4638 1732 4707; x_wconf 87' lang='lat' dir='ltr'>tenentur</span> <span class='ocrx_word' id='word_1_302' title='bbox 1757 4622 1857 4707; x_wconf 79' lang='lat' dir='ltr'>illam</span> 
     </span>
     <span class='ocr_line' id='line_1_34' title="bbox 301 4754 1854 4846; baseline 0 -18"><span class='ocrx_word' id='word_1_303' title='bbox 301 4755 466 4846; x_wconf 91' lang='lat' dir='ltr'>oppidani</span> <span class='ocrx_word' id='word_1_304' title='bbox 491 4755 644 4846; x_wconf 90' lang='lat' dir='ltr'>propriis</span> <span class='ocrx_word' id='word_1_305' title='bbox 670 4755 830 4827; x_wconf 90' lang='lat' dir='ltr'>curribus</span> <span class='ocrx_word' id='word_1_306' title='bbox 857 4754 983 4828; x_wconf 88' lang='lat' dir='ltr'>ducere</span> <span class='ocrx_word' id='word_1_307' title='bbox 1008 4755 1045 4825; x_wconf 91' lang='lat' dir='ltr'>in</span> <span class='ocrx_word' id='word_1_308' title='bbox 1070 4756 1236 4826; x_wconf 91' lang='lat' dir='ltr'>horreum</span> <span class='ocrx_word' id='word_1_309' title='bbox 1262 4775 1283 4825; x_wconf 89' lang='lat' dir='ltr'>a</span> <span class='ocrx_word' id='word_1_310' title='bbox 1310 4755 1475 4828; x_wconf 87' lang='lat' dir='ltr'>canonico</span> <span class='ocrx_word' id='word_1_311' title='bbox 1493 4754 1684 4846; x_wconf 88' lang='lat' dir='ltr'>locandum,</span> <span class='ocrx_word' id='word_1_312' title='bbox 1701 4760 1739 4827; x_wconf 86' lang='lat' dir='ltr'>et</span> <span class='ocrx_word' id='word_1_313' title='bbox 1755 4755 1854 4828; x_wconf 85' lang='lat' dir='ltr'>valor</span> 
     </span>
     <span class='ocr_line' id='line_1_35' title="bbox 301 4876 1854 4968; baseline 0 -20"><span class='ocrx_word' id='word_1_314' title='bbox 301 4877 385 4968; x_wconf 90' lang='lat' dir='ltr'>eius,</span> <span class='ocrx_word' id='word_1_315' title='bbox 412 4877 494 4949; x_wconf 90' lang='lat' dir='ltr'>dum</span> <span class='ocrx_word' id='word_1_316' title='bbox 521 4882 576 4948; x_wconf 89' lang='lat' dir='ltr'>est</span> <span class='ocrx_word' id='word_1_317' title='bbox 601 4876 784 4948; x_wconf 81' lang='lat' dir='ltr'>dunidiata</span> <span class='ocrx_word' id='word_1_318' title='bbox 809 4882 846 4948; x_wconf 90' lang='lat' dir='ltr'>et</span> <span class='ocrx_word' id='word_1_319' title='bbox 871 4876 964 4949; x_wconf 82' lang='lat' dir='ltr'>cedit</span> <span class='ocrx_word' id='word_1_320' title='bbox 988 4897 1053 4968; x_wconf 91' lang='lat' dir='ltr'>pro</span> <span class='ocrx_word' id='word_1_321' title='bbox 1080 4877 1254 4966; x_wconf 84' lang='lat' dir='ltr'>canonico,</span> <span class='ocrx_word' id='word_1_322' title='bbox 1280 4877 1486 4949; x_wconf 90' lang='lat' dir='ltr'>aestimatur</span> <span class='ocrx_word' id='word_1_323' title='bbox 1511 4877 1556 4948; x_wconf 90' lang='lat' dir='ltr'>ad</span> <span class='ocrx_word' id='word_1_324' title='bbox 1574 4876 1693 4949; x_wconf 90' lang='lat' dir='ltr'>decem</span> <span class='ocrx_word' id='word_1_325' title='bbox 1710 4897 1854 4950; x_wconf 85' lang='lat' dir='ltr'>mareas.</span> 
     </span>
    </p>

    <p class='ocr_par' dir='ltr' id='par_1_6' title="bbox 300 4998 1853 5473">
     <span class='ocr_line' id='line_1_36' title="bbox 404 4998 1852 5091; baseline 0.003 -22"><span class='ocrx_word' id='word_1_326' title='bbox 404 4998 584 5089; x_wconf 72' lang='lat' dir='ltr'>Kome,</span> <span class='ocrx_word' id='word_1_327' title='bbox 611 4999 696 5070; x_wconf 89' lang='lat' dir='ltr'>villa</span> <span class='ocrx_word' id='word_1_328' title='bbox 731 5000 794 5070; x_wconf 90' lang='lat' dir='ltr'>sub</span> <span class='ocrx_word' id='word_1_329' title='bbox 829 4998 996 5090; x_wconf 83' lang='lat' dir='ltr'>parocbia</span> <span class='ocrx_word' id='word_1_330' title='bbox 1030 4998 1195 5071; x_wconf 85' lang='lat' dir='ltr'>ecelesiae</span> <span class='ocrx_word' id='word_1_331' title='bbox 1222 4998 1265 5070; x_wconf 93' lang='lat' dir='ltr'>de</span> <span class='ocrx_word' id='word_1_332' title='bbox 1290 4998 1611 5091; x_wconf 81' lang='lat' dir='ltr'>Dalyeszpeze</span> <span class='ocrx_word' id='word_1_333' title='bbox 1637 5000 1727 5090; x_wconf 88' lang='lat' dir='ltr'>sita,</span> <span class='ocrx_word' id='word_1_334' title='bbox 1753 4999 1852 5073; x_wconf 90' lang='lat' dir='ltr'>euius</span> 
     </span>
     <span class='ocr_line' id='line_1_37' title="bbox 300 5118 1853 5223; baseline 0.001 -32"><span class='ocrx_word' id='word_1_335' title='bbox 300 5119 498 5211; x_wconf 87' lang='lat' dir='ltr'>proprietas</span> <span class='ocrx_word' id='word_1_336' title='bbox 535 5126 571 5192; x_wconf 90' lang='lat' dir='ltr'>et</span> <span class='ocrx_word' id='word_1_337' title='bbox 606 5120 795 5193; x_wconf 91' lang='lat' dir='ltr'>dominium</span> <span class='ocrx_word' id='word_1_338' title='bbox 830 5119 875 5192; x_wconf 88' lang='lat' dir='ltr'>ad</span> <span class='ocrx_word' id='word_1_339' title='bbox 901 5120 1100 5211; x_wconf 88' lang='lat' dir='ltr'>episcopum</span> <span class='ocrx_word' id='word_1_340' title='bbox 1127 5118 1390 5193; x_wconf 82' lang='lat' dir='ltr'>Graeoviensem</span> <span class='ocrx_word' id='word_1_341' title='bbox 1416 5140 1481 5211; x_wconf 90' lang='lat' dir='ltr'>pro</span> <span class='ocrx_word' id='word_1_342' title='bbox 1506 5125 1665 5223; x_wconf 75' lang='lat' dir='ltr'>tempore</span> <span class='ocrx_word' id='word_1_343' title='bbox 1689 5121 1853 5213; x_wconf 77' lang='lat' dir='ltr'>pertinet,</span> 
     </span>
     <span class='ocr_line' id='line_1_38' title="bbox 301 5240 1853 5335; baseline 0.003 -22"><span class='ocrx_word' id='word_1_344' title='bbox 301 5241 339 5313; x_wconf 95' lang='lat' dir='ltr'>in</span> <span class='ocrx_word' id='word_1_345' title='bbox 366 5247 542 5332; x_wconf 80' lang='lat' dir='ltr'>quaeunt</span> <span class='ocrx_word' id='word_1_346' title='bbox 568 5241 748 5314; x_wconf 86' lang='lat' dir='ltr'>duodecim</span> <span class='ocrx_word' id='word_1_347' title='bbox 774 5241 867 5313; x_wconf 88' lang='lat' dir='ltr'>lanei</span> <span class='ocrx_word' id='word_1_348' title='bbox 893 5240 1137 5333; x_wconf 87' lang='lat' dir='ltr'>emethonales,</span> <span class='ocrx_word' id='word_1_349' title='bbox 1163 5241 1247 5313; x_wconf 88' lang='lat' dir='ltr'>itcm</span> <span class='ocrx_word' id='word_1_350' title='bbox 1272 5241 1342 5315; x_wconf 89' lang='lat' dir='ltr'>duo</span> <span class='ocrx_word' id='word_1_351' title='bbox 1367 5242 1461 5315; x_wconf 88' lang='lat' dir='ltr'>lanei</span> <span class='ocrx_word' id='word_1_352' title='bbox 1477 5240 1697 5333; x_wconf 85' lang='lat' dir='ltr'>scoltetiales‚</span> <span class='ocrx_word' id='word_1_353' title='bbox 1715 5243 1759 5315; x_wconf 91' lang='lat' dir='ltr'>de</span> <span class='ocrx_word' id='word_1_354' title='bbox 1777 5245 1853 5335; x_wconf 89' lang='lat' dir='ltr'>qui·</span> 
     </span>
     <span class='ocr_line' id='line_1_39' title="bbox 303 5362 1853 5473; baseline 0.004 -36"><span class='ocrx_word' id='word_1_355' title='bbox 303 5362 370 5442; x_wconf 84' lang='lat' dir='ltr'>bus</span> <span class='ocrx_word' id='word_1_356' title='bbox 405 5362 564 5441; x_wconf 86' lang='lat' dir='ltr'>omnibus</span> <span class='ocrx_word' id='word_1_357' title='bbox 591 5363 739 5437; x_wconf 92' lang='lat' dir='ltr'>solvitur</span> <span class='ocrx_word' id='word_1_358' title='bbox 765 5362 903 5437; x_wconf 89' lang='lat' dir='ltr'>decima</span> <span class='ocrx_word' id='word_1_359' title='bbox 927 5362 1153 5465; x_wconf 88' lang='lat' dir='ltr'>manipularis</span> <span class='ocrx_word' id='word_1_360' title='bbox 1180 5366 1216 5436; x_wconf 89' lang='lat' dir='ltr'>et</span> <span class='ocrx_word' id='word_1_361' title='bbox 1241 5384 1305 5456; x_wconf 91' lang='lat' dir='ltr'>per</span> <span class='ocrx_word' id='word_1_362' title='bbox 1329 5368 1480 5473; x_wconf 85' lang='lat' dir='ltr'>quatuor</span> <span class='ocrx_word' id='word_1_363' title='bbox 1505 5364 1644 5457; x_wconf 82' lang='lat' dir='ltr'>ierugas</span> <span class='ocrx_word' id='word_1_364' title='bbox 1669 5365 1853 5470; x_wconf 71' lang='lat' dir='ltr'>canapnlis.</span> 
     </span>
    </p>
   </div>
   <div class='ocr_carea' id='block_1_3' title="bbox 0 0 2030 6054">
    <p class='ocr_par' dir='ltr' id='par_1_7' title="bbox 0 0 2030 6054">
     <span class='ocr_line' id='line_1_40' title="bbox 0 0 2030 6054; baseline 0 0"><span class='ocrx_word' id='word_1_365' title='bbox 0 0 2030 6054; x_wconf 95' lang='lat' dir='ltr'> </span> 
     </span>
    </p>
   </div>
  </div>
 </body>
</html>
