4050 6054
1711 420 1782 494 591

228 622 411 714 magister,
430 622 582 697 Jacobus
601 621 644 695 de
662 621 960 697 Bodzauczin
980 625 1163 697 canonicus
1182 621 1496 718 Oppathoviensis,
1515 625 1606 699 datis
1624 628 1785 719 episcopo

194 813 199 820 .
229 745 443 818 Lubuczcnsi
471 746 719 817 Fridcrico
747 747 942 836 quingentis
969 747 1114 817 florenis
1142 748 1176 816 in
1196 768 1296 837 auro,
1331 768 1393 838 pro
1422 749 1545 839 quibus
1573 754 1668 820 certa
1694 751 1786 821 bona

229 866 448 956 episcopatus
476 866 711 938 Inrbuczensis
746 867 782 938 in
809 888 916 938 usura
950 866 1160 958 foenoreque
1187 869 1319 959 posita,
1347 869 1527 959 redempta
1554 875 1655 959 suut,
1691 869 1784 940 illam

228 987 295 1080 sibi
321 994 489 1077 perpetuo
518 987 639 1058 donari
667 993 702 1058 et
728 988 871 1059 inscribi
898 988 1120 1077 abepiscopo
1148 995 1184 1059 et
1202 990 1352 1078 capitulo
1378 989 1594 1060 Lubuczensi
1622 989 1779 1061 obtinue-

229 1114 329 1197 runt,
366 1130 468 1198 qnam
503 1109 638 1179 eteius
665 1110 914 1199 proprietatem
942 1114 1046 1199 atque
1083 1129 1182 1180 usum
1209 1110 1348 1181 vicariis
1381 1108 1720 1200 Oppathoviensibus
1747 1116 1784 1181 et

229 1249 347 1301 eorum
375 1230 613 1300 communitati
641 1230 879 1320 contulerunt,
908 1235 943 1300 et
962 1235 1129 1320 perpetuo
1157 1231 1416 1321 inscripserunt,
1444 1232 1508 1302 sub
1527 1252 1568 1302 ea
1587 1231 1782 1302 conditione

229 1356 264 1420 et
290 1372 405 1440 onere,
432 1357 470 1421 ut
497 1351 643 1441 singulis
671 1350 792 1421 diebus
819 1350 953 1421 feriatis
981 1356 1111 1422 01000
1138 1350 1289 1441 10010110,
1317 1372 1406 1422 0000
1433 1373 1474 1421 cx
1502 1353 1641 1422 vicariis
1669 1350 1783 1443 Oppa-

228 1472 467 1543 thoviensibus
495 1471 584 1544 infra
610 1472 746 1562 pulsum
774 1473 906 1561 primae
933 1474 968 1542 in
986 1473 1175 1543 remedium
1202 1472 1349 1562 praefati
1377 1475 1527 1545 cantoris
1563 1479 1599 1544 01
1617 1474 1640 1544 J
1649 1475 1783 1559 acobi

228 1594 383 1664 canonici
410 1615 512 1664 unam
535 1594 676 1664 missam
695 1593 933 1664 defunctorum
951 1593 1066 1684 legere
1093 1599 1129 1664 et
1147 1594 1286 1683 explere
1304 1601 1497 1685 teneantur,
1525 1595 1622 1666 euius
1642 1595 1781 1685 quidem

229 1719 417 1804 proventus
445 1714 596 1785 decimae
624 1712 916 1804 Oppathoviensis
943 1714 1064 1785 vicarii
1091 1720 1127 1785 et
1144 1716 1310 1804 magister
1338 1717 1451 1786 scolae
1470 1715 1662 1805 aequaliter
1689 1716 1781 1787 inter

232 1855 269 1906 00
295 1840 458 1906 10000100
485 1835 659 1923 (11011100ος
685 1836 768 1906 item
795 1841 908 1907 totum
936 1834 1166 1924 offertorium,
1194 1836 1285 1926 quod
1313 1835 1405 1907 cedit
1432 1835 1474 1906 de
1501 1836 1664 1926 ecclesia,
1700 1837 1784 1908 item

229 1976 364 2027 omnem
392 1960 591 2046 quaestum,
628 1956 685 2045 qui
713 1956 806 2030 cedit
841 1956 883 2026 de
909 1954 1207 2045 fraterintatibuS,
1235 1957 1318 2026 item
1346 1976 1464 2027 omues
1492 1956 1579 2028 alios
1607 1962 1782 2046 quaestus,

230 2097 432 2166 quocunque
460 2077 595 2147 nominc
614 2082 769 2165 vocatos,
798 2076 991 2169 quicunqne
1018 2076 1145 2147 cedunt
1172 2076 1391 2166 deecclesia,
1419 2076 1511 2148 10100
1538 2097 1575 2147 00
1593 2076 1784 2167 aequaliter

229 2197 351 2268 vicarii
378 2202 414 2267 et
442 2197 608 2286 magister
636 2197 749 2268 scolae
777 2197 945 2269 dividunt.

231 2412 238 2422 .
333 2317 421 2388 Item
449 2319 567 2387 vicarii
595 2325 632 2388 et
657 2319 823 2407 magister
850 2318 963 2388 scolae
994 2300 1127 2408 pannos
1155 2339 1272 2389 omnes
1300 2325 1335 2390 et
1353 2319 1464 2408 spolia
1490 2339 1554 2408 pro
1585 2316 1777 2408 satellem,

230 2444 266 2509 et
292 2438 382 2508 inter
410 2459 446 2509 00
474 2440 668 2529 aequaliter
693 2442 911 2529 partiuntur,
947 2446 1087 2529 praeter
1113 2461 1245 2530 pannos
1273 2460 1483 2530 purpureos,
1512 2441 1555 2511 ad
1583 2461 1669 2530 quos
1696 2441 1781 2510 nibil

230 2561 316 2630 iuris
343 2561 490 2649 babent,
527 2581 589 2630 nec
616 2561 744 2631 habere
782 2560 973 2650 debebunt,
1010 2561 1131 2651 etqui
1159 2561 1195 2631 in
1223 2567 1427 2633 ornamenta
1463 2561 1626 2632 ecclesiae
1653 2561 1783 2632 debent

235 2680 402 2751 converti.
429 2681 517 2750 Item
538 2674 685 2770 praelati
704 2686 740 2752 01
759 2682 914 2751 00000101
933 2688 969 2752 01
988 2682 1146 2751 00000100
1166 2682 1317 2751 civitatis
1342 2679 1632 2770 Oppathoviensis
1651 2681 1782 2752 habent

230 2807 266 2871 01
292 2802 421 2872 habere
449 2801 624 2872 debebunt
652 2803 686 2871 in
715 2822 892 2872 commune
916 2802 1004 2872 0110
1024 2801 1170 2872 solidum
1198 2802 1376 2873 ecclesiam
1396 2801 1711 2892 Oppathoviensem
1746 2802 1781 2871 in

230 2941 320 3011 cera,
348 2923 445 3012 vino,
474 2921 567 3011 oleo,
596 2923 780 3012 aedificiis,
807 2922 957 3012 fabrica,
986 2924 1215 3012 0000000110,
1243 2923 1478 3012 apparatibus,
1506 2909 1781 3021 administrandi,

230 3043 372 3133 regendi
399 3051 435 3115 et
462 3042 689 3135 procurandi,
717 3050 753 3115 01
780 3049 998 3134 1001000010,
1028 3045 1225 3134 sepulturas
1253 3049 1288 3115 et
1314 3045 1430 3134 legata
1456 3043 1610 3114 tollendi.

700 3305 922 3410 Hospitalo
956 3307 1314 3410 Oppathoviense.

334 3527 574 3621 Opportunum
603 3534 638 3599 et
664 3525 764 3599 valde
792 3527 1024 3598 necessarium
1053 3534 1147 3618 erat,
1175 3536 1213 3599 ut
1232 3526 1525 3618 Oppathoviensis
1553 3525 1721 3618 populosa
1748 3534 1784 3598 et

138 3655 144 3660 ’
229 3650 390 3743 frequens
426 3654 547 3723 civitas
588 3652 734 3721 liaberet
768 3650 958 3739 hospitale,
1003 3650 1047 3720 ad
1083 3649 1316 3720 recollendum
1357 3650 1572 3720 miserabiles
1604 3669 1781 3738 personas

231 3794 376 3864 quarum
403 3773 473 3843 illic
500 3772 693 3843 confluebat
720 3771 914 3841 multitudo.
955 3771 1077 3860 ltaque
1105 3771 1169 3840 snb
1195 3775 1316 3840 nostra
1343 3775 1456 3841 aetate
1485 3769 1599 3839 studio
1626 3771 1779 3840 virorum

132 3922 134 3927 ·
230 3894 397 3965 bonorum
417 3901 453 3965 et
472 3895 711 3964 timoratorum
726 3892 1035 3962 ecclesiasticorum
1055 3897 1091 3961 et
1109 3892 1344 3981 saecularium,
1364 3898 1400 3962 et
1418 3891 1596 3981 signanter
1612 3890 1783 3961 lobannis

231 4015 575 4106 Bronilrowslry
611 4015 653 4085 de
690 4014 981 4084 llodzanezin
1018 4013 1168 4084 cantoris
1204 4011 1494 4102 Oppathoviensis
1540 4012 1712 4101 hospitale
1749 4010 1783 4082 10

230 4136 388 4227 praefato
416 4138 541 4227 oppido
561 4136 843 4225 Oppathoviensi,
871 4157 969 4207 secus
989 4135 1230 4205 coemeterium
1250 4135 1415 4204 ccclesiae
1444 4134 1646 4223 collegiatae
1666 4132 1782 4203 Sancti

231 4258 377 4330 Martini
402 4258 584 4339 fundatum
604 4265 639 4327 et
658 4257 876 4328 aedificatum
895 4262 966 4346 ost,
996 4255 1087 4346 qnod
1114 4257 1216 4326 etiam
1240 4276 1406 4345 processu
1424 4255 1590 4345 temporis
1608 4253 1785 4344 praefatus

230 4378 408 4452 lohannes
435 4380 780 4468 Bronikowslry
808 4383 931 4448 cantor
949 4377 1241 4468 Oppathoviensis
1265 4377 1439 4448 demolitis
1459 4376 1624 4446 aedificiis
1651 4374 1785 4464 ligneis,

230 4503 337 4573 muris
365 4502 484 4592 erexit,
512 4508 636 4572 ettam
656 4500 837 4570 ecclesiam
864 4500 899 4569 10
917 4500 1083 4569 honorem
1104 4497 1135 4568 S.
1155 4497 1306 4587 Spiritus
1325 4503 1360 4568 01
1377 4497 1409 4568 S.
1429 4496 1593 4567 Stanislai
1611 4495 1782 4586 Martyris

229 4622 372 4711 gloriosi
400 4622 558 4712 dicatam,
586 4627 621 4692 01
648 4642 765 4691 omncs
792 4618 949 4690 officinas
976 4619 1157 4709 hospitalis
1186 4639 1207 4688 0
1233 4620 1353 4709 primis
1379 4616 1612 4689 fundamentis
1639 4616 1783 4686 initians
1837 4601 1843 4610 ⁴

231 4742 363 4815 fabrica
389 4745 522 4832 murali,
550 4743 775 4814 consumavit.

259 4892 264 4897 ·
334 4864 450 4935 Habet
477 4871 590 4935 autern
619 4863 813 4953 praefatum
839 4863 1011 4953 hospitale
1038 4860 1278 4952 infrascriptos
1305 4866 1505 4951 proventus.

336 4982 561 5056 Orrnrnow.
598 4985 713 5055 llabet
740 4984 934 5073 praefatum
962 4984 1134 5073 hospitale
1172 4982 1452 5072 Oppatlioviense
1479 5002 1543 5070 pro
1579 4978 1684 5051 fundo
1720 5001 1783 5052 000

231 5111 335 5195 atque
355 5106 436 5176 dote
456 5107 548 5176 inter
566 5126 668 5194 agros
690 5106 808 5195 oppidi
827 5104 1117 5194 Oppathoviensis
1142 5103 1227 5174 dnos
1246 5104 1364 5173 laneos
1385 5123 1547 5191 agrorum
1566 5101 1639 5172 sive
1656 5102 1783 5190 virgas,

231 5225 290 5313 qni
308 5246 370 5314 per
388 5225 582 5296 Jolmnnern
610 5225 736 5315 Kync
764 5224 806 5293 de
834 5223 1088 5313 Oppatnon
1116 5223 1428 5312 vicepraepositum
1454 5220 1618 5291 ecelesiae
1637 5220 1783 5292 Sanctae

230 5344 365 5417 Mariae
394 5346 699 5435 Sandorniriensis‚
727 5350 895 5435 perpetuo
933 5344 1053 5415 donati
1093 5347 1196 5434 alque
1224 5343 1340 5414 collati
1368 5347 1467 5432 sunt,
1495 5341 1537 5412 de
1565 5341 1693 5449 quibus
1717 5362 1781 5431 pro
1846 5364 1849 5368 ’
1917 5407 1921 5415 .
