4050 6054
231 427 305 498 298

233 630 411 722 perpetuis
436 629 652 719 temporibus
677 628 874 699 observare.
899 627 1081 700 Postremo
1108 627 1327 719 pollicemur,
1355 627 1447 718 quod
1472 627 1587 699 nullas
1613 627 1791 701 canones

231 753 266 822 in
293 751 384 822 villis
411 757 448 822 et
474 749 749 821 haereditatibus
775 748 941 819 nobilium
969 754 1005 820 et
1031 749 1284 838 terrigenarum
1313 755 1511 820 nostrorum
1536 747 1711 819 faciemus.
1747 745 1793 820 sl

233 852 326 942 vero'
342 869 529 943 casualiter
555 870 814 961 opportunitate
841 874 878 939 et
904 870 1110 940 necessitate
1137 889 1200 939 nos
1219 875 1372 959 cogente,
1401 870 1585 941 stationem
1612 869 1648 940 iu
1673 868 1791 959 bonis,

232 992 323 1062 villis
350 1012 391 1062 ac
416 991 691 1062 haereditatibus
719 976 862 1061 alicuius
890 990 944 1060 vel
963 972 1157 1079 aliquorum
1184 995 1381 1061 nostrorum
1406 989 1574 1062 nobilium
1592 1009 1656 1061 uos
1672 987 1793 1061 facere
1844 1034 1849 1043 ·

233 1112 435 1202 contigerit,
472 1116 599 1183 extunc
629 1111 678 1181 nil
706 1112 761 1199 vi,
798 1111 851 1181 vel
887 1110 1046 1200 potentia
1083 1111 1191 1201 recipi
1225 1110 1409 1199 socienno,
1445 1110 1501 1181 vel
1527 1108 1794 1200 quomodolibet

233 1233 493 1324 permittemur,
529 1232 599 1303 imo
626 1253 782 1322 quaeque
817 1231 1015 1304 necessaria
1041 1252 1104 1320 pro
1132 1231 1251 1321 nobis,
1287 1231 1417 1302 nostris
1443 1231 1599 1320 pecuniis
1634 1230 1794 1322 propriis

232 1355 391 1425 volumus
418 1372 639 1443 comparare,
667 1352 788 1453 harum
817 1356 1024 1441 nostrarum,
1051 1373 1137 1441 quas
1156 1352 1366 1441 appensione
1384 1351 1525 1423 maioris
1543 1350 1649 1442 sigilli
1666 1351 1794 1442 nostri,

235 1473 437 1545 communiri
463 1471 624 1562 fecimus,
658 1472 857 1543 testimonio
894 1471 1099 1543 litterarum.
1136 1471 1263 1543 Actum
1291 1472 1326 1542 in
1353 1471 1607 1561 Pyotrkow,
1643 1470 1794 1544 sabbato

234 1600 315 1665 ante
334 1592 537 1664 dominicam
552 1590 660 1681 Oculi,
679 1613 768 1663 anno
787 1590 916 1663 domini
934 1591 1115 1663 millesimo
1133 1592 1378 1663 trecentesimo
1399 1591 1635 1681 octuagesimo
1654 1595 1793 1664 octava

234 1716 362 1787 Datum
389 1734 452 1804 per
479 1734 600 1785 manus
626 1712 841 1785 honorabilis
867 1713 1007 1785 Domini
1033 1712 1273 1802 Zaklicze,
1307 1712 1498 1803 praepositi
1534 1709 1795 1785 Sandomirien·

236 1836 284 1906 sis
311 1834 526 1923 cancellarii,
563 1833 749 1905 Clementis
785 1832 828 1904 de
863 1833 1153 1905 Moskorzow
1193 1832 1469 1905 vicecancellarii
1504 1832 1605 1905 aulae
1639 1836 1795 1923 noemae,

239 1955 392 2047 fidelium
419 1955 633 2028 dilectorum.

238 2289 478 2372 Concordia
513 2288 622 2371 laudi
657 2271 767 2370 inter
786 2288 1040 2370 animtrum
1075 2310 1220 2392 regern
1254 2293 1297 2367 et
1331 2287 1588 2368 Bodzantam
1621 2242 1794 2392 opssco·

243 2452 338 2534 pum
371 2427 729 2530 cracoviensem,
776 2451 853 2533 per
886 2426 1125 2508 daroslaum
1164 2427 1532 2530 archiepiscopum
1562 2426 1796 2537 'Guarcen-

523 2588 613 2646 sem
646 2566 881 2667 celebrata,
915 2587 1046 2671 super
1080 2564 1338 2645 decimarum
1374 2570 1508 2668 raptu.

342 2801 415 2875 Nos
442 2803 466 2877 J
471 2803 680 2893 aroslaus,
707 2803 774 2875 Dei
799 2805 915 2894 gratia
933 2807 1073 2876 mamae
1091 2800 1304 2875 Gnemensis
1322 2802 1489 2875 ecclesiae
1505 2803 1798 2895 archiepiscopus,

241 2927 276 2996 in
304 2923 526 2997 cracoviensi
561 2923 712 2998 dioecesi
746 2926 783 2996 in
810 2923 921 2996 officio
959 2924 1166 2996 visitationis
1204 2923 1403 3015 constituti,
1438 2924 1609 2997 universis
1635 2923 1681 2996 ad
1708 2944 1798 3015 quos

241 3051 442 3137 praesentes
469 3047 701 3137 pervenerint,
727 3047 885 3117 volumus
911 3045 986 3118 fore
1013 3050 1143 3133 notum,
1188 3043 1280 3135 quod
1307 3065 1384 3116 cum
1415 3046 1509 3117 iuter
1535 3045 1798 3118 serenissimum

241 3167 432 3257 principem
459 3166 634 3238 dominum
662 3164 953 3256 casimirum,
980 3165 1047 3237 Dei
1072 3166 1188 3256 gratia
1213 3185 1331 3257 regem
1357 3164 1522 3238 Polouiae
1549 3171 1585 3237 et
1609 3171 1799 3257 patronum

175 3321 179 3328 ·
243 3292 400 3359 nostrum
418 3307 462 3389 ex
480 3308 558 3377 una,
585 3292 622 3359 et
639 3287 814 3360 dominum
837 3288 1109 3376 Bodzantam,
1136 3286 1280 3358 fratrem
1298 3291 1456 3358 nostrum
1474 3287 1699 3377 carissimum,
1725 3287 1799 3378 epi-

245 3428 386 3499 scopum
413 3407 677 3482 Oracoviensem
704 3414 805 3500 parte
832 3430 875 3482 ex
902 3409 1030 3498 altera,
1059 3408 1228 3499 quaedam
1256 3406 1426 3480 dubitatio
1453 3428 1558 3499 super
1593 3407 1748 3480 decimis·
1761 3412 1800 3480 et
1874 3440 1878 3447 ·

243 3529 321 3601 aliis
347 3529 503 3600 articulis
530 3529 674 3602 inferius
701 3531 873 3602 contentis
891 3529 1013 3601 fuisset
1034 3530 1115 3601 hinc
1142 3529 1222 3601 inde
1240 3534 1372 3617 exorta,
1400 3527 1537 3600 demum
1551 3528 1695 3601 eaedem
1714 3549 1797 3621 par·

242 3657 297 3722 tes
324 3648 482 3721 volentes
500 3650 730 3723 ad-calculum
757 3650 961 3723 concordiae
989 3652 1063 3723 sine
1090 3650 1252 3740 scrupulo
1279 3650 1513 3722 conscientiae
1539 3650 1732 3741 pervenire,
1756 3650 1795 3745 in

244 3791 307 3843 nos
333 3769 530 3841 voluntarie
557 3776 593 3841 et
620 3791 662 3842 ex
689 3778 787 3843 certa
813 3772 976 3862 scientia,
1023 3792 1092 3843 non
1119 3790 1182 3861 per
1208 3791 1383 3861 errorem,
1420 3790 1484 3842 nec
1511 3769 1627 3861 aliquo
1656 3769 1736 3842 dolo
1762 3774 1801 3844 et

244 3888 366 3959 fraude
393 3889 628 3977 circumventi,
655 3911 761 3981 super
778 3891 934 3963 articulis
961 3890 1052 3961 infra
1074 3892 1207 3980 positis,
1235 3910 1299 3981 pro
1317 3911 1355 3962 so
1374 3891 1514 3981 suisque
1541 3890 1800 3962 successoribus

247 4008 424 4097 omnibus,
460 4009 679 4080 concorditer
714 4012 987 4100 consentientes,
1024 4012 1335 4102 compromiserunt
1360 4017 1526 4101 tauquam
1551 4012 1588 4082 iu
1615 4009 1801 4082 arbitrium

249 4128 596 4218 compromissarium,
624 4129 879 4221 arbitratorem,
897 4131 1121 4222 laudatorem,
1140 4131 1373 4223 diffinitorem,
1391 4152 1452 4203 seu
1471 4130 1687 4203 amicabilem
1706 4151 1801 4203 com-

247 4250 454 4342 positorem,
490 4247 612 4320 dantes
640 4253 676 4319 et
702 4250 928 4321 concedentes
955 4253 1055 4324 nobis
1089 4253 1234 4324 liberam
1263 4258 1300 4324 et
1326 4252 1555 4325 omnimodam
1591 4252 1822 4341 facultatem·

249 4376 288 4445 ut
314 4370 485 4461 possimus
512 4367 556 4441 de
582 4368 685 4467 plano
713 4375 748 4440 et
775 4370 849 4441 siue
875 4374 1024 4461 strepitu
1050 4379 1086 4444 et
1109 4373 1226 4463 figura·
1246 4373 1375 4465 iudicii,
1402 4394 1506 4463 super
1524 4372 1626 4446 dictis
1644 4372 1804 4446 articulis

248 4492 485 4585 pronuntiare,
512 4490 664 4580 laudare,
691 4491 846 4579 delinire,
874 4491 1039 4563 arbitrari
1066 4498 1101 4562 et
1128 4494 1307 4584 ordinare,
1334 4495 1440 4565 etiam
1465 4494 1553 4567 iuris
1581 4493 1704 4566 ordine
1727 4512 1804 4566 nou

250 4618 407 4702 servato,
444 4610 739 4704 qualitercumque
775 4618 810 4682 et
838 4610 1164 4702 quomodocumque,
1200 4620 1305 4702 prout
1336 4615 1436 4687 nobis
1462 4615 1584 4687 melius
1612 4614 1801 4705 videbitur,

250 4734 424 4827 expedire.
451 4733 525 4805 Nos
553 4735 670 4824 itaque
696 4732 763 4804 Dei
789 4734 927 4805 nomine
954 4733 1131 4823 invocato,
1160 4740 1197 4805 et
1223 4735 1365 4807 consilio
1394 4736 1589 4825 sapientum
1616 4734 1821 4829 communi-¹

251 4860 329 4928 cato
354 4855 544 4946 nobiscum,
572 4856 678 4926 etiam
704 4855 825 4926 habita
852 4853 1102 4926 deliberatione
1129 4852 1315 4926 sufficienti
1341 4876 1404 4945 pro
1430 4856 1521 4927 bono
1550 4855 1646 4947 pacis
1671 4860 1709 4929 et
1734 4854 1806 4929 uti·

251 4976 353 5048 litate
380 4977 547 5047 ecclesiae
568 4958 823 5064 'Oracoviensis
850 4996 893 5046 ex
920 4974 1039 5064 vigore
1066 4975 1304 5065 compromissi
1323 4975 1501 5065 praedicti,
1519 4974 1807 5050 Christinomine

251 5096 422 5185 invocato,
449 5096 639 5185 laudamus,
661 5095 862 5168 ordinamus
882 5101 918 5166 ct
934 5094 1135 5166 diffiniendo
1153 5095 1375 5185 arbitramur,
1401 5097 1494 5166 inter
1513 5080 1669 5169 dominos
1687 5116 1806 5188 regem

253 5220 289 5287 et
316 5219 513 5308 episcopum
539 5216 746 5307 praedictos,
774 5214 936 5289 videlicet
963 5214 1056 5307 quod
1073 5234 1138 5307 pro
1155 5221 1260 5307 raptu
1278 5215 1429 5288 decimae
1452 5217 1641 5308 praevialis
1660 5217 1806 5293 alicuius
1882 5274 1889 5287 ,

253 5336 398 5428 nobilis,
432 5337 489 5411 vel
514 5357 578 5428 pro
606 5357 711 5409 causa
737 5336 976 5429 qualicumque
1002 5336 1221 5428 rationabili,
1260 5337 1341 5409 talis
1370 5342 1502 5428 raptor·
1522 5337 1578 5411 vel
1593 5337 1807 5412 malefactor
