4050 6054
468 840 613 921 Alter-e
645 840 787 959 §ancti
820 779 1006 953 ihomae
1039 837 1355 919 cantuariensis
1388 841 1589 944 episcopi.

356 1062 478 1135 Altare
505 1043 624 1132 Sancti
651 1061 821 1150 Thomae,
848 1040 1108 1132 Caniusriensis
1136 1060 1306 1150 episcopi,
1334 1060 1369 1130 in
1397 1058 1798 1151 eeclesiacraeoviensi,

253 1185 384 1255 habens
419 1182 585 1271 capellam
621 1182 796 1271 propriam
827 1201 948 1252 versus
975 1181 1212 1270 aquilonarem
1238 1185 1372 1270 partem
1400 1180 1520 1269 sitam,
1548 1181 1645 1252 cuius
1672 1180 1798 1252 Cracc-

254 1304 381 1375 viensis
408 1303 588 1392 episcopus
615 1323 679 1391 pro
706 1307 861 1393 tempore
888 1301 1010 1373 unicus
1037 1306 1091 1372 est
1117 1300 1264 1372 collator
1289 1305 1529 1411 etppatronus,
1547 1305 1585 1372 et
1602 1301 1698 1372 cuius
1716 1302 1798 1372 hac-

138 1481 142 1498 .
254 1429 356 1495 tenus
391 1422 554 1495 Nicolaus
590 1420 795 1493 Gristini
830 1423 873 1492 de
900 1419 1080 1513 Lublyn
1115 1426 1169 1491 est
1201 1390 1379 1510 altariitri‘,
1405 1441 1468 1512 per
1494 1441 1614 1511 quem,
1642 1427 1704 1492 aut
1730 1444 1796 1511 quo

254 1550 408 1633 tempore
436 1541 490 1614 vel
518 1563 608 1613 anno
634 1541 821 1617 fundatum
842 1546 879 1613 et
905 1542 1062 1613 dotatum
1090 1541 1144 1630 sit,
1170 1539 1383 1612 fundationis
1408 1541 1465 1629 pri
1490 1541 1591 1637 fagio
1610 1561 1797 1633 suppresso

253 1669 290 1734 et
315 1661 455 1752 abolito,
482 1683 551 1733 non
577 1663 726 1757 invenio,
752 1662 860 1732 habet
885 1681 948 1750 pro
977 1661 1068 1731 dotis
1095 1680 1178 1731 suae
1204 1659 1310 1732 fundo
1337 1661 1423 1732 duas
1445 1541 1719 1811 &equarum
1737 1683 1799 1733 no-

252 1783 345 1854 mina
372 1790 408 1853 et
433 1788 622 1872 proventus
648 1780 792 1852 inferius
819 1781 1071 1852 describuntur.
1477 1792 1485 1809 ‘

357 1903 702 1990 Doeaouvowvcza,
730 1901 812 1971 villa
839 1901 902 1972 sub
929 1900 1095 1990 parocbia
1121 1890 1286 1994 ecclesiae
1312 1900 1355 1972 de
1372 1901 1665 1994 Biskupycze
1691 1922 1800 1992 prope

254 2022 596 2113 Wyelyczkam,
623 2021 660 2090 in
696 2041 764 2110 qua
800 2021 896 2092 curia
931 2018 1111 2092 altaristae
1147 2021 1278 2092 habens
1313 2021 1405 2093 bona
1418 2020 1606 2111 aedilicia,
1633 2023 1798 2111 pomeria,

254 2148 357 2232 prata
383 2148 420 2211 et
446 2161 549 2231 agros
576 2140 780 2230 praediales,
807 2141 849 2211 de
876 2141 1002 2230 quibus
1019 2139 1105 2210 nulli
1123 2139 1239 2211 reddit
1257 2140 1425 2212 decimam
1442 2142 1692 2232 manipularem
1710 2140 1798 2212 alta

254 2261 440 2365 rispapped
454 2281 541 2331 eam
568 2262 662 2332 solus
688 2256 837 2351 percipit
863 2267 899 2331 et
925 2243 960 2330 in
986 2261 1149 2332 horreum
1176 2282 1275 2332 suum
1301 2261 1442 2333 inducit.
1468 2261 1556 2334 Item
1575 2269 1656 2356 sunt
1673 2262 1723 2334 ibi
1741 2283 1801 2335 sex
1938 2317 1939 2320 ,

254 2380 617 2473 laneiicmethonales,
643 2386 680 2451 et
706 2380 851 2470 quilibet
877 2401 941 2470 pro
969 2401 1082 2452 annuo
1110 2400 1215 2452 censu
1241 2379 1346 2452 solvit
1369 2379 1549 2454 altaristae
1566 2381 1692 2471 viginti
1710 2387 1801 2454 scot-

233 2489 430 2621 Qimm
456 2521 526 2573 una
551 2502 699 2573 taberna
724 2501 856 2572 habens
882 2521 995 2590 agros,
1023 2521 1110 2591 qnae
1137 2522 1200 2591 pro
1228 2521 1332 2572 censu
1358 2522 1471 2572 annuo
1499 2502 1603 2573 solvit
1621 2502 1801 2574 altaristae
1879 2574 1883 2583 ,

138 2611 146 2619 ’
228 2606 516 2747 watenes,
541 2621 625 2693 item
652 2620 741 2692 dnae
767 2620 996 2710 hortulaniae‚
1024 2633 1120 2711 quae
1139 2642 1202 2711 pro
1230 2641 1335 2693 censu
1361 2642 1475 2694 annuo
1493 2643 1563 2692 uon
1580 2623 1722 2729 solvnrpt
1737 2623 1800 2694 ali-

240 2718 362 2832 quid,
379 2740 442 2813 sed
467 2763 573 2815 unum
600 2740 692 2825 diem
719 2740 754 2810 in
781 2741 974 2830 septimana
999 2741 1163 2831 pedester
1187 2741 1367 2829 laborant3
1394 2742 1478 2812 itam
1505 2741 1548 2812 de
1573 2741 1675 2863 lpneo
1701 2722 1802 2832 qdili-

255 2862 317 2932 bet
341 2882 446 2933 unum
464 2861 572 2953 ,diem
598 2861 635 2930 in
662 2861 856 2964 septimana
881 2860 1023 2952 proprio
1050 2881 1154 2932 curru
1180 2868 1242 2933 aut
1268 2866 1386 2934 aratro
1412 2862 1568 2952 laborat,
1595 2860 1681 2933 duas
1706 2881 1801 2932 men-

255 3003 355 3053 suras
381 2981 628 3072 Wyelicienses
655 2979 828 3052 confertas
854 3001 1002 3069 avenae,
1029 2981 1175 3071 triginta
1201 3002 1276 3072 ova,
1304 2981 1544 3072 duosgallos,
1571 2981 1657 3054 duos
1685 3001 1803 3053 caseos
1899 3053 1901 3059 .

252 3103 375 3190 solvit,
404 3100 449 3171 ad
468 3098 654 3195 pcwabam
683 3123 752 3172 non
779 3105 961 3190 tenentur3
989 3101 1133 3191 quilibet
1160 3101 1203 3172 de
1229 3100 1330 3174 laneo
1357 3124 1379 3173 a
1403 3100 1492 3174 festo
1516 3101 1803 3174 Annuntiationis

259 3222 305 3307 ad
332 3222 422 3293 diem
449 3220 483 3292 S.
508 3219 691 3293 Michaelis
727 3221 888 3292 laborare
915 3226 1055 3325 tenetur
1082 3220 1168 3292 duos
1194 3221 1269 3293 dies
1295 3223 1437 3312 proprio
1465 3243 1568 3293 curru
1594 3226 1656 3293 aut
1682 3226 1801 3293 aratro

166 3362 169 3367 ·
238 3347 296 3417 set
319 3341 485 3413 ducturas
519 3340 650 3431 facere,
678 3341 714 3411 in
749 3342 871 3431 hyeme
905 3304 989 3414 v⁴e⁸ro
1024 3363 1131 3412 unum
1157 3342 1267 3431 diem3
1293 3342 1376 3414 item
1402 3344 1550 3423 taberna
1575 3342 1713 3413 laborat
1739 3362 1803 3431 pro

257 3462 466 3534 seminandis
505 3461 748 3551 aestivalibus,
776 3461 907 3532 arando
942 3482 1048 3532 unum
1076 3462 1166 3532 diem
1192 3482 1257 3551 pro
1283 3483 1411 3556 upovy,
1438 3462 1544 3534 alium
1569 3460 1802 3533 falcastrando

256 3588 369 3672 prata,
395 3584 537 3657 tertium
563 3583 724 3653 metendo
755 3560 929 3671 hyemalia
955 3585 991 3651 et
1017 3581 1217 3670 aestivalia,
1245 3586 1405 3672 quartum
1432 3586 1469 3652 et
1494 3581 1651 3672 quintum
1679 3581 1724 3652 ad
1750 3601 1803 3651 se-

257 3702 456 3775 minandum
482 3703 664 3793 hyemalia,
691 3708 827 3773 sextum
854 3700 985 3772 arando
1004 3701 1112 3789 diem3
1139 3701 1224 3771 item
1241 3707 1313 3772 tam
1331 3701 1423 3772 lanei
1441 3679 1684 3790 cmethonales,
1701 3721 1805 3791 quam
1843 3681 1844 3685 ¹
1927 3781 1929 3785 v

257 3792 600 3945 tabernaeppiqupt¹
617 3823 783 3893 decimam
810 3821 1059 3910 manipularem
1086 3819 1304 3911 praebendae
1331 3825 1368 3892 et
1389 3821 1554 3913 ecclesiae
1572 3819 1606 3893 S.
1623 3821 1805 3892 Laurentii

258 3944 293 4014 in
321 3932 697 4057 damastrin-‘quae
723 3962 787 4031 per
812 3939 922 4013 felicis
948 3942 1133 4013 memoriae
1160 3939 1347 4030 Sbigneum
1374 3940 1583 4015 cardinalem
1610 3946 1647 4013 et
1674 3941 1805 4032 episco-

257 4083 339 4154 pum
365 4060 649 4179 Qamviensem,
676 4063 888 4135 monasterio
915 4062 1070 4153 corporis
1097 4059 1227 4165 (ibristi
1254 4061 1290 4131 in
1317 4059 1566 4133 Gasimiria
1592 4062 1724 4134 ordinis
1751 4082 1807 4136 ca-

329 4183 698 4281 ‘comregularium
724 4183 945 4255 hortulaniae
972 4182 1112 4255 solvvmt
1137 4202 1214 4254 eam
1241 4182 1421 4253 altaristae
1448 4188 1484 4254 et
1511 4183 1546 4254 in
1573 4185 1737 4256 horreum
1755 4184 1808 4255 in·
1950 4211 1955 4219 ¹

235 4336 240 4347 ·
283 4304 319 4320 ’“
370 4305 519 4393 '3item
546 4304 629 4375 villa
654 4303 812 4393 praefata
837 4305 944 4376 habet
969 4324 1060 4396 gaya
1086 4304 1187 4393 bona,
1215 4322 1303 4393 quae
1329 4323 1393 4394 per
1419 4302 1511 4375 vices
1529 4309 1725 4396 temporum
1743 4325 1807 4393 per
1939 4384 1948 4395 p

259 4424 456 4519 altaristam
483 4430 628 4516 possunt
654 4425 758 4497 vendi
785 4425 884 4496 annis
912 4424 1057 4515 singulis
1082 4443 1146 4514 pro
1173 4428 1306 4514 septem
1331 4424 1467 4515 marcis,
1485 4425 1569 4497 item
1589 4425 1686 4496 curia
1701 4423 1809 4495 hahet

258 4551 396 4638 pratum
421 4569 536 4636 unum,
564 4546 656 4636 quod
682 4547 814 4617 incolae
841 4544 944 4616 villae
971 4564 1088 4616 omnes
1115 4545 1245 4635 absque
1272 4543 1328 4616 die
1354 4543 1568 4635 falcastrant
1587 4544 1755 4634 colligunt
1773 4549 1809 4617 et

260 4668 296 4739 in
327 4668 491 4739 horreum
528 4666 712 4756 inducunt,
738 4672 776 4737 et
801 4663 905 4737 datur
931 4665 982 4738 eis
1008 4664 1052 4736 de
1078 4664 1176 4737 curia
1200 4686 1307 4738 unum
1334 4665 1521 4741 cerevisiae
1548 4663 1693 4737 octuale.
1719 4663 1808 4735 Item
1946 4702 1951 4714 ι

261 4809 324 4878 pro
352 4788 435 4862 villa
461 4786 619 4879 praefata
645 4785 711 4857 iuit
736 4786 780 4857 lis
807 4792 844 4857 et
862 4785 1018 4882 quaestio
1036 4792 1132 4889 mota
1150 4806 1179 4857 a.
1196 4785 1238 4856 D.
1259 4785 1368 4857 1294.
1386 4806 1450 4877 per
1465 4783 1611 4858 Paulum
1629 4782 1672 4856 de
1690 4783 1808 4855 Prze-

260 4908 449 4999 maihew,
476 4913 636 4998 nepotem
672 4906 773 4978 Pauli
798 4906 821 4978 J
831 4906 1040 4997 asdonis,
1067 4906 1219 4997 episcopi
1246 4904 1503 4994 cracoviensis,
1530 4906 1590 4995 qui
1616 4904 1808 4995 praelatam

258 5029 376 5100 villam
410 5028 817 5119 Dobronyowycze
852 5027 1143 5105 testamentaliter
1180 5026 1330 5118 capitulo
1358 5023 1578 5100 Cracoviensi
1592 5026 1810 5118 contulerat,

258 5149 320 5222 sed
346 5149 462 5240 sopita
487 5154 541 5221 est
567 5168 630 5240 per
655 5147 973 5220 Prandotham
1004 5148 1112 5220 filium
1138 5146 1337 5235 Varszii,
1362 5145 1544 5217 ‘castellani
1562 5145 1809 5232 Oracodensis,

258 5276 294 5340 et
322 5254 472 5360 capitulo
499 5270 672 5360 possessio
699 5268 803 5348 villae
829 5268 1004 5362 restituta,
1031 5266 1074 5345 de
1101 5285 1169 5365 qno
1196 5264 1346 5346 habetur
1371 5258 1591 5369 priiilegium
1608 5265 1645 5346 iu
1662 5265 1809 5348 ecclesia

261 5388 491 5463 cracoviensi.
