4050 6054
1725 576 1798 689 aa

229 801 374 889 quatuor
400 795 575 867 iuncturas
603 798 638 865 et
664 793 867 865 aestimatur
885 791 982 864 valor
1000 791 1151 863 decimae
1169 789 1345 880 praefatae
1367 770 1411 860 'ad
1439 795 1515 861 acto
1543 791 1777 861 marcas-Est

227 919 330 989 etiam
357 917 406 989 ibi
434 916 530 987 curia
556 916 730 1004 militaris,
758 914 800 984 de
828 914 939 994 cuius„
956 914 1050 1003 agris
1088 912 1235 983 solvitur
1261 911 1393 982 decima
1419 909 1642 999 manipularis
1669 911 1777 982 eccle·

229 1039 300 1109 siae
327 1037 362 1107 in
389 1057 549 1127 magna
577 1032 836 1107 Oasimiria.

331 1157 419 1227 Item
446 1157 551 1227 hahet
577 1132 734 1246 quartam
761 1154 1007 1244 manipularem
1035 1154 1201 1224 decimam
1237 1153 1272 1223 in
1300 1152 1382 1223 villa
1417 1151 1591 1245 Prussy
1627 1154 1691 1224 sub
1717 1173 1778 1244 pa·

228 1277 347 1349 rochia
373 1275 537 1346 ecclesiae
564 1275 606 1346 de
633 1275 948 1364 Luberzycza‚
977 1275 1074 1344 cuius
1092 1273 1280 1345 dominium
1298 1272 1448 1364 pertinet
1475 1273 1518 1343 ad
1545 1293 1696 1344 mensam
1723 1294 1779 1342 ar-

228 1396 512 1486 chiepiscopalem
531 1394 774 1467 Gnesnensem.
800 1396 841 1465 ln
864 1417 931 1486 qua
958 1401 1039 1466 sunt
1065 1402 1196 1486 septem
1224 1415 1300 1465 cum
1327 1393 1439 1467 media
1466 1394 1556 1464 lanei
1584 1396 1779 1465 cmethona·

228 1516 288 1606 les,
315 1517 357 1586 de
385 1517 509 1606 quibus
536 1518 693 1588 amnibus
722 1516 866 1587 solvitur
893 1515 1025 1587 decima
1051 1515 1274 1605 manipularis
1309 1535 1373 1605 pra
1399 1515 1597 1605 praebenda
1624 1515 1778 1603 praefata

169 1607 175 1629 ¹
228 1641 263 1705 et
289 1637 424 1707 ducitur
450 1657 513 1728 per
539 1638 736 1709 cmethones
764 1638 914 1727 propriis
941 1637 1099 1707 curribus
1117 1637 1154 1743 in
1171 1637 1332 1707 horreum
1350 1656 1372 1706 a
1389 1637 1553 1707 canonico
1572 1635 1776 1726 eligendum,

228 1761 263 1826 et
289 1756 427 1853 salvunt
453 1757 618 1829 decimam
646 1751 778 1848 canapi
801 1778 865 1848 per
892 1762 1040 1848 quatuor
1066 1748 1242 1829 iuncturas
1269 1763 1305 1827 et
1331 1757 1532 1827 aestimatur
1559 1756 1656 1827 valor
1683 1757 1775 1826 deci-

226 1896 303 1947 mae
329 1877 505 1967 praelatae
533 1879 577 1949 ad
605 1885 683 1949 octo
710 1898 852 1948 marcas.
892 1876 959 1948 Est
984 1878 1088 1948 etiam
1115 1876 1163 1948 ibi
1190 1877 1287 1948 curia
1313 1876 1615 1967 archiepiscopalis
1643 1881 1678 1947 et
1705 1883 1777 1947 tres

227 1995 453 2087 hortulaniae,
481 1999 666 2088 dequibus
693 1997 795 2069 datur
822 1998 953 2069 decima
979 1996 1201 2086 manipularis
1228 1998 1332 2087 varie,
1359 2016 1439 2068 nam
1464 2017 1532 2066 uno
1559 2017 1649 2067 anna
1677 1997 1779 2067 datur

227 2136 291 2204 pro
318 2118 514 2206 praehenda
541 2116 760 2198 Graeoviensi
780 2115 1047 2213 inpendimus,
1074 2117 1183 2189 altera
1205 2136 1295 2189 anna
1322 2116 1414 2189 tollit
1440 2136 1516 2188 eam
1543 2118 1639 2188 curia
1666 2118 1778 2199 archi-

228 2237 441 2326 episcopalis.
467 2237 554 2308 Item
581 2242 635 2307 est
661 2239 710 2308 ihi
733 2238 877 2309 taberna
889 2259 963 2324 nna
981 2245 1017 2310 et
1034 2259 1140 2309 unum
1164 2236 1407 2309 molendinum·
1424 2238 1589 2327 habentia
1615 2257 1717 2335 agras
1736 2259 1777 2309 er

228 2357 369 2444 praedic
397 2348 511 2427 curiae
539 2358 589 2428 eis
615 2357 769 2447 largitos,
796 2358 838 2429 de
866 2358 990 2448 quibus
1017 2358 1165 2429 decimat
1182 2379 1245 2449 pra
1264 2357 1534 2448 archiepiscopo,
1561 2359 1658 2429 cnr-ia
1675 2358 1779 2430 etiarn

156 2562 162 2573 ι
228 2462 530 2566 archiepiscopalis
558 2477 600 2548 de
628 2478 769 2568 praedic
797 2479 881 2550 nulli
909 2479 1070 2570 decimat,
1111 2477 1173 2549 sed
1198 2477 1290 2549 tollit
1315 2478 1411 2549 illam
1437 2478 1717 2569 archiepiscopus
1744 2484 1780 2549 et
1877 2539 1882 2547 .

229 2595 264 2665 in
292 2617 390 2666 suum
417 2599 578 2669 horreum
605 2598 754 2688 inducit,
793 2599 960 2671 medietas
980 2576 1099 2672 ‘huius
1133 2599 1225 2669 lanei
1251 2598 1477 2671 cmethonalis
1503 2597 1778 2687 ilhhartnlancs

229 2716 407 2787 tabernam
435 2726 470 2789 et
497 2719 728 2791 molendinum
756 2719 944 2792 distributa
970 2725 1032 2792 est.
1903 2706 1908 2711 ⁵

268 2843 270 2849 '
331 2838 418 2911 Item
444 2840 550 2912 hahet
577 2840 730 2931 quintam
748 2822 996 2932 manipularem
1014 2842 1181 2914 decimam
1208 2842 1244 2912 in
1271 2839 1496 2933 Wyrzhna
1524 2841 1588 2913 sub
1616 2842 1779 2930 parochia

228 2958 392 3030 ecclesiae
419 2959 461 3030 de
479 2958 761 3052 Kanyuscha
788 2962 829 3033 ln
848 2982 915 3053 qna
933 2970 1013 3035 sunt
1040 2962 1107 3034 dno
1126 2960 1294 3034 haeredes
1310 2961 1487 3034 lohannes
1507 2955 1780 3055 Wyrzbyen-

229 3080 311 3173 slry
338 3085 373 3152 et
390 3079 515 3153 Petrus
534 3102 573 3153 ac
592 3081 782 3154 Stanislairs
801 3083 1119 3175 Myslnwsczy‚
1146 3083 1280 3156 nobiles
1299 3083 1342 3155 de
1361 3082 1777 3174 domnAccipitrnm

227 3207 262 3271 et
288 3200 377 3272 lanei
405 3203 622 3275 cmethonum
649 3203 839 3294 duodecim,
860 3211 903 3276 et
929 3203 1182 3277 diversificatur
1208 3205 1342 3276 decima
1367 3201 1523 3296 praefata
1546 3203 1585 3275 in
1612 3204 1779 3304 praeben

229 3319 306 3391 dam
334 3328 369 3392 et
395 3324 629 3397 canonicatum
664 3332 700 3395 et
726 3325 908 3431 plebanum
936 3326 978 3398 de
1005 3325 1303 3418 Kcnyuscha,
1340 3346 1420 3398 nam
1453 3325 1496 3397 de
1522 3345 1645 3397 navem
1671 3304 1801 3397 laneis

137 3431 169 3525 J
227 3441 319 3513 tollit
346 3463 420 3514 eam
446 3464 610 3535 praesens
636 3446 832 3535 praehenda
850 3445 1099 3536 &scaniensis
1127 3446 1169 3519 de
1195 3446 1308 3518 trihus
1325 3451 1440 3519 autem
1466 3445 1633 3536 plebanus
1663 3453 1699 3517 et
1725 3468 1779 3517 ec-

229 3562 333 3633 clesia
359 3563 402 3634 de
429 3563 691 3656 Kanyusza‚
719 3571 754 3637 et
789 3572 951 3637 tenentur
985 3567 1183 3639 cmethones
1211 3565 1256 3638 ad
1282 3566 1463 3638 ducturam
1489 3567 1564 3638 eius
1591 3571 1626 3638 et
1653 3566 1697 3637 ad
1722 3565 1781 3639 de·

229 3682 350 3754 cimam
377 3687 497 3775 canapi
526 3706 589 3775 per
615 3692 763 3775 quatuor
789 3686 976 3776 iuncturas,
1003 3692 1039 3757 et
1063 3687 1268 3758 aestimatur
1297 3678 1495 3758 valarsius
1522 3686 1566 3757 ad
1593 3693 1670 3759 octa
1689 3706 1780 3759 mar-
1888 3678 1915 3733 '-

228 3822 295 3875 cas.
326 3803 414 3877 Sunt
440 3807 544 3877 etiam
571 3806 619 3876 ibi
647 3806 734 3878 duae
761 3808 876 3878 curiae
903 3815 939 3879 et
966 3808 1033 3897 dun
1060 3807 1203 3897 praedia
1229 3806 1404 3897 nobilium,
1432 3807 1474 3878 de
1501 3806 1625 3898 thns
1648 3806 1780 3878 decima

229 3925 450 4016 manipularis
487 3926 632 3998 solvitur
667 3925 814 4016 plebano
846 3935 884 3999 et
910 3926 1075 4019 eeclesiae
1102 3927 1145 3999 de
1171 3926 1459 4019 Kcnyuscha.
1499 3925 1588 3998 Item
1614 3927 1664 3999 ibi
1692 3928 1779 3999 duae

171 4053 179 4065 '
228 4046 392 4118 tabernae
420 4054 509 4138 sunt,
536 4048 619 4119 item
647 4053 796 4138 quatuor·
819 4049 1034 4121 hortulaniae
1060 4048 1229 4121 habentes
1256 4068 1369 4139 agros,
1397 4047 1582 4140 dequibus
1610 4049 1781 4121 decimant

109 4238 113 4247 ,
228 4169 404 4256 praesenti
429 4168 648 4258 praebendae
676 4166 903 4243 Oraccriensi.

331 4287 420 4360 Item
446 4289 553 4361 habet
571 4296 704 4361 sertam
722 4290 969 4382 manipularem
988 4291 1154 4362 decimam
1182 4291 1217 4361 in
1237 4287 1588 4387 Ozyrnyech0w‚
1616 4290 1698 4362 viha
1716 4291 1779 4363 sub

228 4409 392 4498 parochia
418 4411 582 4509 ecclesiae
609 4411 652 4482 de
669 4411 918 4504 igolcmya
946 4412 1041 4483 cuius
1067 4412 1192 4483 haeres
1212 4411 1361 4484 Thomas
1381 4411 1691 4503 Kazimirshy‚
1719 4434 1781 4483 no-

227 4529 307 4600 bilis
335 4530 377 4601 de
404 4533 509 4602 armis
536 4531 770 4604 Waldcrlf
800 4532 886 4603 alias
922 4531 1087 4604 Nahra·
1123 4532 1164 4603 ln
1192 4553 1260 4623 qua
1286 4538 1367 4604 sunt
1395 4538 1543 4622 quatuor
1569 4532 1662 4604 lanei
1689 4553 1778 4603 cme-

227 4649 395 4741 thanales‚
424 4674 577 4743 quarum,
605 4653 671 4724 etsi
698 4653 783 4725 duos
809 4653 933 4724 haeres
960 4653 1272 4747 Kazimyrsky
1299 4653 1391 4743 colit
1418 4653 1461 4725 de
1479 4654 1637 4725 omnibus
1664 4659 1780 4724 tamen

229 4769 375 4843 solvitur
400 4773 533 4845 decima
559 4771 785 4865 manipularis
817 4794 880 4865 pro
906 4775 1104 4864 praehenda
1130 4779 1167 4846 et
1192 4774 1331 4846 ducitur
1366 4775 1403 4846 in
1429 4776 1591 4850 horreum
1625 4774 1780 4844 canonici

228 4894 378 4984 propriis
397 4895 555 4966 curribus
573 4917 636 4985 per
655 4896 862 4985 cmethones,
881 4901 916 4966 et
935 4896 1074 4968 solvunt
1091 4896 1260 4967 decimam
1285 4897 1408 4987 canapi
1436 4915 1499 4987 per
1517 4900 1666 4985 quatuor
1683 4884 1780 4964 iunc-

228 5018 325 5085 turas
352 5022 388 5086 et
415 5016 619 5087 aestimatur
646 5016 744 5088 salar
758 5018 831 5089 eius
858 5017 902 5088 ad
930 5022 1077 5107 quatuor
1103 5036 1247 5088 marcas.
1274 5016 1363 5088 ltem
1389 5015 1542 5106 taberna,
1569 5016 1652 5087 itam
1679 5033 1780 5106 prae:

229 5133 331 5206 dium.

331 5257 419 5329 item
454 5259 564 5353 habet·
596 5259 762 5331 decimam
788 5260 1036 5352 manipularem
1064 5260 1244 5350 septimam
1279 5259 1315 5329 in
1342 5254 1499 5347 Glyew
1527 5257 1591 5327 sub
1617 5257 1782 5347 parochia

199 5376 393 5450 ‘ecclesiae
419 5378 462 5449 de
480 5377 734 5471 lgolomya‚
762 5380 859 5453 cnids
886 5379 1178 5452 haeresJaccbus
1205 5378 1248 5450 de
1266 5377 1555 5470 Bathnrzyn,
1585 5377 1712 5449 nabilis
1739 5377 1782 5448 de

228 5497 328 5569 doma
356 5493 412 5569 Gr
422 5520 546 5590 yeuu
556 5523 577 5590 p·
588 5521 616 5571 a.
643 5500 683 5608 In
703 5521 770 5591 qua
788 5507 869 5573 sunt
886 5501 1004 5573 decern
1021 5499 1113 5571 lanei
1131 5496 1372 5590 cmethonales,
1398 5498 1482 5571 item
1500 5499 1588 5572 dnae
1606 5498 1781 5590 tabernae,

331 5666 379 5707 Lib.
392 5666 489 5709 ammo.
1473 5681 1478 5689 ’
1574 5622 1593 5680 8
