4050 6054
1664 485 1738 559 325

192 694 229 764 et
254 690 355 763 valor
380 690 453 764 eius
481 692 685 765 aestimatur
702 693 747 766 ad
764 698 838 766 tres
856 684 999 783 marcas3
1027 694 1110 766 item
1136 692 1313 784 tabernae,
1339 694 1422 765 item
1444 693 1631 786 hortulani,
1656 694 1741 768 item

192 832 262 884 non
288 817 343 885 est
367 813 403 886 iu
431 813 550 888 eadem
577 814 662 887 villa
688 815 828 906 aliquod
855 815 1035 906 praedium
1062 815 1222 887 militare.

295 932 620 1025 Sumaoaopurcza,
649 936 732 1007 villa
759 937 823 1008 sub
850 937 1016 1028 parochia
1043 936 1207 1008 ecclesiae
1234 914 1279 1008 de
1304 936 1635 1010 Skorkowicze
1663 934 1742 1025 suta,

190 1054 288 1127 cuius
324 1056 447 1127 haeres
479 1052 633 1128 Ioannes
668 1056 906 1147 Dolanga,
935 1057 978 1128 de
1005 1058 1110 1131 armis
1145 1055 1376 1148 Dolanga,
1411 1057 1448 1128 in
1475 1077 1544 1148 qua
1571 1061 1652 1153 sunt
1679 1076 1740 1129 sex

190 1175 283 1247 lanei
310 1176 553 1267 cmethonales,
581 1178 772 1268 dequibus
800 1178 905 1249 datur
932 1182 967 1250 et
993 1178 1197 1250 conducitur
1224 1177 1357 1250 decima
1374 1177 1599 1268 manipularis
1626 1181 1662 1248 et
1678 1196 1743 1285 per
1811 1262 1816 1272 .
1854 1198 1857 1203 ’

94 1332 95 1337 =
191 1300 339 1386 quatuor
375 1298 514 1389 ierugas
545 1299 727 1389 ,canapaIIa
763 1300 799 1371 in
825 1299 989 1371 horreum
1017 1320 1039 1370 a
1065 1304 1209 1372 cantore
1244 1298 1425 1371 locandum
1462 1304 1498 1371 et
1533 1298 1632 1369 valor
1667 1297 1742 1371 eius

191 1419 396 1490 aestimatur
422 1418 466 1490 ad
496 1420 581 1492 duas
608 1441 763 1510 marcas3
798 1422 882 1494 item
910 1421 1074 1511 taberna,
1110 1420 1195 1491 item
1221 1420 1419 1511 hortulani,
1454 1420 1537 1490 item
1563 1417 1744 1510 praedium

190 1559 297 1611 unum
324 1540 475 1612 militare
503 1541 570 1633 ibi,
606 1542 649 1614 de
678 1563 744 1633 quo
772 1541 997 1631 manipularis
1025 1540 1158 1614 decima
1185 1541 1333 1614 solvitur
1360 1540 1525 1614 ecclesiae
1552 1538 1746 1633 parochiali

192 1659 228 1731 in
255 1658 595 1734 Skorkowicze.
1655 1669 1657 1673 ’

296 1780 513 1873 Oasszaow,
542 1782 626 1855 villa
651 1784 714 1855 sub
733 1782 898 1874 parochia
920 1783 1086 1854 ecclesiae
1114 1784 1157 1855 de
1185 1782 1514 1856 Skorkowicze
1541 1785 1619 1874 sita,
1646 1784 1745 1856 cuius

24 1963 27 1971 .
74 1929 78 1938 ·
172 1878 318 1975 'haeres
345 1904 436 1975 idem
472 1904 649 1975 Johannes
676 1903 902 1994 Dolanga,
937 1904 973 1976 in
1002 1926 1070 1995 qua
1097 1911 1178 1976 sunt
1205 1924 1265 1977 sex
1293 1906 1385 1976 lanei
1422 1905 1674 1995 cmethonales,
1702 1902 1745 1976 de

193 2026 318 2114 quibus
345 2025 478 2096 decima
504 2024 730 2116 manipularis
759 2027 885 2115 et'per
904 2033 1054 2117 quatuor
1080 2026 1218 2118 ierugas
1246 2026 1421 2117 canapalis
1448 2026 1596 2098 solvitur
1623 2032 1743 2099 canto·

191 2146 266 2217 riae
293 2144 580 2237 Saudomiriensi,
607 2151 643 2218 et
669 2147 868 2217 cmethones
891 2130 1027 2220 'ducunt
1054 2168 1130 2219 eam
1158 2149 1193 2218 in
1220 2149 1385 2220 horreum
1411 2168 1433 2218 a
1459 2133 1601 2219 cantore
1626 2110 1746 2218 locari!

193 2266 273 2338 dum
301 2271 336 2338 et
359 2267 460 2339 ralor
487 2268 561 2339 eius
589 2267 794 2338 aestimatur
821 2267 877 2338 ad'
892 2289 953 2339 sex
976 2288 1120 2339 marcas.
1146 2269 1238 2363 Item
1262 2271 1419 2359 taberna,
1446 2269 1529 2340 item
1556 2267 1745 2358 hortulani,
1830 2308 1834 2322 ·
1866 2320 1871 2328 .

192 2388 275 2459 item
301 2409 370 2459 non
398 2394 452 2459 est
478 2388 528 2460 ihi
554 2387 696 2479 aliquod
722 2388 901 2479 praedium
929 2388 1089 2461 militare.

297 2508 544 2598 Suoraurau,
567 2509 650 2581 villa
669 2510 732 2581 sub
750 2508 916 2601 parochia
940 2510 1106 2581 ecclesiae
1129 2510 1172 2581 de
1189 2509 1371 2582 Raczno
1390 2511 1476 2600 sita,
1505 2509 1602 2581 cuius
1620 2509 1746 2581 haeres

192 2630 367 2702 Iohannes
386 2630 606 2720 Wspinek
633 2631 675 2702 de
694 2633 799 2703 armis
817 2630 1169 2715 Falcastrorum
1190 2630 1496 2721 Lupinorum‚
1523 2630 1560 2701 in
1579 2650 1648 2721 qua
1666 2635 1748 2704 sunt
1812 2690 1815 2695 .

194 2773 254 2824 sea
281 2751 374 2822 lanei
400 2752 643 2842 cmethonales,
671 2753 713 2824 de
732 2753 863 2843 quibus·
885 2751 1017 2823 decima
1042 2753 1268 2843 manipularis
1296 2759 1332 2824 et
1349 2757 1581 2844 per‘quatuor
1607 2744 1748 2842 ierugas

194 2872 368 2964 canapalis
386 2872 534 2944 solvitur
551 2852 727 2945 cantoriae
746 2873 1017 2946 Sandomiriensi
1036 2879 1071 2945 et
1083 2895 1148 2965 per
1162 2875 1360 2946 cmethones
1379 2874 1517 2945 ducitur
1534 2873 1570 2944 in
1584 2873 1749 2944 horreum

194 2989 374 3066 acantore
400 2994 597 3085 locandum,
623 2999 659 3066 et
676 2995 881 3067 aestimatur
907 2996 1006 3068 valor
1024 2995 1098 3067 eins
1126 2995 1170 3066 ad
1189 3015 1250 3067 sex
1272 3015 1415 3066 marcas.
1454 2995 1543 3066 Item
1569 2994 1748 3084 tabernae,

191 3117 274 3186 itam
299 3114 487 3205 hortulani,
512 3116 596 3188 item
622 3115 801 3207 praedium
819 3117 869 3187 ihi
886 3116 1037 3187 militare
1064 3137 1178 3206 unum,
1206 3114 1335 3208 dequo
1363 3116 1497 3188 decima
1521 3111 1749 3205 manipularis

193 3236 341 3309 solvitur
367 3230 533 3308 ecclesiae
557 3237 749 3328 parochiali
776 3237 811 3308 in
839 3291 1060 3307 .........
1158 3252 1160 3257 ·

295 3355 592 3429 Ssosnurczsaa
618 3356 782 3448 Wonrs,
811 3357 893 3428 villa
920 3358 984 3429 sub
1010 3358 1176 3448 parochia
1202 3357 1373 3429 ecclesiae
1393 3356 1437 3427 de
1455 3355 1747 3428 SkorlrquIcze

192 3479 276 3568 sita,
312 3478 410 3550 cuius
443 3479 567 3550 haeres
604 3477 694 3548 idem
730 3477 909 3550 lohannes
943 3477 1183 3568 Wspinek,
1220 3479 1352 3569 inqua
1387 3482 1469 3549 sunt
1494 3477 1613 3548 decem
1647 3475 1741 3548 lanei

192 3599 441 3689 cmethonales,
467 3599 510 3670 de
538 3599 662 3689 quibus
690 3598 837 3671 solvitur
863 3599 997 3670 decima
1024 3599 1249 3690 manipularis
1278 3605 1313 3670 et
1338 3619 1402 3689 per
1429 3603 1578 3689 quatuor
1604 3596 1744 3688 ierugas

193 3721 368 3813 canapalis
395 3721 572 3793 cantoriae
599 3719 889 3811 Sandomiriensi,
923 3726 961 3793 et
987 3701 1118 3792 ducunt
1143 3741 1220 3791 eam
1246 3720 1446 3792 cmethones
1473 3719 1509 3791 in
1535 3720 1698 3791 horreum
1726 3738 1748 3790 a

93 3849 128 3870 ”·
191 3847 332 3914 cantore
349 3839 544 3932 locandum,
572 3848 608 3915 et
625 3842 725 3914 valor
747 3842 821 3913 eius
841 3842 1047 3914 aestimatur
1070 3842 1114 3912 ad
1132 3845 1282 3933 quatuor
1300 3861 1444 3913 marcas.
1482 3839 1573 3943 Item
1590 3841 1746 3932 taberna,

191 3964 276 4035 item
301 3964 496 4053 hortulani3
523 3964 606 4035 item
632 3984 701 4035 non
729 3969 784 4035 est
811 3953 859 4035 ibi
885 3963 1026 4055 aliquod
1051 3963 1231 4054 praedium
1257 3962 1441 4051 militaret&
1606 3958 1609 3971 '
1733 3936 1741 3954 ⁸

294 4085 616 4191 Dauszuowrcza,
652 4084 735 4156 villa
766 4085 830 4156 sub
856 4085 1023 4176 parochia
1049 4083 1214 4155 ecclesiae
1250 4084 1293 4155 de
1320 4083 1510 4155 Zarnow
1537 4084 1624 4174 sita,
1650 4079 1748 4179 cuius

129 4244 138 4267 ι
191 4206 315 4277 haeres
342 4206 506 4278 Nicolaus
533 4205 681 4279 Rosza
717 4206 760 4277 de
787 4206 1176 4296 Borziszowicze,
1212 4204 1255 4275 de
1282 4204 1388 4277 armis
1414 4204 1685 4297 Roszarum,
1711 4206 1749 4277 in

192 4348 260 4418 qua
295 4333 376 4399 suut
412 4329 562 4419 quinque
596 4327 688 4399 lanei
715 4327 961 4416 cmethonales,
997 4325 1040 4398 de
1067 4347 1215 4416 quorum
1249 4325 1437 4399 medietate
1473 4326 1577 4398 datur
1613 4321 1765 4398 decima

191 4448 434 4540 manipularis,
471 4454 506 4520 et
532 4469 597 4539 per
632 4454 780 4540 quatuor
814 4448 953 4539 ierugas
989 4448 1164 4538 canapalis
1201 4449 1377 4520 cantoriae
1413 4446 1685 4520 Sandomiriensi
1713 4454 1750 4520 et

187 4545 321 4642 ¹(incunt
346 4591 423 4642 eam
442 4572 640 4643 cmethones
667 4571 703 4640 in
721 4570 884 4642 horreum
912 4574 1093 4642 acantore
1111 4568 1312 4659 locandum,
1339 4575 1376 4641 et
1393 4569 1492 4641 valor
1518 4569 1592 4642 eius
1620 4567 1752 4641 medie·
1814 4590 1819 4609 ··

191 4691 277 4763 tatis
295 4692 499 4763 aestimatur
521 4691 565 4762 ad
583 4697 656 4762 tres
674 4711 818 4763 marcas.
857 4691 946 4763 Item
964 4711 1028 4783 pro
1048 4691 1159 4763 altera
1176 4689 1362 4764 medietate
1380 4690 1559 4763 laneorum
1579 4695 1615 4762 et
1632 4688 1746 4780 villae,

191 4812 276 4883 item
302 4811 346 4883 de
363 4811 506 4904 praedio
534 4814 634 4885 unico
661 4812 754 4884 illius
771 4812 875 4884 villae
911 4817 949 4883 et
965 4812 1059 4915 agris
1082 4813 1176 4903 eius,
1203 4812 1351 4885 solvitur
1368 4801 1596 4902 manipularis
1614 4810 1748 4883 decima

56 4940 61 4953 “
191 4932 356 5006 ecclesiae
381 4933 573 5024 parochiali
598 4934 634 5005 in
661 4933 872 5022 Zarnow;
898 4933 982 5005 item
1007 4932 1156 5006 taberna
1326 4933 1411 5005 itam
1436 4931 1623 5005 hortulani.

257 5054 260 5059 ’
294 5052 487 5144 Rnnwau,
514 5053 598 5125 villa
623 5055 687 5126 sub
714 5054 881 5145 parochia
906 5054 1073 5127 ecclesiae
1100 5055 1143 5126 de
1170 5054 1363 5127 Zarnow
1390 5055 1472 5145 sita,
1487 5052 1597 5126 ¹cuius
1622 5052 1747 5127 haeres

191 5173 369 5247 Iohannes
396 5174 682 5267 Radwansky
709 5175 752 5247 de
771 5176 876 5248 armis
903 5174 1094 5266 Leliwa,
1119 5176 1157 5246 iu
1175 5196 1245 5267 qua
1270 5179 1353 5248 sunt
1377 5178 1450 5248 tres
1475 5174 1569 5247 lanei
1594 5174 1749 5249 cmetho-

192 5295 376 5386 nales,'de
395 5298 519 5392 quibus
547 5297 650 5370 datur
678 5296 810 5369 decima
836 5296 1063 5387 manipularis
1090 5301 1127 5368 et
1144 5317 1209 5387 per
1225 5301 1376 5387 quatuor
1401 5295 1544 5387 ierngas'
1569 5294 1751 5389 mapalis
1818 5394 1824 5401 ἢ

193 5415 369 5498 ambriae
387 5417 675 5511 Sandomiriensi,
702 5424 738 5503 et
755 5417 854 5503 litlot
872 5418 946 5505 eius
965 5417 1170 5506 autumatur
1187 5417 1234 5503 qd
1248 5436 1356 5502 unam
1370 5424 1420 5495 mr
