4050 6054
1592 510 1725 597 lv

131 760 141 773 κ
177 731 308 799 scottos
331 732 367 798 et
393 727 519 798 tertius
538 727 685 798 mediam
703 747 863 799 marcam.
889 712 977 798 Item
993 727 1138 817 quilibet
1153 749 1271 799 eorum
1290 733 1430 799 tenetur
1448 729 1582 800 solvere
1595 731 1725 802 vicario
1792 786 1796 793 .

176 868 240 940 pro
259 855 419 939 tempore
447 848 570 938 viginti
600 870 678 939 ove,
707 849 793 921 duos
812 868 973 937 capones,
1000 847 1085 918 duos
1105 868 1237 936 caseos;
1263 849 1346 919 item
1365 849 1511 939 quilibet
1532 856 1673 921 tenetur
1688 851 1726 921 in

176 976 332 1059 tempore
351 968 509 1040 aestivali
527 968 689 1040 falcastro
721 969 786 1040 aut'
810 977 928 1040 aratro
947 969 1106 1039 laborare
1126 976 1199 1039 tres
1218 968 1301 1039 dies.
1336 968 1425 1053 Item
1442 969 1478 1040 in
1497 969 1617 1040 eadem
1643 970 1726 1041 villa

176 1096 230 1161 est
255 1111 344 1161 unus
371 1088 695 1181 laneus‘custodiae
722 1088 961 1161 Cracoviensis
990 1089 1126 1160 solvens
1153 1110 1256 1159 uuam
1284 1108 1507 1179 sexagenum,
1534 1089 1617 1160 item
1644 1110 1726 1180 pars

175 1210 311 1300 reliqua
328 1211 439 1282 maior
456 1204 632 1300 praefatae
651 1210 754 1280 villae
772 1191 925 1306 pertinet
940 1209 983 1279 ad
996 1209 1020 1280 J
1022 1210 1190 1280 ohannem
1209 1207 1496 1300 Skauinshy,
1514 1209 1665 1280 nobilem
1682 1209 1725 1281 de

176 1331 278 1402 domo
295 1331 482 1402 Doliwa.

125 1427 128 1434 ’
231 1549 232 1552 ¹
270 1452 358 1523 Item
372 1450 530 1541 praefata
543 1451 673 1521 vicaria
686 1452 792 1522 habet
807 1451 972 1523 decimam
987 1450 1236 1542 manipularem
1250 1449 1286 1520 in
1300 1450 1551 1542 Boschutow,
1565 1450 1647 1521 villa
1661 1452 1724 1525 sub
1785 1493 1792 1523 l

176 1573 341 1664 parochia
355 1572 519 1643 ecclesiae
534 1571 576 1642 de
590 1571 973 1664 Wyauczslawicze,
993 1574 1089 1643 cuius
1102 1570 1205 1643 villae
1219 1563 1387 1642 medietas
1400 1571 1553 1660 pertinet
1567 1571 1610 1642 ad
1625 1592 1726 1661 prae·
1831 1634 1835 1646 .

176 1693 323 1764 bendam
342 1698 378 1763 et
396 1693 635 1763 canonicatum
661 1690 938 1782 cracoviensem,
967 1714 1054 1783 quae
1081 1696 1226 1792 uocatur
1252 1691 1586 1782 Bossuthovsha,
1613 1694 1726 1766 altera

176 1834 258 1884 vero
285 1812 452 1883 medietas
479 1813 632 1902 pertinet
659 1811 703 1882 ad
731 1813 841 1883 altare
868 1812 986 1885 Sancti
1009 1813 1160 1884 Thomae
1192 1811 1352 1901 Apostoli
1379 1812 1415 1881 in
1442 1811 1562 1883 eadem
1580 1813 1724 1886 ecelesia
1832 1809 1834 1812 ’
1955 1867 1958 1875 ,

177 1932 405 2006 cracoviensi.
437 1933 484 2005 Et
502 1935 636 2005 suntin
655 1933 775 2005 eadem
793 1933 876 2003 villa
893 1954 954 2004 sex
972 1932 1064 2002 lanei
1082 1931 1328 2021 emethonales,
1355 1931 1398 2003 de
1418 1933 1543 2021 quibus
1561 1934 1720 2006 omnibus

156 2071 159 2076 ·
177 2055 324 2126 solvitur
342 2055 474 2126 decima
491 2053 716 2144 manipularis
733 2073 798 2144 pro
816 2048 1122 2141 vicaria‘praefata
1143 2060 1179 2123 et
1205 2052 1356 2145 propriis
1375 2052 1533 2123 curribus
1550 2073 1615 2143 per
1633 2074 1723 2126 eme·
1816 2114 1820 2123 Α

115 2168 119 2177 ’
177 2176 299 2248 thoues
318 2175 456 2247 ducitur
473 2177 509 2244 in
527 2175 689 2245 horreum
716 2195 780 2264 pro
807 2174 945 2244 vicario.
972 2171 1040 2244 Sed
1067 2172 1243 2262 perceptio
1271 2172 1426 2244 eiusdem
1453 2172 1605 2244 decimae
1632 2195 1724 2246 anno

177 2296 330 2384 quolibet
349 2294 616 2383 diversificatum
643 2315 722 2365 uam
749 2315 792 2364 ex
819 2293 1022 2384 quibusdam
1049 2293 1142 2382 agris
1169 2292 1263 2363 tollit
1288 2291 1462 2364 frumenta
1488 2294 1660 2384 hyemalia
1686 2285 1723 2368 et
1814 2381 1817 2387 ,

175 2416 369 2504 aestivalia,
384 2435 426 2484 ex
441 2414 646 2513 quibusdam
660 2435 742 2487 vero
757 2414 924 2505 plebanus
938 2420 974 2486 et
988 2413 1132 2484 ecclesia
1146 2413 1293 2485 Sanctae
1307 2394 1442 2486 Mariae
1456 2413 1498 2484 de
1513 2412 1724 2505 cracovia,

176 2542 211 2603 et
223 2552 225 2557 “
238 2534 442 2604 aestimatur
459 2534 558 2605 valor
576 2533 727 2606 decimae
745 2534 932 2625 praefatae,
946 2540 1116 2624 quantum
1128 2534 1173 2605 ad
1186 2534 1366 2624 vicariam,
1384 2555 1448 2624 per
1461 2539 1612 2625 quatuor
1630 2555 1737 2607 mar·.

176 2671 246 2741 cas,
275 2659 310 2723 et
336 2675 441 2724 unum
459 2655 596 2726 laneum
614 2655 864 2733 emethonalem
883 2654 976 2726 tollit
994 2654 1167 2743 altarista‚
1194 2655 1237 2725 de
1257 2675 1324 2745 quo
1352 2653 1518 2726 de‘cimam
1537 2657 1723 2746 supprimit
1839 2738 1847 2760 ,

175 2780 211 2842 et
228 2794 291 2862 pro
310 2795 347 2844 se
364 2780 523 2864 usurpat,
543 2795 631 2864 quae
650 2774 799 2846 debetur
817 2776 946 2847 vicario
965 2773 1131 2864 praefato.
1370 2857 1372 2860 y

135 2875 143 2987 ⁵,
277 2894 366 2965 Item
383 2894 490 2967 habet
508 2894 674 2967 decimam
691 2896 941 2987 manipularem
958 2897 995 2966 in
1014 2895 1154 2998 Bolon,
1172 2894 1264 2984 villa,
1283 2896 1380 2967 cuius
1394 2895 1518 2968 haeres
1529 2895 1723 2983 Stanislaus¹

175 3013 512 3108 Mlodzyeowslry,
531 3018 658 3087 nobilis
673 3016 1387 3106 dedomoantiquorumequorun.1n
1402 3019 1725 3109 quasuntquinque

118 3220 122 3227 s
162 3136 386 3226 ,emethones
412 3137 580 3209 habentes
599 3158 737 3228 campos
756 3137 923 3227 speciales
942 3144 1138 3208 accurtatos
1156 3143 1192 3207 et
1209 3137 1342 3227 breves,
1361 3158 1425 3208 uec
1442 3138 1570 3210 iustam
1587 3158 1724 3211 mensu-

174 3276 248 3325 ram
266 3257 302 3327 in
320 3256 461 3346 longum
480 3259 570 3329 etin
588 3259 697 3330 latum
715 3259 893 3330 laneorum
912 3258 1104 3347 explentes,
1132 3256 1175 3328 de
1195 3256 1318 3347 quibus
1345 3256 1478 3329 decima
1496 3259 1723 3349 manipularis

174 3376 321 3447 solvitur
338 3382 375 3449 et
392 3377 530 3449 ducitur
549 3400 611 3468 per
629 3359 827 3450 cmethones
846 3380 882 3449 in
900 3379 1064 3449 horreum
1085 3399 1149 3468 pro
1176 3378 1307 3448 vicaria
1324 3377 1496 3468 praefata,
1516 3380 1724 3453 aestimatur
1802 3467 1806 3473 Ι

174 3496 272 3568 valor
290 3497 364 3568 eius
382 3498 426 3568 ad
446 3506 594 3589 quatuor
612 3520 755 3571 marcas.
782 3498 848 3569 Est
862 3499 967 3569 etiam
985 3499 1035 3570 ibi
1049 3501 1145 3570 curia
1163 3499 1343 3589 militaris,
1361 3499 1493 3571 habeus
1507 3520 1609 3590 egros
1623 3522 1724 3592 prae-

175 3614 296 3706 diales,
316 3617 358 3688 de
377 3619 501 3708 quibus
519 3619 653 3689 decima
670 3619 894 3708 manipularis
914 3619 1060 3689 solvitur
1074 3618 1221 3707 plebano
1240 3626 1276 3690 et
1293 3619 1458 3689 ecclesiae
1475 3621 1512 3689 in
1531 3618 1576 3689 W
1582 3641 1725 3711 yancz·

168 3737 371 3810 slavicae.
398 3739 487 3809 Item
501 3747 555 3810 est
568 3761 637 3810 uua
651 3740 798 3810 taberna
812 3740 942 3811 habens
961 3759 1063 3827 agros
1082 3739 1261 3828 speciales
1280 3737 1322 3808 de
1342 3739 1466 3827 quibus
1480 3760 1557 3809 cum
1570 3742 1723 3812 cmetho-

174 3858 277 3930 nibus
294 3858 399 3931 solvit
417 3858 584 3931 decimam
603 3859 852 3950 manipularem
870 3878 934 3948 pro
952 3858 1082 3930 vicario
1101 3859 1137 3928 in
1152 3854 1367 3952 ponitbaoam.

278 3977 366 4068 Quia
384 3988 499 4051 tamen
513 3980 721 4051 venerabilis
735 3979 893 4050 dominus
907 3978 1084 4050 Johauues
1098 3978 1403 4070 Rzeschowshy,
1417 3979 1583 4052 ecclesiae
1598 3979 1724 4054 Croco-

173 4099 302 4171 viensis
316 4107 352 4171 et
365 4100 517 4172 eiusdem
531 4101 749 4191 praebendae
764 4101 956 4190 canonicus,
969 4121 1033 4190 per
1047 4100 1284 4170 honorabilem
1298 4098 1467 4171 Iacobum
1486 4100 1528 4172 de
1549 4099 1723 4195 Gnezna,

173 4220 340 4291 vicarium
359 4242 458 4292 suum
472 4230 685 4325 perpetuum,
704 4243 767 4312 pro
782 4221 914 4292 decima
931 4221 1140 4310 manipulari
1156 4222 1192 4291 in
1210 4221 1551 4313 Dzekauowycze,
1575 4232 1614 4295 ut
1632 4224 1723 4296 idem

172 4341 324 4414 Jacobus
341 4343 491 4415 vlearius
510 4344 702 4432 asserebat,
721 4343 765 4414 ad
780 4342 943 4413 vicariam
958 4341 1102 4413 eandem
1116 4343 1192 4413 loco
1206 4341 1303 4413 fundi
1317 4343 1390 4414 sive
1405 4341 1496 4414 dotis
1514 4345 1722 4434 pertinente,

174 4482 289 4533 coram
303 4464 493 4535 reverendo
508 4473 608 4555 patre
623 4465 759 4535 domiuo
773 4463 932 4535 Iohanne
952 4463 994 4534 de
1009 4461 1203 4534 Gentanis
1221 4471 1285 4534 etc.
1303 4463 1340 4534 in
1359 4464 1455 4534 ouria
1468 4463 1624 4536 Romana
1642 4485 1721 4537 cau-

174 4604 290 4655 sarum
309 4586 476 4674 auditore,
504 4592 637 4656 tractus
663 4584 777 4656 iuerat
804 4583 848 4654 ad
867 4603 1018 4672 causam,
1045 4584 1156 4673 lisque
1178 4604 1242 4674 pro
1261 4583 1381 4655 eadem
1399 4583 1532 4655 decima
1548 4584 1723 4674 pendebat

173 4704 334 4795 indecisa,
348 4727 467 4778 verum
481 4708 554 4796 ipse
569 4705 727 4777 dominus
739 4703 917 4777 Iohannes
931 4703 1236 4796 Rzeschowsky,
1251 4705 1444 4793 canonicus
1458 4704 1609 4776 cedendo
1622 4705 1723 4778 htiet

175 4845 307 4915 causae,
326 4846 389 4916 per
406 4826 545 4898 modum
564 4827 768 4898 concordiae
787 4826 853 4897 sibi
871 4830 911 4897 ut
929 4824 1125 4915 praefertur
1142 4825 1187 4897 ad
1205 4826 1406 4897 instantiam
1424 4824 1573 4915 praelati
1590 4824 1723 4917 Jacobi,

120 5040 122 5043 ·
163 4947 294 5018 ‘vicarii
312 4946 379 5036 sui,
407 4947 585 5019 occasione
608 4947 760 5018 eiusdem
783 4946 936 5017 decimae
958 4946 1183 5037 manipularis
1206 4947 1242 5017 in
1263 4945 1584 5028 Dzekanowicze
1611 4952 1722 5018 motto

174 5068 341 5158 obligavit
356 5089 392 5139 se
407 5075 443 5140 et
462 5090 541 5140 suos
560 5084 774 5141 successores
792 5069 974 5141 canonicos
992 5088 1056 5157 pro
1075 5075 1229 5158 tempore
1257 5067 1392 5139 ratione
1429 5066 1541 5139 dietae
1569 5067 1722 5140 decimae

173 5191 222 5261 sic
239 5190 383 5279 petitae,
412 5194 448 5261 et
465 5189 600 5261 ratione
619 5189 710 5261 dotis
729 5190 801 5262 sive
818 5168 915 5262 iirndi
934 5188 1083 5260 vicariae
1102 5187 1293 5278 praefatae,
1321 5186 1413 5258 dicto
1432 5186 1571 5260 domino
1589 5187 1611 5260 J
1614 5190 1721 5261 acobo

172 5332 234 5382 suo
253 5299 383 5381 vicario
410 5316 447 5381 et
464 5311 542 5382 aliis
560 5311 699 5381 vicariis
726 5312 902 5402 perpetuis
929 5310 1106 5400 praefatae
1124 5307 1342 5398 praebendae
1370 5308 1568 5398 perdecem
1586 5329 1726 5391 mancas¹

172 5432 272 5503 annis
303 5431 449 5522 singulis
475 5453 538 5522 pro
568 5432 722 5523 quolibet
752 5431 841 5504 festo
872 5431 990 5504 Sancti
1020 5428 1166 5501 Martini
1197 5428 1262 5500 sub
1293 5429 1448 5501 censuris
1479 5429 1720 5503 ecclesiasticis
