4050 6054
1676 380 1748 455 351

208 583 435 675 manipularis
455 586 686 689 praebendae
720 584 921 679 Turebskey
948 593 984 659 et
1019 608 1082 678 per
1119 591 1267 678 quatuor
1302 585 1442 679 ierugas
1482 587 1679 681 canapalis,
1718 595 1754 662 et
1826 565 1829 569 ,

208 706 346 778 ducitur
373 727 436 795 per
463 707 659 778 cmethcnes
687 714 723 778 et
749 708 848 778 valor
875 708 948 779 eius
976 707 1021 779 ad
1048 714 1196 796 quatuor
1221 729 1364 779 marcas.
1391 708 1479 779 Item
1505 708 1673 780 tabernae
1691 762 1754 799 ...,

207 826 290 895 item
315 825 493 897 hortulani
512 880 680 916 .......
707 828 791 898 item
817 827 997 917 praedium
1023 827 1073 898 ibi
1099 827 1237 898 unicum
1263 828 1428 916 militare,
1456 826 1498 898 de
1518 848 1594 918 ¹quo
1621 827 1753 911 decima

206 945 431 1035 manipularis
458 947 604 1019 solvitur
631 948 794 1019 ecclesiae
822 949 857 1018 in
884 948 1085 1018 Zarnow.

308 1067 466 1139 Banuue
492 1067 629 1158 Minoa,
657 1067 740 1139 villa
758 1070 822 1139 sub
841 1070 1005 1159 parochia
1022 1069 1186 1140 ecclesiae
1206 1068 1248 1139 de
1275 1067 1452 1141 Bedlnc
1479 1067 1651 1140 Maiori
1677 1069 1754 1159 sita,

207 1188 304 1259 cuius
330 1188 455 1290 baares
482 1187 645 1259 Nicolaus
681 1188 887 1277 Karana,
922 1188 1048 1260 nabilis
1084 1189 1127 1258 de
1154 1189 1260 1259 armis
1296 1187 1603 1280 Wyenyawa,.
1621 1188 1657 1259 iu
1684 1208 1753 1278 qua

207 1312 288 1378 sunt
314 1306 405 1378 lanei
432 1307 682 1396 emethanaleS,
710 1308 752 1379 de
781 1309 905 1398 quibus
933 1307 1079 1379 solvitur
1106 1308 1238 1379 decima
1264 1309 1491 1399 manipularis
1517 1315 1553 1379 et
1579 1329 1642 1400 per
1665 1329 1754 1399 ‚qma-

206 1433 286 1500 buar
321 1429 459 1518 ierugas
493 1428 687 1529 canapalis‚
715 1436 751 1499 et
778 1428 917 1499 ducitur
951 1449 1014 1516 per
1040 1430 1237 1500 emethcnes
1264 1431 1300 1500 in
1327 1431 1489 1500 horreum
1525 1429 1690 1521 canonici,
1710 1432 1753 1529 ct

206 1549 303 1621 valor
330 1550 404 1620 eius
432 1549 476 1619 ad
504 1549 590 1620 duas
616 1569 759 1620 marcas.
791 1549 879 1620 Item
904 1550 1089 1638 tabernae,
1110 1550 1199 1619 ¹item
1225 1550 1402 1621 hortulani
1410 1580 1422 1639 ‚>
1446 1549 1529 1620 item
1557 1550 1626 1621 triu
1652 1570 1753 1641 prae·

207 1668 264 1741 dia
290 1669 465 1759 militaria,
493 1669 560 1741 dua
587 1670 727 1742 solvunt
754 1670 920 1741 decimam
939 1669 1103 1741 ecclesiae
1130 1670 1166 1741 in
1192 1670 1388 1760 Bedlna,
1414 1672 1557 1743 tertium
1583 1671 1752 1761 praeben-

207 1789 271 1860 dae
299 1789 502 1882 Turebskey
529 1791 564 1860 in
588 1787 804 1886 pontiliacum.

309 1910 633 2001 Puzrarscnewr,
669 1911 751 1982 villa
777 1913 841 1983 sub
869 1911 1034 2001 parochia
1061 1911 1224 1982 ecclesiae
1253 1911 1295 1981 de
1322 1909 1499 1998 Bedlne
1530 1911 1617 2001 sita,
1652 1911 1750 1985 cuius

97 2113 100 2117 ,
206 2029 330 2101 haeres
356 2030 520 2102 Nicolaus
547 2030 753 2121 Keruna,
780 2033 816 2102 in
843 2052 912 2123 qua
938 2037 1020 2102 sunt
1045 2031 1137 2102 lanei
1164 2031 1408 2119 emethonales,
1435 2028 1620 2123 dequibus
1648 2031 1752 2103 solvi-

205 2156 264 2221 tur
289 2150 422 2221 decima
449 2151 673 2242 manipularis
691 2158 727 2222 et
745 2173 808 2241 per
835 2158 983 2242 quatuor
1010 2152 1148 2240 ierugas
1175 2151 1350 2241 canapalis
1376 2150 1592 2241 praebendae
1619 2150 1752 2224 rurae

205 2270 299 2362 skey‚
326 2277 363 2342 et
389 2271 527 2342 ducitur
562 2293 624 2362 per
652 2273 849 2344 emethanes
885 2273 920 2341 in
947 2272 1110 2342 horreum
1137 2292 1159 2341 a
1185 2273 1349 2343 canonico
1384 2272 1565 2349 locandum
1593 2278 1628 2343 at
1653 2272 1752 2345 valor
1892 2360 1896 2369 Ι

204 2390 278 2462 eius
305 2391 350 2461 ad
375 2397 448 2463 tres
476 2413 609 2464 marcas
636 2393 847 2464 aestimatur.
892 2391 979 2463 Item
1007 2393 1192 2484 tabernae,
1218 2393 1301 2462 item
1328 2392 1514 2482 hortulani,
1541 2393 1624 2463 item
1649 2412 1751 2483 prae·

203 2512 297 2593 dium
324 2513 462 2584 unicum
489 2513 655 2602 militare,
691 2513 733 2583 de
762 2534 828 2603 quc
856 2513 1000 2583 decima·
1015 2513 1240 2602 manipularis
1277 2512 1426 2607 solvitur
1453 2512 1622 2584 ecclesiae
1647 2533 1751 2602 paro·

205 2632 307 2704 chiali
334 2633 369 2704 iu
396 2632 583 2705 Bedlno.

308 2754 488 2825 Wrszurn
515 2756 644 2845 prima,
680 2755 764 2825 villa
791 2755 854 2826 sub
881 2755 1046 2845 parochia
1081 2754 1245 2825 ecclesiae
1279 2754 1321 2824 de
1348 2753 1507 2845 Lyppa
1530 2753 1618 2844 sita,
1654 2754 1751 2833 cuius

180 2957 181 2962 Ἰ
204 2873 327 2945 haeres
354 2873 530 2946 lohannes
557 2874 580 2946 J
590 2896 665 2945 asu
675 2875 852 2966 yensky
879 2875 921 2945 de
940 2875 1046 2944 armis
1073 2872 1266 2962 Roseae,
1293 2874 1330 2943 in
1348 2894 1417 2964 qua
1442 2880 1524 2947 sunt
1552 2880 1629 2947 acto
1656 2873 1750 2945 lanai

204 2995 451 3084 mathomus,
479 2995 522 3065 de
550 2995 673 3084 quibus
700 2994 846 3065 solvitur
873 2995 1006 3066 decima
1032 2994 1258 3084 manipularis
1285 3000 1321 3067 et
1348 3015 1411 3087 per
1438 3001 1586 3086 quatuor
1612 2995 1751 3086 ierugas

204 3115 379 3205 canapalis
415 3115 632 3206 praebendae
660 3115 879 3205 Turebslrey,
899 3123 943 3196 ‚et
970 3116 1101 3186 ducunt
1136 3136 1212 3186 eam
1244 3116 1440 3187 cmetbanes
1475 3116 1511 3187 in
1537 3117 1702 3187 horreum
1727 3137 1750 3187 a

203 3236 365 3320 wncmcc
392 3236 573 3308 locandum
601 3243 637 3306 et
663 3236 761 3307 valor
788 3237 862 3306 eius
889 3236 1093 3307 aestimatur
1120 3236 1165 3307 ad
1183 3242 1332 3326 quatuor
1358 3256 1502 3306 marcas.
1528 3236 1617 3307 Item
1634 3236 1750 3308 taber·

204 3375 270 3428 nae
305 3363 500 3446 nunaunt,
535 3356 753 3428 nummariae
789 3361 984 3445 nunaunt,
1020 3357 1104 3426 item
1137 3364 1288 3429 nonest
1325 3355 1505 3445 praedium
1542 3336 1682 3447 aliquod
1716 3357 1753 3427 iu

202 3477 285 3548 villa
311 3478 499 3568 praedicta.
761 3481 766 3490 '
1454 3538 1457 3545 .

306 3598 485 3671 W1szurn
522 3598 690 3688 secunda,
726 3618 814 3689 quae
849 3604 884 3668 et
911 3597 1153 3671 Wrssrczsun
1179 3597 1342 3686 Wonm,
1378 3595 1461 3667 villa
1495 3596 1559 3668 sub
1585 3596 1751 3685 parochia

202 3719 366 3791 ecclesiae
393 3719 436 3831 de
463 3719 651 3790 Fallrow
677 3720 752 3810 sita,
780 3720 876 3791 cuius
904 3720 1028 3789 haeres
1055 3717 1232 3790 lohannes
1260 3714 1550 3806 Gisziczsky‚
1577 3715 1621 3786 de
1648 3716 1749 3787 dumo
1784 3780 1789 3797 ,

203 3837 474 3929 Gaszdawa,
511 3841 546 3910 in
574 3861 642 3931 qua
669 3847 750 3912 sunt
777 3840 868 3911 lanei
896 3838 1147 3929 emethanales‚
1175 3839 1217 3910 de
1245 3838 1369 3931 quibus
1397 3844 1433 3908 et
1458 3835 1686 3926 manipularis
1712 3840 1749 3908 et

202 3961 376 4052 canapalis
412 3960 545 4033 decima
581 3961 730 4033 solvitur
765 3960 983 4051 praebendae
1011 3958 1213 4050 Turebskey
1238 3965 1275 4030 et
1302 3959 1401 4030 valor
1436 3959 1511 4035 eius
1542 3958 1748 4031 aestimatur

203 4081 247 4155 ad
274 4081 360 4155 duas
387 4103 530 4154 marcas.
1710 4162 1723 4177 .-

303 4202 350 4273 W
351 4223 485 4274 rszurn
511 4204 634 4294 tertia,
672 4202 755 4274 villa
782 4202 845 4274 sub
872 4202 1038 4292 parochia
1073 4201 1237 4273 ecclesiae
1274 4201 1316 4272 de
1347 4201 1505 4292 Lyppa
1531 4202 1616 4292 sita,
1652 4200 1750 4285 cuius

200 4323 324 4395 haeres
360 4324 520 4395 Andreas
557 4324 824 4415 Mnyowsky
860 4323 902 4393 de
929 4323 1036 4395 armis
1072 4321 1335 4414 Nyeczuya,
1371 4323 1407 4393 in
1438 4344 1507 4412 qua
1542 4328 1623 4405 sunt
1655 4320 1751 4404 lanai

186 4445 445 4535 „emethcnales
473 4444 515 4515 de
544 4445 667 4535 quibus
695 4444 842 4515 solvitur
869 4443 1001 4514 decima
1027 4443 1251 4533 manipularis
1276 4449 1312 4513 et
1330 4443 1503 4532 canapalis
1530 4440 1748 4533 praebendae

201 4563 412 4656 Turebskey,
440 4566 537 4636 cuius
563 4565 663 4639 valor
689 4565 733 4641 ad
760 4586 862 4635 unam
889 4584 1050 4635 marcam.
1077 4562 1165 4635 Item
1183 4569 1236 4634 est
1253 4563 1304 4635 ibi
1329 4562 1507 4654 praedium
1534 4583 1639 4633 uuum
1658 4561 1750 4635 deci·

200 4706 297 4756 mans
325 4687 489 4756 ecclesiae
517 4686 552 4756 in
579 4685 754 4777 Lyppa,
781 4685 864 4755 item
890 4685 1046 4775 taberna,
1072 4684 1156 4755 item
1183 4680 1411 4757 hortulaniae.

304 4805 610 4896 Smosunwrcza‚
646 4807 731 4877 villa
756 4807 819 4877 sub
846 4805 1013 4896 parochia
1046 4804 1211 4877 ecclesiae
1247 4804 1290 4875 de
1316 4802 1503 4877 Kanaka
1528 4803 1615 4892 sita,
1651 4801 1750 4875 cuius
1822 4874 1831 4883 ,

200 4927 323 4999 haeres
351 4926 516 5001 Nicolaus
543 4926 778 4998 Litbuosz
806 4924 848 4996 de
867 4900 1296 5015 armisffirzjrmalya
1323 4924 1360 4995 iu
1386 4931 1553 5016 quaeunt
1578 4929 1651 5003 tres
1670 4943 1746 4995 cum

200 5048 313 5119 medio
339 5049 450 5138 lanei,
476 5047 520 5120 de
547 5047 671 5138 quibus
698 5045 845 5118 solvitur
872 5046 1005 5117 decima
1030 5045 1256 5135 manipularis
1283 5050 1320 5115 et
1344 5062 1409 5134 pur
1434 5049 1585 5134 quatuor
1610 5044 1748 5134 ierugas

195 5168 375 5261 'canapalis
402 5168 620 5259 praebendae
648 5162 837 5255 Turebska,
865 5171 900 5236 et
925 5166 1055 5237 ducunt
1082 5186 1156 5237 eam
1183 5164 1383 5236 emethcnes
1408 5163 1445 5234 in
1463 5163 1633 5237 'borreum
1652 5184 1673 5235 a
1690 5183 1747 5253 aa·

198 5290 321 5359 nouico
347 5289 529 5361 locandum
556 5293 592 5359 et
618 5287 714 5359 valor
741 5287 815 5357 eius
843 5287 1047 5358 aestimatur
1074 5286 1118 5359 ad
1136 5307 1240 5357 unam
1269 5305 1346 5356 cum
1372 5283 1746 5369 mediamarca.1te1u
