4050 6054
439 420 487 493 36

439 628 568 700 vicaria
594 624 841 714 cracoviensis,
867 624 1042 714 pertinens
1069 623 1114 694 ad
1140 623 1372 713 praebendam
1400 623 1609 713 Thopolslra3
1636 625 1733 695 curia
1757 626 1876 697 antem
1892 623 1984 697 mili-

398 839 406 851 ,
440 750 526 822 taris
552 748 594 819 do
622 768 684 818 suo
710 745 852 837 praedio
879 744 1027 816 decimat
1054 746 1200 835 plebano
1228 751 1264 816 et
1290 746 1455 817 ecclesiae
1482 745 1525 817 de
1556 745 1853 836 Nyegardow.

540 871 626 940 Item
646 869 751 939 babet
768 864 924 957 praefata
941 865 1138 955 praebenda
1155 866 1294 938 tertiam
1313 866 1562 956 manipularem
1576 866 1743 938 decimam
1761 867 1797 937 in
1814 864 1984 959 Kalyna,

438 992 521 1064 villa
538 990 680 1060 militari
698 988 862 1059 nobilium
882 988 925 1059 de
947 987 1244 1078 BippennibuS,
1271 989 1307 1058 iu
1326 1008 1394 1078 qua
1412 994 1466 1059 est
1484 988 1630 1059 ecelesia
1646 988 1866 1079 parochialis,
1892 990 1983 1060 etin

436 1133 504 1203 qua
522 1116 603 1182 sunt
621 1110 802 1201 sexaginta
819 1131 881 1181 sex
898 1109 990 1180 lanei
1009 1109 1251 1199 emethonales,
1279 1111 1360 1180 item
1378 1110 1496 1199 plures
1515 1111 1632 1181 curiae
1649 1109 1827 1201 nobilium,
1844 1131 1888 1181 ex
1907 1111 1984 1201 qui·

434 1235 500 1306 burs
518 1233 607 1304 duae
633 1232 750 1303 euriae
768 1231 948 1320 militares
966 1236 1002 1301 et
1019 1229 1165 1321 praefati
1184 1231 1365 1321 sexaginta
1382 1251 1443 1303 sex
1461 1231 1553 1301 lanei
1575 1230 1817 1321 cmethonales,
1843 1231 1985 1304 solvunt

308 1378 313 1387 ’
436 1355 601 1426 decianam
621 1353 868 1442 manipularem
886 1351 1062 1442 praefatae
1080 1351 1297 1441 praebendae
1310 1353 1346 1422 in
1357 1349 1573 1448 petrabona,
1591 1357 1627 1425 et
1640 1352 1841 1425 cmethones
1853 1352 1985 1425 ducunt

435 1498 512 1548 earn
530 1476 680 1566 propriis
707 1475 865 1545 curribus
892 1475 928 1544 in
952 1475 1116 1545 horreum
1135 1494 1156 1544 a
1174 1474 1337 1545 canonico
1365 1474 1568 1565 eligendum,
1595 1479 1633 1546 et
1650 1474 1790 1547 solvunt
1816 1474 1985 1547 decimam

436 1599 559 1688 canapi
577 1617 640 1686 per
659 1601 806 1685 quatuor
832 1596 1020 1683 iuncturas,
1047 1600 1084 1665 et
1102 1595 1306 1666 aestimatur
1325 1595 1421 1666 uralor
1440 1594 1592 1666 decimae
1619 1594 1664 1677 ad
1690 1615 1752 1667 sex
1768 1614 1916 1684 mareas3
1941 1616 1984 1667 ex

437 1719 514 1789 aliis
532 1738 614 1789 rero
642 1717 747 1788 curiis
769 1722 805 1788 et
823 1717 916 1807 agris
943 1716 1161 1805 militaribus,
1189 1717 1336 1788 solvitur
1362 1715 1494 1787 decima
1520 1715 1746 1807 manipularis
1772 1716 1921 1806 plebano
1947 1721 1985 1788 et

436 1840 601 1912 ecelesiae
620 1841 655 1909 in
674 1838 748 1909 Kal
754 1859 840 1929 yna.
867 1837 956 1909 Sunt
974 1839 1078 1909 etiarn
1095 1839 1144 1909 ibi
1163 1838 1251 1909 duae
1278 1838 1442 1909 tabernae
1470 1844 1505 1910 et
1526 1860 1632 1909 unum
1650 1837 1895 1928 molendinum,
1922 1837 1982 1911 sed

435 1984 503 2033 nou
523 1961 652 2031 habent
670 1980 785 2047 agros
803 1960 1020 2032 hortulaniae
1035 1965 1116 2030 sunt
1134 1958 1336 2049 quindecim,
1354 1959 1522 2032 habentes
1541 1981 1644 2051 agros
1658 1980 1702 2031 ex
1715 1959 1984 2050 praediis-nobi-

435 2083 528 2172 lium,
547 2087 584 2152 et
601 2081 741 2152 solvunt
760 2080 926 2151 decimam
943 2081 1099 2171 plebano.

538 2204 627 2274 Item
654 2202 761 2273 lrabet
787 2207 945 2292 quartam
971 2202 1221 2291 manipularem
1248 2201 1418 2274 decimam
1444 2203 1480 2273 in
1502 2201 1699 2289 Sladow,
1726 2203 1791 2274 sub
1816 2203 1984 2294 parochia

435 2325 599 2397 ecelesiae
627 2324 670 2395 de
696 2322 858 2413 Kalina,
885 2323 982 2394 cuius
1009 2322 1176 2395 haeredes
1203 2323 1380 2395 Slawnilr
1406 2333 1444 2394 et
1466 2324 1636 2414 I'ieolaus,
1661 2324 1795 2397 nobiles
1821 2324 1984 2397 dedomo

435 2447 751 2537 Bippennium.
787 2445 827 2517 In
855 2465 923 2535 qua
949 2448 1030 2516 sunt
1057 2452 1188 2534 septem
1215 2446 1306 2516 lanei
1333 2445 1576 2535 emetlronales,
1602 2444 1647 2517 de
1673 2446 1799 2536 ombus
1824 2446 1984 2519 omnibus

434 2569 568 2639 decima
593 2567 820 2657 manipularis
846 2566 995 2638 solvitur
1019 2588 1084 2657 pro
1107 2567 1305 2656 praebenda
1330 2564 1498 2656 praefata,
1524 2572 1561 2637 et
1577 2566 1717 2639 ducitur
1743 2587 1807 2658 per
1833 2567 1985 2639 cmetho-

434 2710 496 2761 nes
523 2689 673 2779 propriis
700 2689 859 2759 curribus
886 2689 921 2758 in
948 2689 1111 2760 horreum
1130 2708 1151 2759 a
1169 2689 1334 2760 canonico
1361 2688 1566 2778 eligendum,
1592 2692 1631 2760 et
1648 2689 1789 2760 solvunt
1815 2687 1983 2785 decimam

435 2810 557 2900 canapi
584 2830 647 2899 per
673 2817 822 2899 quatuor
847 2811 1043 2899 iuncturae,
1071 2816 1108 2881 et
1135 2810 1339 2880 aestimatur
1366 2810 1463 2881 valor
1489 2811 1564 2881 eius
1592 2809 1636 2881 ad
1664 2814 1814 2900 quatuor
1839 2828 1984 2881 mareas

434 2934 521 3003 Item
547 2931 637 3003 duae
664 2931 781 3002 euriae
808 2931 975 3002 militares
1002 2931 1051 3002 ibi
1077 2930 1245 3001 habentes
1272 2931 1340 3003 duo
1366 2930 1588 3021 praedia,·de
1606 2932 1732 3022 quibus
1758 2929 1986 3021 manipularis

433 3054 567 3151 decima
601 3053 751 3123 soluitur
786 3052 933 3142 plebano
969 3058 1006 3124 et
1032 3053 1197 3124 eeclesiae
1223 3053 1259 3123 in
1295 3051 1482 3143 Kalyna
1526 3054 1614 3124 Item
1641 3052 1730 3124 duae
1761 3050 1982 3125 hortulaniao

434 3175 483 3245 ibi
510 3182 547 3246 et
572 3195 641 3245 una
668 3174 822 3265 taberna,
850 3173 1006 3245 sednon
1033 3174 1163 3245 habent
1190 3193 1303 3264 agros.

540 3296 628 3366 Item
655 3296 763 3366 habet
790 3296 945 3385 quintam
966 3295 1216 3385 manipularem
1243 3295 1411 3366 decimam
1438 3296 1474 3365 in
1501 3294 1896 3387 Kamycncaycze,
1923 3295 1987 3367 sub

434 3417 599 3508 parochia
633 3417 797 3487 eeclesiae
834 3415 878 3486 de
904 3414 1265 3506 Kosezyelyeez‚
1302 3415 1385 3487 uilla
1421 3414 1734 3487 sanctimonialium
1769 3414 1814 3488 de
1838 3414 1987 3509 Ζηθ-

434 3557 681 3629 rzp‘nyecz,
718 3538 753 3607 in
780 3557 849 3627 qua
875 3541 957 3608 sunt
984 3535 1164 3606 duodecim
1199 3536 1289 3607 lanei
1317 3537 1569 3626 euuetlrouales,
1605 3536 1648 3607 de
1676 3534 1801 3627 quibus
1826 3534 1987 3609 omm'bus

434 3660 582 3730 soluitur
607 3657 740 3728 decima
765 3657 992 3747 manipularis
1028 3656 1242 3745 praebeadae
1269 3656 1464 3748 praefatae,
1501 3664 1537 3728 et
1563 3657 1703 3729 ducitur
1728 3656 1881 3749 propriis
1906 3676 1985 3731 cur-

431 3781 530 3852 ribus
556 3800 618 3869 per
644 3779 855 3868 emethones,
882 3779 918 3848 in
944 3778 1106 3848 horreum
1124 3798 1147 3848 a
1164 3779 1329 3850 canonico
1356 3779 1560 3869 eligendum,
1587 3785 1624 3850 et
1651 3778 1791 3850 solvunt
1816 3777 1985 3851 decimam

433 3902 557 3990 canapi
585 3921 646 3989 per
673 3906 823 3990 quatuor
850 3899 1037 3988 iuncturas,
1055 3906 1092 3970 et
1110 3899 1315 3970 aestimatur
1342 3899 1441 3970 valor
1466 3899 1542 3970 eius
1564 3899 1609 3971 ad
1627 3898 1824 3990 quindecim
1839 3918 1986 3971 marcas

435 4021 524 4090 Item
550 4032 603 4090 est
631 4022 679 4090 ibi
705 4022 803 4092 curia
830 4020 1040 4091 coenobialis
1076 4021 1207 4091 liabens
1243 4042 1347 4110 agros
1383 4019 1596 4111 praediales‚
1634 4021 1717 4091 item
1742 4019 1894 4091 taberna
1917 4039 1988 4093 una

435 4140 568 4210 babens
595 4161 707 4228 agros,
734 4142 817 4210 item
844 4140 933 4210 duae
959 4141 1197 4231 hortulaniae‚
1224 4143 1393 4213 habentes
1421 4162 1524 4232 agros
1550 4162 1593 4213 ex
1621 4140 1764 4231 praedio
1791 4138 1987 4213 coenobiali

437 4261 489 4332 eis
515 4259 713 4348 adiunctos,
739 4268 777 4330 et
803 4259 846 4330 de
872 4259 1031 4330 omnibus
1057 4261 1112 4332 his
1138 4263 1288 4353 percipit
1322 4262 1488 4334 decimam
1515 4262 1766 4355 manipularem
1792 4259 1985 4352 praedatum

435 4382 685 4454 monasterium
712 4380 1011 4471 Szupermnense.

519 4504 606 4573 Item
621 4503 727 4574 habet
742 4507 875 4572 sentam
889 4498 1317 4592 manipularem‘deeimam
1333 4506 1367 4575 in
1382 4503 1434 4576 Sk
1443 4525 1606 4596 ore-now,
1620 4506 1685 4577 sub
1698 4504 1867 4596 parocbia
1879 4504 1988 4579 ecclo-

435 4628 508 4697 siue
522 4625 566 4695 de
581 4623 732 4714 llagna
746 4622 973 4713 Casimiria,
992 4625 1089 4695 euius
1103 4626 1225 4696 haeres
1239 4625 1371 4716 Spytko
1386 4626 1430 4698 de
1444 4625 1525 4697 Mel
1536 4627 1669 4718 sthyn,
1686 4624 1815 4698 nobilis
1828 4625 1873 4697 de
1886 4624 1988 4699 domo

433 4746 608 4838 Lelpua.
632 4747 668 4816 iu
686 4766 755 4836 qua
775 4757 854 4815 scrut
873 4751 951 4817 oeto
970 4745 1062 4816 lanei
1080 4747 1321 4837 curetlrouales,
1350 4749 1431 4818 item
1449 4755 1521 4819 tres
1540 4749 1717 4837 tabernae,
1743 4766 1893 4839 quarum
1918 4766 1989 4818 uua

434 4870 502 4939 sita
514 4881 568 4939 est
584 4869 619 4938 iu
635 4867 716 4937 villa
732 4864 892 4956 praefata
904 4864 1126 4939 Skorczou’.
1145 4867 1299 4938 secunda
1312 4876 1413 4938 entra
1427 4869 1543 4939 villam
1557 4876 1593 4939 et
1607 4874 1751 4940 uocatur
1767 4867 1898 4960 Rylry,
1910 4870 1983 4940 ter·

434 4989 486 5059 tia
498 5008 607 5079 prope
621 4989 739 5060 villam
766 4987 1004 5081 Chrosezpm
1029 4993 1065 5058 et
1086 4994 1231 5059 uocatur
1244 4988 1487 5079 Claroscynska
1510 4989 1665 5060 taberna.
1700 4989 1789 5060 Item
1803 4987 1892 5060 duae
1905 4988 1988 5061 hor·

435 5109 588 5180 tudaniae
600 5111 770 5182 habentes
784 5130 897 5200 agros,
911 5129 981 5181 una
995 5109 1100 5182 soluit-
1113 5109 1279 5181 decimam
1295 5131 1358 5200 pro
1373 5111 1548 5201 praesenti
1563 5108 1771 5200 praebenda,
1784 5107 1899 5181 altera
1910 5128 1989 5182 curn

435 5230 579 5318 praedio
592 5252 656 5320 pro
669 5232 773 5303 altari
788 5230 907 5303 Trium
921 5232 1054 5323 Regum
1068 5232 1234 5303 eeclesiae
1244 5230 1493 5303 Graeovieusis.
1506 5231 1554 5303 Et
1563 5253 1606 5303 ex
1619 5231 1778 5303 omnibus
1790 5229 1990 5303 huiusmodi

436 5348 545 5421 laneis
580 5351 872 5444 emetlnonalibu5‚
907 5354 1012 5426 etiam
1050 5374 1093 5427 eu
1122 5352 1217 5443 agris
1252 5352 1355 5425 villae
1392 5352 1658 5445 Clarosczyn
1694 5350 1919 5443 Minoris,
1951 5350 1991 5423 in
