4050 6054
1704 459 1777 526 171

230 634 315 726 nulli
342 654 446 729 solvit
467 654 633 727 decimam
660 656 927 745 manipularem,
954 655 1015 726 sed
1034 676 1158 745 regens
1184 677 1248 746 pro
1262 663 1421 747 'tempore
1447 659 1596 747 percipit
1621 659 1715 731 illam
1742 668 1778 732 et

230 774 266 845 in
292 775 472 865 proprium
501 775 665 847 borreum
695 775 836 849 inducit.
876 776 966 849 Item
992 782 1073 847 sunt
1104 776 1140 847 in
1172 797 1214 847 ea
1240 784 1389 867 quatuor
1415 778 1505 850 lanei
1536 781 1777 871 cmethonales,

230 916 376 984 quorum
403 895 549 987 quilibet
582 917 646 986 pro
674 916 787 968 aunuo
818 917 923 967 censu
954 902 1028 975 tres
1059 895 1230 987 fertones,
1265 898 1411 988 triginta
1437 919 1520 987 ova,
1554 899 1643 970 duos
1668 901 1778 991 gallos

230 1015 352 1103 solvit3
379 1036 449 1086 nou
475 1015 561 1087 daut
587 1036 724 1105 casem,
750 1037 862 1110 neque
888 1037 1033 1089 avenam
1059 1038 1122 1088 sen
1147 1039 1264 1114 omep,
1291 1019 1374 1091 item
1401 1019 1552 1108 quilibet.
1572 1020 1708 1091 cmetbo
1735 1023 1779 1092 de

230 1135 330 1206 laneo
359 1156 465 1206 unum
492 1135 583 1206 diem
609 1136 645 1206 in
673 1137 870 1226 septimana
895 1137 1037 1228 proprio
1064 1158 1169 1208 curru
1201 1144 1263 1209 aut
1290 1145 1408 1210 aratro
1439 1140 1600 1210 laborare
1631 1145 1779 1230 tenetur,

230 1256 313 1325 item
339 1254 504 1327 ducturas
530 1275 593 1345 per
611 1276 648 1326 se
668 1256 741 1326 sine
769 1256 883 1329 vicino
907 1257 996 1354 alias
1018 1279 1138 1352 praem
1162 1267 1305 1352 sprauto
1330 1257 1446 1330 facere
1471 1264 1618 1349 tenetur,
1646 1261 1706 1331 sed
1734 1261 1778 1332 ad

228 1375 399 1447 rationem
433 1376 569 1447 dierum
603 1377 639 1446 in
666 1377 860 1466 septimana
887 1376 1103 1464 debitorum
1144 1377 1230 1455 ,item
1266 1399 1335 1449 nou
1363 1385 1444 1450 snut
1470 1380 1520 1451 ibi
1546 1380 1778 1470 hortulaniae,

114 1515 118 1521 ·
229 1496 313 1570 item
339 1502 394 1568 est
419 1496 565 1567 taberna
590 1496 722 1568 babens
748 1518 867 1587 agros,
899 1518 987 1586 quae
1013 1518 1077 1587 pro
1104 1518 1220 1569 annuo
1247 1518 1352 1569 censu
1379 1499 1484 1571 solvit
1510 1498 1657 1571 mediam
1685 1522 1776 1571 mar-

229 1636 312 1686 cam.
350 1616 439 1686 Item
465 1621 520 1691 est
550 1617 782 1691 molendinum
812 1618 850 1689 iu
875 1617 1014 1691 flumine
1045 1615 1323 1689 Gardliczka
1349 1619 1471 1708 situm,
1506 1620 1638 1692 babens
1665 1641 1777 1710 agros,

229 1735 320 1825 quod
338 1756 403 1826 pro
422 1756 536 1808 annuo
554 1756 660 1808 ceusu
686 1736 791 1809 solvit
817 1737 902 1809 duas
926 1758 1075 1827 marcas,
1101 1737 1187 1814 item
1212 1737 1345 1810 decima
1370 1739 1597 1829 manipularis
1623 1739 1666 1810 de
1684 1741 1778 1830 agris

126 1943 131 1951 .
228 1855 499 1928 cmetbonalibus
526 1856 674 1935 solvitur
701 1856 850 1928 vicariae
867 1862 1055 1947 perpetuae
1080 1858 1117 1928 iu
1135 1859 1280 1929 ecclesia
1297 1857 1534 1949 cracoviensi,
1562 1881 1650 1949 quae
1677 1881 1776 1950 spec·

228 1981 282 2046 tat
312 1976 357 2046 ad
383 1975 615 2065 praebendam
646 1975 872 2066 Naazovslra,
905 1998 967 2049 seu
992 1975 1274 2051 Glambinovska
1308 1984 1344 2057 et
1369 1979 1506 2050 ducitur
1532 2001 1595 2069 per
1622 1981 1775 2052 cmetbo·

229 2116 291 2166 nes
317 2096 353 2166 in
380 2097 542 2168 borreum
568 2116 632 2186 per
656 2097 822 2169 vicarium
848 2097 1057 2189 eligendum,
1085 2099 1166 2169 itein
1193 2103 1275 2170 suut
1301 2099 1336 2170 iu
1363 2100 1484 2171 eadem
1510 2100 1592 2171 villa
1618 2100 1685 2172 duo
1718 2101 1778 2172 alii

229 2215 359 2288 domini
386 2221 421 2286 et
438 2216 622 2307 haeredes,
649 2217 811 2289 videlicet
827 2217 1005 2300 Jobanues
1030 2217 1279 2310 Zagorsky,
1307 2219 1366 2310 qui
1383 2220 1490 2292 babet
1506 2242 1612 2292 uuum
1638 2221 1777 2293 laneum

229 2336 499 2426 cmetboualem,
531 2358 636 2415 uuam
662 2338 842 2436 tabernam
868 2344 905 2411 et
930 2345 1003 2410 tres
1029 2338 1265 2427 hortulanias3
1291 2339 1375 2410 item
1402 2338 1554 2412 loannes
1581 2338 1777 2431 Grzego-

228 2456 446 2546 rzovvsky,
472 2458 532 2546 qui
549 2458 654 2531 babet
679 2479 784 2529 nuum
801 2459 952 2548 laneum,
969 2458 1200 2530 molendinum
1231 2463 1268 2530 et
1284 2480 1388 2555 unam
1409 2460 1657 2547 hortulaniam3
1684 2453 1779 2552 item,

230 2577 318 2646 duae
343 2576 459 2647 curiae
485 2583 522 2648 et
538 2577 607 2651 dno
633 2579 794 2668 praedia,
820 2578 1007 2671 dequibus
1034 2579 1193 2654 omnibus
1214 2579 1366 2655 solvitur
1393 2579 1527 2651 decima
1551 2581 1777 2669 manipularis

100 2797 101 2801 Ἰ
228 2695 375 2785 plebano
402 2701 439 2768 et
465 2697 629 2769 acclesiae
656 2700 691 2769 in
717 2699 745 2769 Z
753 2700 964 2791 yelonky.

341 2817 430 2889 Item
447 2817 565 2890 villam
576 2818 773 2910 praessum
791 2812 1106 2916 Garjulyczam,
1132 2840 1222 2892 auno
1240 2819 1379 2891 Domini
1397 2820 1504 2892 1263.
1522 2840 1633 2893 nonas
1646 2819 1779 2910 Aprilis

107 2921 112 2927 ’
228 2937 415 3029 capitulum
442 2937 669 3011 cracoviense
695 2940 780 3012 emit
805 2961 828 3013 a
853 2940 1094 3012 Theodoro
1121 2940 1338 3030 praeposito,
1366 2944 1401 3011 et
1427 2939 1581 3012 Merca
1611 2941 1778 3031 magistra

228 3078 290 3131 sen
315 3060 502 3149 abbatissa,
529 3063 565 3132 et
581 3061 744 3134 universo
761 3066 932 3135 conventu
957 3059 1104 3132 fratrum
1122 3067 1158 3132 et
1176 3061 1487 3134 sanctimonialium
1504 3061 1706 3141 monasterii
1733 3061 1775 3132 de
1836 3158 1844 3168 ἡ

228 3178 586 3271 Zvierzyniecz,
613 3182 655 3253 de
673 3202 841 3254 consensu
866 3180 1135 3253 Prandotbe
1161 3181 1314 3270 episcopi
1340 3179 1599 3269 cracoviensis,
1625 3202 1688 3271 pro
1714 3181 1778 3267 tri-

138 3287 145 3300 “
227 3299 327 3389 ginta
351 3300 464 3375 tribus
489 3302 614 3373 marcis
641 3302 778 3392 argenti
803 3301 1004 3390 examinati,
1030 3301 1204 3390 emptione
1230 3305 1400 3398 perpetua
1425 3305 1462 3372 et
1478 3300 1708 3389 irrevocabili,
1735 3300 1778 3373 de

229 3441 296 3509 quo
323 3420 470 3492 babetur
497 3422 645 3511 speciale
671 3422 889 3512 privilegium
915 3421 1037 3510 sigillis
1048 3419 1290 3526 ‘praefatorum
1318 3419 1549 3491 Tbeodori
1575 3421 1777 3509 praepositi,

230 3544 266 3610 et
290 3539 476 3612 Maroae
501 3541 698 3632 magistrae,
724 3545 761 3612 et
778 3541 887 3615 totius
914 3545 1104 3613 conventus
1129 3540 1442 3631 Zvierzyuecensis
1468 3539 1736 3627 communitum„

228 3724 233 3730 .
331 3660 420 3732 Item
436 3661 690 3752 villapraefata
706 3661 855 3733 confiunt
871 3681 948 3732 cum
961 3661 1053 3733 villis
1072 3659 1447 3752 Troyanovvicze,
1473 3658 1557 3729 item
1570 3678 1646 3730 cum
1663 3657 1776 3731 altera

230 3778 476 3853 Gardlicza
501 3782 596 3854 dicta
623 3781 1002 3873 Wierzynlrouis,
1029 3781 1111 3853 item
1129 3778 1590 3884 canacbarzovska
1615 3777 1779 3871 Wolya

229 3902 424 3993 capitulari,
450 3903 533 3975 item
559 3923 635 3975 curn
654 3903 865 3993 Bibiczs,
890 3903 975 3977 iteur
993 3922 1070 3973 cum
1096 3900 1336 3992 Zyelonky
1361 3898 1482 3988 reguli,
1508 3898 1653 3972 etinter
1679 3899 1778 3970 villas

229 4023 425 4097 huiusmodi
451 4028 532 4096 suut
556 4021 713 4120 apymdp
738 4045 802 4114 pro
828 4022 996 4096 limitibus
1022 4028 1060 4095 et
1085 4020 1245 4111 scopulis.

333 4145 426 4221 Item.
438 4144 521 4216 villa
532 4144 689 4234 praefata
702 4145 861 4218 solvebat
876 4144 963 4217 alias
976 4163 1041 4235 pro
1055 4140 1208 4232 capitudo
1225 4141 1262 4213 iu
1275 4161 1454 4215 commuue
1466 4145 1616 4232 quatuor
1629 4162 1772 4214 marcas.

332 4264 477 4341 Wesvra
503 4264 828 4363 chuuuzovvsRA,
855 4265 939 4336 villa
975 4262 1268 4354 praestimonialis
1294 4261 1438 4351 capituli
1464 4260 1703 4334 cracoviensis
1733 4262 1778 4333 ad

230 4406 334 4459 unum
360 4385 496 4458 miliare
521 4384 787 4465 acracovia
821 4385 885 4458 sub
911 4384 1077 4475 parocbia
1103 4383 1268 4459 ecclesiae
1294 4382 1591 4474 deZyelonky
1618 4382 1779 4453 sita-,lu

230 4527 299 4597 qua
324 4511 406 4578 suut
431 4512 510 4579 octo
536 4507 628 4579 lanei
655 4507 897 4596 cmetbousles,
924 4511 961 4578 et
979 4505 1125 4597 quilibet
1151 4504 1194 4575 de
1220 4505 1320 4585 laneo
1346 4523 1411 4594 pro
1437 4523 1551 4574 annuo
1578 4521 1685 4573 ceusu
1712 4501 1779 4573 sol-

231 4628 284 4700 vit
308 4647 372 4719 per
389 4631 468 4701 octo
487 4632 636 4717 scottos,
664 4627 748 4699 item
773 4625 923 4701 medum
948 4645 1145 4698 mensuram
1169 4643 1310 4715 avenae,
1336 4623 1420 4696 item
1438 4622 1525 4695 duos
1542 4622 1664 4712 gallos.
1690 4621 1779 4691 Item

229 4752 284 4820 est
309 4747 483 4826 meatem
509 4747 591 4820 villa
617 4748 714 4820 curia
740 4743 956 4838 capitularis,
982 4745 1127 4837 pulchra
1152 4745 1283 4819 babens
1301 4743 1468 4832 aedificia,
1495 4747 1532 4814 et
1549 4762 1653 4832 agros
1679 4760 1779 4832 prae

230 4868 339 4942 diales
364 4887 495 4960 paucos
520 4872 636 4941 tamen
666 4868 703 4939 iu
729 4873 803 4942 tres
828 4887 967 4959 campos
992 4866 1189 4955 distinctos,
1221 4865 1264 4937 de
1291 4865 1415 4957 quibus
1441 4862 1527 4935 nulli
1553 4862 1658 4933 solvit
1683 4861 1775 4933 deci-

229 5009 320 5062 mam
347 4988 604 5080 manipularem,
630 4988 691 5060 sed
709 5008 833 5080 regens
859 4987 978 5060 villam
1002 4986 1097 5061 illam
1119 4986 1213 5060 solus
1229 4984 1379 5077 percipit
1404 4984 1493 5055 etin
1511 4982 1673 5053 borreum
1699 5002 1779 5071 pro-

228 5109 342 5202 prium
367 5108 514 5199 inducit;
540 5109 623 5183 item
649 5108 686 5180 iu
701 5109 823 5182 eedem
847 5107 932 5183 villa
955 5112 1011 5181 est
1028 5108 1175 5181 taberna
1199 5105 1331 5178 babens
1356 5123 1459 5194 agros
1477 5101 1663 5192 speciales,
1690 5121 1779 5194 quae

228 5229 316 5304 uibil
342 5229 503 5303 laborans
530 5229 634 5302 solvit
658 5249 724 5321 pro
741 5249 855 5303 annuo
881 5247 988 5302 eamn
1014 5227 1101 5302 duas
1127 5245 1337 5317 sexagenas,
1361 5224 1445 5297 item
1463 5221 1661 5294 cmetbones
1679 5221 1780 5316 villae

229 5348 407 5451 praelatae
434 5350 574 5433 solvunt
599 5350 768 5427 decimam
784 5350 1036 5447 manipularem
1060 5347 1210 5425 uariae
1225 5349 1415 5441 perpetuae
1433 5341 1664 5440 cracoviensi,
1690 5361 1780 5443 quae
1917 5344 1954 5455 ὀ
2010 5371 2014 5378 ·
