4050 6054
660 694 826 775 vicaria
862 692 1135 774 Praebendae
1169 692 1498 805 Bozeobowaka,

415 915 620 988 Praebenda
653 913 888 1005 Kyelcziensis
922 914 1175 986 Brzechowska
1206 915 1312 986 habet
1338 905 1534 1005 habereque
1560 915 1738 987 consuevit
1764 915 1859 987 vica-

304 1040 392 1110 riam
429 1042 632 1128 perpetnam
669 1037 705 1106 iu
737 1035 881 1107 ecclesia
906 1035 1141 1126 Kyelcziensi,
1169 1036 1265 1107 cuius
1292 1036 1478 1107 canonicus
1504 1029 1722 1127 praebendae
1749 1037 1860 1108 Brae-

304 1159 465 1229 chowska
500 1178 565 1247 pro
602 1164 757 1246 tempore
792 1157 913 1227 unicus
951 1160 1006 1226 est
1039 1161 1205 1245 patronus
1241 1161 1278 1227 et
1313 1156 1477 1245 collator,
1504 1150 1608 1247 quarn
1643 1177 1733 1229 nunc
1758 1161 1860 1229 tenet

304 1279 502 1368 Szulyslaus
529 1279 572 1349 de
598 1277 773 1348 Kazimirz
798 1278 994 1368 presbyter,
1022 1296 1110 1367 quae
1129 1298 1191 1367 pro
1210 1278 1266 1348 sui
1283 1277 1365 1349 dote
1383 1284 1489 1368 atque
1507 1278 1733 1350 subsistentia
1749 1277 1861 1350 habet

304 1406 494 1490 proventus
521 1398 771 1489 infrascriptos.

409 1521 571 1609 Bonnam,
599 1520 682 1591 villa
708 1521 772 1590 sub
800 1520 964 1609 parochia
991 1519 1155 1590 ecclesiae
1183 1519 1226 1590 de
1252 1518 1451 1611 Kyelcze
1478 1520 1556 1609 sita,
1583 1519 1680 1591 cuius
1699 1519 1858 1621 proprie-

306 1647 362 1712 tas
388 1647 424 1711 et
451 1640 637 1712 dominium
665 1640 710 1711 ad
738 1640 935 1730 episcopum
963 1639 1226 1712 cracoviensem
1253 1660 1317 1730 pro
1343 1644 1498 1732 tempore
1526 1641 1698 1731 pertinet,
1724 1641 1761 1711 in
1788 1661 1861 1731 qua

202 1790 206 1797 ·
307 1767 388 1832 sunt
424 1762 573 1851 quinque
608 1761 699 1832 lanei
735 1760 968 1831 emethonales
1004 1767 1040 1832 et
1075 1759 1143 1832 duo
1169 1760 1262 1832 lanei
1290 1760 1446 1851 scolteti,
1472 1761 1515 1833 de
1543 1761 1670 1851 quibus
1696 1761 1859 1834 omnibns

305 1881 453 1953 solvitur
479 1881 612 1952 decima
646 1881 873 1972 manipularis
899 1887 935 1951 et
961 1901 1025 1970 per
1051 1886 1200 1971 quatuor
1227 1881 1366 1971 ierugas
1393 1882 1569 1972 cauapalis
1593 1870 1729 1954 sicano
1754 1900 1862 1972 prae-

303 2002 436 2075 bendae
463 2003 727 2090 Brzeehowslra3
754 2006 790 2073 ot
815 2002 945 2073 ducunt
972 2022 1047 2072 eam
1075 2002 1274 2073 cmethoues
1301 2003 1337 2073 iu
1363 2003 1527 2075 horreum
1554 2003 1723 2075 arioario
1740 2002 1862 2075 locan-

305 2123 405 2212 dum,
432 2123 529 2194 cuius
565 2123 663 2194 valor
690 2123 735 2194 ad
762 2123 913 2213 quinque
938 2142 1074 2194 marcas
1101 2123 1314 2195 aestimatur.
1353 2123 1442 2195 Item
1469 2124 1505 2195 iu
1532 2123 1654 2197 eadem
1679 2122 1763 2195 villa
1787 2142 1863 2196 non

305 2249 387 2317 sunt
413 2243 566 2333 praedia,
592 2265 662 2315 non
689 2249 770 2314 sunt
795 2244 973 2332 tabernae,
999 2264 1068 2315 nou
1096 2248 1177 2315 sunt
1203 2244 1442 2337 hortulaniae.¹

409 2362 658 2452 Gunruanczn,
685 2364 769 2435 villa
803 2364 868 2435 sub
895 2363 1060 2453 parochia
1086 2364 1250 2435 ecclesiae
1278 2364 1321 2436 de
1347 2363 1621 2437 Pirsznioza
1647 2364 1733 2454 sita,
1760 2366 1862 2438 ouius

307 2486 430 2556 haeres
467 2482 607 2555 Marcus
643 2484 1031 2575 lllalyeszowsky,
1058 2485 1183 2556 nobilis
1211 2485 1254 2556 do
1281 2484 1388 2557 armis
1415 2483 1696 2576 Grilionum,
1723 2486 1760 2557 in
1787 2506 1860 2578 qua
1918 2516 1921 2521 ·

307 2611 390 2676 sunt
425 2605 588 2677 tredecim
615 2605 706 2676 lanei
734 2604 985 2693 emethonales,
1012 2604 1055 2675 de
1083 2606 1208 2695 quibus
1233 2607 1382 2678 solvitur
1409 2606 1543 2679 decima
1567 2606 1796 2697 manipularis
1821 2612 1863 2681 et

306 2747 369 2815 per
405 2732 554 2816 quatuor
590 2726 727 2815 iemgas
763 2725 939 2815 canapalis
966 2726 1095 2796 vicario
1122 2727 1341 2815 praebendae
1367 2727 1639 2817 Brzechowska,
1666 2733 1702 2800 et
1727 2727 1863 2801 ducunt

307 2867 382 2917 eam
410 2847 607 2917 emethoues
643 2846 794 2935 propriis
821 2845 980 2916 curribus
1007 2847 1043 2916 in
1070 2846 1233 2919 horreum
1261 2868 1282 2917 a
1309 2847 1440 2919 vicario
1466 2846 1668 2938 locandum,
1696 2853 1733 2920 et
1758 2848 1860 2921 valor

307 2966 380 3037 eius
408 2966 611 3037 aestimatur
638 2965 681 3036 ad
709 2970 858 3055 quatuor
893 2986 1047 3053 marcas,
1082 2967 1168 3038 item
1202 2968 1370 3039 tabernae
1406 2989 1476 3040 non
1512 2973 1603 3058 sunt,
1639 2968 1862 3042 hortulaniae

305 3092 500 3182 nunaunt.
540 3086 627 3157 Item
664 3086 843 3176 praedium
878 3086 1016 3157 unicum
1053 3086 1221 3176 militare,
1249 3087 1292 3159 de
1319 3109 1387 3178 quo
1414 3087 1581 3160 decimam
1608 3088 1862 3181 manipularem

306 3207 400 3278 tollit
435 3207 580 3278 eeclesia
606 3207 640 3277 in
669 3206 983 3278 Pirzsznicza.
1023 3208 1111 3278 ltem
1139 3208 1270 3279 vicaria
1295 3207 1454 3298 praelata
1480 3210 1587 3281 habet
1612 3209 1649 3281 in
1675 3209 1760 3283 villa
1784 3209 1862 3301 epi-

306 3328 436 3417 scopali
471 3327 853 3419 Domaszowycze
889 3349 994 3398 unum
1021 3328 1159 3399 laneum
1186 3329 1454 3419 emethonalem,
1482 3330 1542 3420 qui
1568 3330 1636 3402 sibi
1661 3350 1726 3421 pro
1751 3350 1862 3403 censu

306 3447 411 3519 solvit
444 3447 591 3519 mediam
628 3469 797 3537 marcam,
824 3448 908 3520 item
943 3448 1111 3519 decimam
1145 3449 1397 3540 manipularem
1432 3451 1469 3521 in
1496 3450 1615 3523 valore
1638 3451 1741 3523 unius
1764 3470 1862 3523 mar-

305 3589 384 3657 cae,
413 3568 494 3639 item
531 3567 692 3641 laborant
719 3568 806 3640 duos
832 3566 907 3641 dies
933 3568 970 3639 in
997 3570 1198 3660 septimana,
1226 3590 1289 3641 nec
1315 3570 1421 3643 solvit
1446 3591 1572 3662 caseos,
1601 3592 1712 3662 neque
1737 3571 1862 3663 gallos,

305 3709 416 3783 neque
443 3709 519 3761 ova.
1821 3706 1824 3711 ·

419 3934 572 4015 vicarit
606 3935 882 4041 Kyelelenaeo
926 3937 1082 4020 habent
1121 3940 1160 4018 in
1204 3940 1414 4020 communi
1459 3938 1753 4044 infrascriptos

965 4082 1210 4180 proventus.

408 4294 449 4365 ln
476 4294 560 4367 villa
594 4294 781 4386 episcopali
814 4296 1019 4389 Dymyny
1047 4297 1213 4369 decimam
1240 4299 1490 4391 manipularem
1518 4308 1598 4391 post
1623 4301 1713 4375 duos
1738 4302 1860 4375 laneos

304 4417 461 4505 scolteti,
488 4416 523 4488 in
551 4415 870 4508 Nyewachlow
897 4417 980 4490 villa
1005 4419 1193 4510 episcopali
1219 4420 1387 4493 decimam
1405 4422 1655 4514 manipularem
1673 4431 1753 4516 post
1769 4425 1861 4499 duos

303 4539 423 4611 laneos
450 4538 679 4628 scoltetioles3
704 4539 741 4609 iu
769 4538 992 4630 Thnmlyn
1020 4540 1103 4611 villa
1119 4541 1308 4632 episcopali
1324 4543 1492 4615 decimam
1511 4545 1760 4647 manipularem
1777 4553 1860 4639 post

305 4661 392 4732 duos
416 4659 537 4733 laneos
554 4660 781 4750 scoltetiales;
799 4662 836 4731 in
853 4659 965 4733 Kosl
976 4662 1092 4734 omlo
1103 4662 1183 4753 thy
1209 4663 1293 4736 villa
1310 4664 1498 4755 episcopali
1517 4666 1683 4739 decimam
1701 4668 1861 4760 manipu-

305 4782 413 4853 larem
441 4787 522 4871 post
548 4781 635 4853 duos
661 4783 780 4853 laneos
799 4782 1027 4872 scoltetiales3
1052 4784 1089 4855 in
1108 4783 1360 4857 Banczlrow
1386 4785 1470 4857 villa
1486 4788 1672 4879 episcopali
1690 4788 1861 4863 decimam

304 4900 553 4993 manipularem
589 4908 669 4992 post
704 4903 791 4975 duos
826 4902 948 4975 laneos
982 4904 1214 4994 scoltetiales3
1240 4905 1324 4977 item
1360 4905 1574 4981 offertorium
1601 4916 1638 4982 et
1664 4910 1860 4985 oblationes

303 5045 421 5097 omnes
457 5025 501 5096 de
536 5023 682 5097 ecclesia
708 5023 944 5116 Kyelcziensi,
972 5027 1230 5117 quomodolibet
1254 5029 1517 5119 provenientes;
1543 5031 1627 5103 item
1653 5052 1676 5103 a
1702 5032 1859 5123 quolibet

303 5147 459 5240 praelato
496 5146 691 5236 installato,
725 5147 886 5219 similiter
920 5154 957 5221 et
992 5169 1013 5219 a
1044 5149 1211 5221 canonico
1238 5149 1421 5223 solvuntur
1447 5152 1613 5225 ecclesiae
1638 5154 1860 5247 Kyelaziensi

301 5275 363 5342 ant
389 5290 507 5362 cappa,
534 5276 596 5342 aut
621 5274 695 5342 tres
721 5290 859 5343 marcae
886 5291 949 5363 pro
978 5291 1106 5363 cappa,
1132 5272 1311 5363 praelatus
1328 5273 1434 5345 etiam
1452 5280 1592 5347 tenetur
1609 5277 1746 5349 solvero
1763 5277 1859 5349 vica-

286 5388 368 5485 ‚riis
404 5412 507 5463 unam
544 5411 750 5485 sexagenam
786 5413 850 5487 pro
886 5391 1082 5487 offertorio,
1109 5394 1293 5470 canonicus
1329 5416 1412 5469 voro
1444 5417 1550 5471 unam
1575 5417 1747 5490 marcam3
1773 5398 1860 5474 item
