4050 6054
1702 468 1785 541 315«

331 666 619 757 Sunnnowleza,
654 666 737 738 villa
763 668 827 738 sub
854 669 1021 758 parochia
1042 668 1213 740 ecclesiae
1251 668 1294 740 de
1321 668 1537 741 Buschko
1564 671 1649 763 sita,
1684 676 1781 748 cuius
1909 731 1913 740 .

228 786 396 860 haeredes
423 786 587 858 Nicolaus
614 793 649 857 et
676 787 841 878 Thomas,
878 787 963 859 dicti
989 787 1170 878 Saadlo,
1199 788 1242 861 de
1269 790 1375 862 armis
1403 789 1718 886 Accipitrum,
1745 797 1781 869 in
1831 784 1837 797 “

228 929 297 1000 qua
323 913 406 979 sunt
430 907 523 978 lanei
549 908 794 1005 cmethonales,
822 908 1009 998 dequibus
1036 910 1195 981 omnibus
1222 911 1370 982 solvitur
1397 911 1531 982 decima
1556 915 1781 1005 manipularis

228 1035 264 1102 et
289 1050 352 1119 per
379 1033 528 1119 quatuor
554 1029 693 1118 ierugas
720 1030 895 1119 eanapalis
922 1029 1103 1101 decanatui
1124 1030 1404 1122 Sandomiriensi,
1431 1038 1468 1103 et
1494 1054 1556 1124 per
1583 1037 1781 1110 emethones

227 1150 566 1241 propriiscurribus
593 1150 732 1221 ducitur
758 1151 794 1221 in
813 1151 977 1222 horreum
1003 1172 1025 1221 a
1052 1151 1183 1223 decano
1210 1152 1393 1223 locandum
1412 1159 1448 1224 et
1466 1155 1565 1226 valor
1583 1156 1657 1226 eius
1676 1159 1781 1229 aesti-

229 1278 345 1342 matur
372 1270 417 1342 ad
442 1274 515 1342 tres
542 1291 686 1342 marcas.
713 1271 802 1342 Item
824 1272 991 1345 tabernae
1018 1295 1087 1343 non
1115 1279 1197 1344 sunt
1224 1273 1360 1363 aliquae
1379 1274 1414 1345 in
1433 1274 1552 1346 eadem
1579 1276 1671 1367 villa,
1697 1278 1780 1349 item

228 1392 421 1481 hortulani,
458 1392 541 1462 item
575 1390 755 1480 praedium
782 1391 832 1462 ibi
858 1392 996 1464 unicum
1031 1393 1198 1483 militare,
1225 1399 1261 1464 et
1295 1393 1338 1465 de
1369 1402 1438 1466 uno
1474 1416 1593 1486 campo
1633 1398 1780 1471 solvitur

229 1510 412 1583 decanatui
438 1510 709 1583 Sandomiriensi
744 1512 780 1582 in
806 1509 1030 1608 ponithwora,
1059 1512 1101 1584 de
1128 1514 1238 1586 altero
1274 1536 1357 1586 vero
1385 1516 1551 1589 ecclesiae
1587 1518 1779 1607 parochiali

183 1652 189 1666 ⁸
229 1634 264 1704 in
292 1633 484 1704 Buszko.
525 1683 529 1691 ·
1388 1726 1392 1735 ι

332 1754 611 1843 Brnurnuunr,
647 1753 731 1825 villa
757 1753 821 1826 sub
848 1755 1013 1844 parochia
1049 1756 1214 1829 ecclesiae
1250 1755 1294 1828 de
1319 1756 1531 1830 Buschko
1559 1760 1646 1850 sita,
1680 1760 1778 1834 cuius

228 1877 352 1948 haeres
379 1874 572 1946 Stanislaus
600 1874 998 1967 Byenyateczsky,
1026 1873 1069 1946 de
1096 1877 1214 1978 armis·
1221 1931 1415 1968 ........
1443 1880 1479 1949 in
1508 1901 1575 1970 qua
1602 1902 1671 1952 non
1698 1888 1779 1953 sunt

222 1998 320 2069 lanei
345 1996 589 2085 cmethonales,
616 2015 728 2086 neque
746 1997 923 2086 tabernae,
949 1997 1011 2068 sed
1030 1997 1140 2069 solum
1160 2003 1241 2068 sunt
1266 2004 1339 2069 tres
1362 1999 1582 2072 hortulaniae
1609 2002 1778 2073 habentes

228 2139 341 2208 agros
368 2117 411 2188 de
438 2116 563 2207 quihus
590 2116 736 2187 solvitur
762 2121 798 2187 et
824 2117 1029 2188 conducitur
1062 2117 1196 2195 decima
1222 2120 1449 2210 manipularis
1468 2120 1668 2221 ‘decanatui
1695 2120 1780 2193 San-

229 2238 448 2328 domiriensi,
476 2243 512 2308 et
539 2237 637 2308 valor
663 2238 737 2308 eius
765 2239 972 2310 aestimatur
999 2239 1043 2309 ad
1069 2239 1217 2311 mediam
1253 2260 1424 2330 marcam,
1459 2241 1544 2312 item
1571 2242 1619 2315 ibi
1647 2242 1780 2332 aliquot

228 2358 375 2450 praedia
400 2358 575 2451 militaria,
603 2357 789 2449 dequibus
816 2358 950 2431 decima
974 2360 1200 2450 manipularis
1227 2361 1375 2433 solvitur
1397 2362 1562 2435 eeclesiae
1589 2363 1780 2454 parochiali

229 2481 265 2552 in
292 2480 517 2553 anchko.

638 2735 976 2827 vicedomnatus
1008 2676 1392 2825 Sandomirleneie..

330 2967 490 3038 Decanns
517 2964 805 3036 Sandomiriensis
832 2964 939 3036 habet
964 2965 1162 3055 habereque
1188 2965 1367 3037 consuevit
1385 2963 1551 3039 vicarium
1573 2973 1779 3058 perpetuum

187 3152 192 3170 ,
228 3108 290 3160 seu
315 3086 566 3176 vicedecanum,
594 3086 715 3157 decani
743 3106 851 3158 onera
875 3086 1090 3177 implentem,
1117 3086 1153 3158 in
1180 3086 1325 3159 ecelesia
1351 3085 1631 3158 Sandomiriensi.
1676 3087 1779 3159 Vica-

228 3209 318 3289 riam
343 3208 541 3280 huiusmodi
566 3213 665 3279 tenet
689 3226 782 3277 nunc
816 3205 1040 3281 Nicolaus
1077 3206 1120 3278 de
1147 3204 1397 3296 cracovia,
1431 3207 1518 3279 haec
1544 3229 1608 3297 pro
1636 3207 1717 3279 dote
1744 3214 1779 3279 et

107 3368 112 3383 κ
228 3327 334 3401 hundo
348 3327 424 3402 'sno
450 3330 556 3401 habet
584 3328 671 3399 duas
698 3327 848 3398 decimas
874 3327 1108 3416 manipulares
1130 3327 1166 3396 in
1186 3326 1320 3399 duabus
1347 3327 1440 3399 villis
1466 3327 1557 3427 inira
1582 3327 1779 3400 describen-

229 3449 293 3541 dis,
320 3450 481 3522 videlicet
506 3450 541 3520 in
569 3447 1015 3540 Gosczysehowicze
1042 3453 1079 3519 et
1104 3445 1366 3535 Pierzchna
1392 3447 1631 3519 consistentes.

333 3568 718 3659 Gosczrscnownczn,
749 3569 837 3651 ¹villa
863 3569 899 3638 in
928 3568 1078 3640 dioecesi
1105 3566 1299 3640 Gnesnensi
1326 3574 1362 3639 et
1389 3569 1453 3641 snb
1479 3569 1645 3659 parochia
1672 3569 1779 3641 eccle-

229 3694 302 3765 siae
320 3692 372 3764 de
398 3691 586 3764 Wrzosz
613 3691 815 3780 consistens,
843 3690 939 3761 cuius
966 3690 1090 3761 haeres
1108 3688 1268 3760 Andreas
1294 3687 1583 3780 Podkansky,
1612 3689 1654 3762 de
1673 3691 1779 3773 armis

230 3811 499 3903 Cervorum,
533 3812 569 3882 in
604 3816 781 3902 quaeunt
813 3810 904 3882 lanei
940 3809 1191 3899 cmethonales,
1226 3809 1268 3880 de
1296 3808 1605 3907 quibus-omnibus
1633 3810 1780 3881 solvitur

229 3935 364 4007 decima
389 3933 614 4025 manipularis
647 3931 831 4004 decanatui
857 3930 1129 4003 Sandomiriensi
1156 3936 1193 4001 et
1220 3930 1393 4020 canapalis
1419 3950 1482 4021 per
1510 3936 1659 4021 quatuor
1686 3931 1778 4002 iern-

228 4077 302 4148 gas,
330 4062 367 4127 et
392 4055 523 4128 ducunt
549 4074 625 4126 eam
652 4053 851 4125 cmethones
878 4053 914 4123 in
942 4053 1107 4124 horreum
1134 4072 1155 4123 a
1181 4051 1387 4123 vlcedecano
1414 4051 1599 4125 locandum
1618 4058 1654 4123 et
1681 4052 1780 4124 valor

230 4178 305 4249 eius
331 4177 535 4248 aestimatur
561 4175 606 4246 ad
633 4173 812 4246 duodecim
840 4194 983 4246 marcas.
1010 4174 1099 4244 Item
1126 4177 1181 4245 est
1207 4173 1244 4242 in
1270 4172 1390 4245 eadem
1417 4172 1500 4245 villa
1526 4173 1674 4244 taberna
1700 4194 1778 4264 una,

202 4297 450 4386 ,hortulaniae
476 4298 575 4387 duae,
602 4296 759 4369 sednon
785 4295 917 4367 habent
943 4314 1057 4385 agros3
1083 4292 1167 4365 item
1184 4293 1221 4364 in
1239 4292 1359 4366 eadem
1385 4292 1469 4365 villa
1495 4314 1600 4367 unum
1626 4299 1779 4365 tantum-

230 4398 332 4493 modo
358 4418 537 4511 praedium
564 4415 731 4506 militare,
759 4415 851 4507 quod
878 4415 1045 4487 decimam
1076 4414 1327 4505 manipularem
1354 4413 1460 4487 solvit
1486 4413 1650 4486 ecclesiae
1677 4433 1779 4503 paro·

230 4540 334 4615 chiali
361 4540 396 4613 iu
422 4538 629 4627 Wrzosz;
656 4539 739 4610 item
765 4536 889 4608 haeres
915 4536 1019 4608 villae
1056 4535 1256 4627 praedictae
1291 4533 1451 4607 Andreas
1482 4533 1777 4626 Podkansky,

230 4661 376 4735 abstrdit
403 4661 554 4752 quinque
580 4679 719 4750 campos
746 4659 833 4730 alias
859 4653 970 4728 aiwcs
996 4657 1040 4729 ab
1067 4656 1162 4748 agris
1189 4656 1427 4747 emethonum,
1464 4656 1508 4727 de
1535 4655 1660 4746 quihus
1687 4638 1803 4726 decii

230 4783 392 4856 mabatur
417 4779 684 4870 vicedecanatui,
712 4785 749 4853 et
766 4779 881 4852 iunxit
906 4799 966 4852 eos
992 4777 1134 4870 praedio
1153 4783 1271 4852 suoet
1289 4777 1438 4850 decimat
1455 4775 1499 4848 de
1516 4775 1586 4848 illis
1612 4775 1778 4848 ecclesiae
1871 4802 1877 4809 ·

230 4903 267 4977 in
293 4902 480 4975 Wrzosz
505 4921 569 4993 per
594 4901 767 4991 iniuriam,
793 4899 964 4974 tolerante
990 4898 1195 4999 riemann
1222 4896 1502 4973 Sandomim‘ensi
1639 4964 1649 4973 .

334 5023 581 5113 Pressaque,
616 5021 762 5096 villain
793 5021 942 5095 dioecesi
968 5004 1160 5093 Gnesnensi
1187 5026 1223 5093 et
1250 5019 1314 5091 sub
1340 5016 1505 5109 parochia
1540 5015 1706 5099 eeclesiae
1733 5016 1777 5091 de

230 5144 479 5236 Jasszona,
498 5143 596 5216 cuius
613 5144 737 5217 haeres
754 5138 1376 5233 DohrogoeciueOdrzywolsky,
1394 5137 1437 5212 de
1451 5137 1561 5210 'arada
1579 5135 1777 5231 Nalpecz,

229 5267 267 5340 in
295 5271 479 5358 quaeunt
514 5269 591 5337 octo
625 5263 718 5337 lanei
753 5262 1007 5353 emethoneles,
1038 5260 1233 5350 dequibus
1268 5259 1427 5331 omnihus
1463 5257 1610 5332 solvitur
1643 5257 1778 5330 decim

229 5387 458 5491 manipularis
484 5393 521 5460 et
544 5405 608 5486 per
635 5390 784 5483 quatuor
813 5384 953 5482 ierugas
988 5381 1164 5478 canapalis
1198 5379 1457 5457 vicedecanatui
1490 5377 1778 5474 Sandomirieusi,
